2642 3923
1139 201 1199 254 P.
1231 205 1530 254 197—206.
1586 263 1598 276 ο
2232 196 2355 250 LXI

327 341 488 394 ‘corn
519 339 578 392 in
605 341 956 409 despoliatus,
986 339 1086 394 sed
1115 338 1240 408 syll.
1260 340 1327 393 de
1355 339 1545 393 deleta
1572 340 1681 393 est'
1713 337 1769 392 Μ
1801 339 1971 406 nolus,
1998 338 2164 405 Bait,
2193 338 2352 405 Boot,

324 410 546 480 Tyr-rell
575 426 661 481 ep.
685 417 806 465 300.
827 442 897 452 -
917 417 985 464 30
1012 412 1179 465 simul
1204 411 1303 464 hoe
1332 409 1388 476 C,
1407 409 1617 476 Baiter,
1646 409 1929 477 Wesenb„
1948 409 2238 463 Lehmann
2267 425 2351 477 ep.

324 482 423 536 sel.
453 482 532 535 III
561 486 610 549 5,
648 488 711 536 tu
760 484 893 551 post
946 482 1111 535 simul
1163 480 1292 534 add.
1332 479 1561 549 Victor.,
1597 479 1756 548 Boot,
1805 479 2048 548 Tyrrell,
2100 481 2151 534 si
2185 481 2354 533 multo

321 555 420 607 hoe
447 552 522 620 M,
552 554 741 607 simitu
769 552 974 606 Buech.
1004 569 1143 606 mue.
1173 550 1350 605 Rhen.
1382 551 1458 604 XI
1484 568 1538 622 p.
1562 556 1663 604 509
1686 568 1824 619 sqq.,
1854 551 2075 605 Ritschl
2101 550 2163 604 in
2189 549 2349 604 Reiff.

325 623 478 677 Suet.
507 622 667 691 reliq.
744 666 755 677 .
786 628 890 676 500
918 641 990 690 n.,
1031 622 1131 676 sed
1170 640 1214 676 v.
1257 621 1476 675 Vahlen
1514 621 1816 676 Comment.
1856 622 1916 675 in
1942 621 2070 677 hon.
2100 621 2351 675 Momm&

326 713 381 764 p.
413 699 532 748 668.
597 696 617 763 ΙΙ
732 730 751 749 .
791 693 930 748 203.
969 700 1000 746 2
1039 700 1089 747 et
1126 692 1253 746 add.
1293 693 1565 760 Lambin.,
1601 691 1882 760 Wesenb,
1919 692 2079 759 Boot,
2117 690 2352 762 Tyrrell.

323 795 394 805 —-
430 772 466 819 4
501 781 601 819 nos
635 767 770 834 post
812 766 983 818 armis
1030 763 1159 818 add.
1198 763 1480 830 Wesenb.,
1516 763 1676 831 Boot,
1714 762 1932 832 Tyr-rell
1967 762 2199 833 probab.
2264 762 2355 815 Ad

324 855 377 905 p.
411 840 459 890 8.
496 843 576 889 19.
616 867 685 876 —
725 841 791 888 23
815 851 896 903 sq.
934 836 1117 903 ipsum
1151 836 1234 889 rei
1262 852 1321 903 p.
1361 842 1437 889 est
1465 835 1862 903 perniciosum.-
1895 835 1992 902 sic,
2027 851 2058 889 o
2096 851 2184 888 ma
2260 851 2356 887 um

324 907 562 960 malum!
606 912 774 975 putat
823 906 1027 974 aliquis
1076 904 1392 973 Lehmann,
1454 922 1500 958 v.
1549 910 1621 958 24
1673 907 1753 959 sio
1801 905 1946 959 malo
1997 904 2137 959 coni.
2243 906 2353 970 oot,

325 976 391 1030 H.
422 977 487 1031 A.
518 976 675 1030 Koch
709 975 930 1030 ‘PhiloL
960 975 1137 1029 Anzei
1180 980 1257 1029 er'
1297 981 1433 1028 1874
1459 993 1514 1045 p.
1544 981 1665 1042 496,
1697 974 1927 1029 Starker
1946 975 2164 1029 dissert.
2195 973 2352 1027 Vrat.

329 1053 463 1102 1882
502 1047 643 1101 thes,
674 1047 768 1115 ΠΙ,
807 1044 939 1102 Otto
975 1063 1116 1101 mus,
1195 1046 1321 1100 hen.
1356 1051 1493 1100 1886
1529 1063 1583 1116 p.
1606 1052 1727 1114 369,
1764 1046 1937 1115 Tyrr.,
1973 1047 2066 1100 sie.
2092 1045 2151 1099 Ο.
2175 1045 2352 1112 codd,

325 1136 452 1172 cum
489 1134 651 1172 cruce
685 1117 964 1186 Wesenb.,
1001 1119 1208 1186 ipsum,
1253 1118 1404 1184 dieo,
1438 1134 1697 1187 maynum
1732 1115 1981 1185 Ernesti,
2018 1117 2238 1185 Baiter,
2275 1117 2355 1170 sie

322 1189 482 1244 Boot.
533 1219 603 1230 ——
658 1194 724 1241 27
776 1190 979 1258 inquis
1027 1187 1130 1254 Μ’,
1180 1185 1462 1256 Ψθεθηὶ).,
1498 1188 1666 1255 Boot,
1722 1187 1966 1256 Tyrrell,
2017 1189 2201 1256 inquit
2248 1185 2350 1252 M1,

323 1259 533 1327 Baiter,
570 1258 874 1313 Lehmann.
942 1258 1022 1313 Cf.
1063 1259 1138 1312 ad
1172 1276 1225 1328 p.
1255 1264 1377 1313 443.
1418 1263 1501 1313 28.
1540 1289 1607 1298 —
1638 1263 1703 1311 31
1743 1261 1857 1312 iam
1885 1258 1970 1312 ed.
1999 1259 2160 1324 Iena,
2190 1257 2349 1310 Lam-

323 1331 454 1399 bin.,
493 1330 756 1384 Wesenb.
804 1329 884 1385 cf.
912 1334 1108 1399 p.489.
1134 1335 1216 1383 16.
1245 1360 1315 1370 —
1353 1334 1421 1382 36
1459 1346 1635 1384 annos
1665 1331 1839 1383 decem
1873 1328 2106 1396 lENOP‚
2143 1328 2351 1395 Lehm.,

326 1404 500 1456 decem
527 1418 704 1455 annos
731 1400 878 1471 vulg.
925 1403 944 1470 ΙΙ
999 1401 1069 1454 P.
1082 1398 1262 1454 204.3
1289 1401 1426 1454 habe
1452 1407 1514 1455 tu
1532 1416 1578 1468 c,
1607 1400 1774 1470 vulg„
1801 1399 2078 1468 habetM1,
2096 1401 2232 1454 habe
2249 1398 2351 1466 M2,

325 1473 533 1527 Baiter.
601 1471 682 1526 Of.
715 1471 789 1524 ad
814 1490 869 1541 p.
903 1476 1021 1526 188.
1052 1477 1137 1524 30.
1200 1502 1271 1511 -
1332 1471 1413 1524 Ib.
1449 1478 1696 1525 nostrum
1739 1470 1917 1536 codd,
1954 1471 2171 1538 Baiter,
2208 1469 2348 1523 Leh-

325 1559 511 1597 mann.
548 1573 618 1584 -
657 1549 723 1596 12
762 1559 809 1596 v.
841 1540 903 1596 Ο.
940 1542 1003 1595 Ε.
1035 1540 1290 1595 Schmidt
1329 1542 1462 1595 ‘Der
1496 1541 1912 1595 Briefwechsel‘
1955 1559 2010 1611 p.
2043 1547 2161 1609 114,
2201 1541 2358 1594 XIV

326 1616 457 1668 Kal.
490 1613 652 1668 Febr.
691 1612 901 1680 Baiter,
929 1612 1191 1667 Wesenb.
1230 1643 1300 1653 —
1342 1618 1408 1665 18
1444 1629 1613 1681 neque
1650 1614 1784 1682 quid
1820 1611 1907 1680 10,
1945 1611 2235 1666 Lehmann
2264 1628 2348 1680 ep.

327 1684 423 1740 sel.
454 1684 532 1738 ΠΙ
562 1690 610 1752 7,
647 1701 716 1738 ne
752 1685 886 1753 quid
922 1683 1045 1747 ΡΜ,
1079 1700 1178 1738 nec
1214 1685 1348 1752 quid
1376 1683 1524 1753 vulg.
1564 1715 1631 1724 —
1670 1690 1737 1737 20
1769 1684 1983 1737 Gnaeus
2016 1683 2176 1750 Boot,
2213 1682 2353 1736 item

327 1762 445 1810 212.
478 1761 565 1822 24,
595 1760 716 1809 216.
747 1759 832 1823 28,
863 1760 983 1808 217.
1013 1760 1045 1807 3
1084 1756 1144 1808 et
1179 1759 1264 1819 26,
1295 1759 1414 1809 218.
1444 1760 1480 1807 4
1509 1756 1613 1807 etc.
1644 1786 1713 1795 —
1742 1760 1808 1806 22
1836 1761 2114 1808 coartatus
2149 1755 2351 1823 (cohor-

325 1828 492 1897 tatus)
520 1832 572 1880 et
596 1832 818 1894 stupens
845 1824 948 1893 Μ’,
976 1824 1186 1893 Baiter,
1214 1825 1494 1892 Wesenb.,
1524 1824 1742 1893 Tyrrell
1772 1841 1857 1894 ep.
1895 1830 2016 1891 303,
2044 1824 2350 1891 Lehmann,

326 1929 392 1938 —
441 1897 536 1953 sed
586 1898 702 1968 (set)
759 1903 981 1966 stupens
1032 1898 1269 1967 (stupent
1317 1895 1425 1967 M1)
1479 1895 1651 1948 ceteri
1701 1894 1879 1960 codd,
1930 1902 2207 1950 coartatus
2259 1902 2348 1950 est.

325 1970 557 2038 Stupent
604 1967 788 2035 Klotz,
837 1967 983 2022 Boot
1024 1965 1270 2038 (observ,
1313 1986 1369 2037 p.
1413 1969 1520 2037 52),
1558 1973 1834 2021 coartatus
1879 1968 2023 2021 sedet
2071 1973 2122 2021 et
2173 1974 2354 2035 stupet

327 2039 456 2094 Otto
484 2056 625 2093 mus,
655 2038 832 2092 Rhen.
857 2043 993 2091 1886
1019 2056 1075 2109 p.
1097 2044 1199 2092 369
1220 2055 1321 2107 sq„
1350 2039 1696 2093 contionatus
1713 2044 1790 2091 est
1816 2038 1938 2106 (aut
1956 2038 2353 2107 contionatur).-

325 2117 543 2180 stupent
578 2111 703 2179 (aut
736 2117 786 2164 et
821 2113 1058 2180 stupent)
1084 2109 1374 2163 Lehmann
1411 2107 1664 2173 Quaestt.
1691 2125 1746 2177 p.
1781 2113 1881 2160 132
1903 2124 1986 2176 sq.
2014 2139 2085 2147 —
2122 2113 2188 2160 22
2227 2124 2349 2161 con-

326 2183 493 2236 sistet
519 2180 689 2248 Wes„
726 2179 886 2247 Boot,
923 2180 1079 2249 Tyrr.
1109 2195 1223 2233 non
1257 2179 1417 2235 bene.
1467 2178 1532 2234 V.
1562 2178 1752 2233 Lehm.
1790 2210 1860 2219 —
1899 2183 1966 2232 28
1997 2176 2075 2232 Of.
2099 2177 2354 2232 Schmidt

332 2251 466 2305 ‘Der
500 2250 917 2305 Briefwechsel'
959 2268 1014 2319 p.
1040 2257 1140 2305 114
1154 2267 1293 2319 sqq„
1332 2253 1395 2304 in
1432 2250 1741 2319 Campania
1775 2266 1951 2304 mense
1985 2250 2111 2303 Ian.
2140 2248 2348 2303 Baiter.

332 2353 401 2362 —
431 2327 497 2375 30
534 2328 609 2376 est
641 2320 778 2376 hoc?
815 2324 883 2388 Σ,
928 2323 1027 2376 hoe
1062 2321 1177 2376 est?
1215 2327 1282 2388 A,
1323 2321 1446 2376 edd.
1504 2320 1568 2375 V.
1608 2320 1796 2375 Lehm.
1826 2321 1945 2374 Att.
1975 2337 2030 2391 p.
2050 2325 2135 2374 47.
2176 2351 2246 2361 -
2283 2327 2347 2374 31

331 2393 632 2446 Anconam
658 2408 771 2446 non
799 2391 1011 2460 scribit,
1049 2393 1149 2446 sed
1175 2392 1381 2461 probat
1407 2392 1564 2446 Boot.
1614 2390 1695 2446 Cf.
1723 2409 1778 2462 p.
1803 2396 1922 2445 215.
1945 2397 1993 2445 9.
2040 2393 2059 2461 ΙΙ
2114 2392 2184 2446 Ρ.
2213 2390 2349 2446 205.

330 2470 364 2515 4
401 2464 572 2518 Num
604 2464 882 2518 honestum
925 2462 1028 2530 Μ’,
1066 2462 1284 2533 Tyrrell
1332 2479 1418 2533 ep.
1457 2469 1587 2530 304,
1633 2462 1834 2533 [num]
1869 2462 2037 2529 Boot,
2084 2463 2225 2517 nisi
2258 2463 2350 2516 ho-

327 2541 536 2589 nestum
570 2533 655 2586 Μι
692 2536 843 2604 (post
885 2535 1163 2588 honestas
1205 2537 1273 2587 ut
1314 2534 1391 2588 ib.
1428 2535 1569 2588 nisi
1612 2534 1709 2586 ubi
1751 2536 1882 2602 post
1927 2534 2228 2602 diynitas3
2279 2532 2353 2585 ad

326 2624 378 2675 p.
410 2611 493 2660 24.
524 2606 594 2675 8).
633 2636 701 2644 —
742 2611 808 2657 10
837 2605 1101 2659 lucrativo
1130 2604 1308 2672 codd,
1347 2603 1491 2671 edd.,
1527 2603 1798 2674 Nipperd.
1839 2602 2041 2673 Opusc.
2070 2620 2124 2673 p.
2163 2609 2229 2656 89
2251 2620 2351 2671 sq„

326 2677 666 2731 Lucretium
712 2676 926 2742 Faern„
976 2674 1212 2728 Schiche
1264 2691 1449 2746 progr.
1488 2673 1670 2728 Berol.
1712 2679 1848 2728 1883
1894 2692 1948 2744 p.
1987 2680 2057 2727 24
2100 2674 2351 2744 probab.,

326 2748 597 2802 matutino
640 2746 728 2799 Fr.
769 2745 1025 2799 Schmidt
1062 2746 1305 2799 ‘Blatter
1339 2745 1378 2799 f.
1419 2746 1470 2800 d.
1508 2745 1637 2814 bay.
1681 2743 1881 2799 G.-W.’
1917 2744 1996 2797 XI
2029 2762 2084 2815 p.
2126 2750 2244 2798 115.
2283 2776 2353 2785 —

330 2823 392 2871 11
433 2820 493 2871 et
526 2822 647 2870 440.
679 2821 765 2884 21,
795 2822 912 2870 462.
944 2828 974 2870 3
1013 2818 1214 2872 ntilies
1240 2816 1520 2884 Wesenh,
1557 2816 1717 2884 Boot,
1754 2815 1907 2869 idem
1933 2817 2087 2870 toties
2116 2820 2235 2870 206.
2267 2821 2351 2883 33,

327 2894 446 2942 249.
477 2893 562 2955 27,
611 2890 816 2956 quoties
852 2893 973 2943 221.
1002 2893 1051 2954 5,
1090 2893 1209 2941 339.
1242 2893 1327 2955 12,
1368 2892 1488 2941 357.
1511 2892 1560 2954 9,
1607 2887 1892 2955 aliquoties
1921 2891 2147 2954 537.19,
2192 2887 2355 2941 vicies

328 2965 444 3014 323.
488 2965 569 3013 17.
643 2957 735 3011 Ad
777 2957 911 3013 fam.
939 2976 995 3028 p.
1025 2963 1072 3012 9.
1105 2963 1153 3013 7.
1201 2989 1271 2999 -
1331 2964 1394 3011 17
1427 2975 1514 3012 σοι
1543 2956 1777 3022 Victor.,
1825 2956 2000 3027 vulg.,
2046 2956 2362 3028 †0000N

327 3029 471 3084 Bait.
495 3045 578 3083 ez.
601 3027 676 3096 M,
706 3029 872 3083 τόσον
900 3028 1075 3097 Tyr-r„
1114 3026 1515 3099 συστοχάζομαί
1543 3045 1630 3081 σοι
1657 3028 1799 3083 coni.
1827 3027 1987 3081 Boot.
2008 3058 2076 3067 —
2110 3034 2174 3080 21
2206 3030 2351 3081 veni-

325 3108 458 3156 rent.
492 3099 647 3167 edd.,
695 3115 1038 3167 quamquam
1084 3116 1197 3153 non
1243 3100 1484 3153 multum
1529 3099 1779 3153 interest.
1827 3128 1897 3140 -·
1961 3104 2028 3151 23
2050 3115 2131 3166 sq.
2175 3099 2356 3153 ‘Fecit

331 3172 704 3226 Themistocles
712 3192 734 3237 ,·
769 3172 994 3239 fluctum
1032 3202 1094 3210 -
1130 3173 1384 3239 poterat)
1453 3170 1620 3238 Bait,
1656 3169 1815 3223 Boot.
1856 3199 1925 3210 —
1972 3174 2040 3222 26
2078 3176 2137 3224 et
2178 3172 2355 3224 nostri

325 3241 649 3308 Buecheler,
671 3241 837 3308 Bait„
857 3241 1016 3295 Boot.
1038 3272 1107 3281 —
1128 3248 1192 3295 31
1215 3243 1470 3295 isticine
1487 3239 1657 3308 Wea,
1678 3240 1921 3295 isticoine
1939 3240 2093 3308 Tyrr.
2134 3240 2193 3294 Si
2213 3256 2352 3323 opas

326 3316 492 3381 esset,
520 3311 865 3382 praeferrem
890 3313 1040 3367 istin.
1081 3310 1192 3366 Sed
1221 3312 1288 3365 cf.
1309 3329 1366 3382 p.
1391 3316 1506 3365 172.
1540 3317 1624 3378 11,
1644 3310 1767 3365 Ter.
1797 3309 2001 3364 Heaut.
2031 3316 2133 3364 396
2154 3311 2354 3365 Nesew

324 3385 468 3440 alias
477 3404 499 3451 ;
545 3401 626 3437 me
672 3384 889 3452 quidem
932 3399 1136 3452 semper
1169 3385 1279 3437 seio
1314 3384 1502 3449 fecisse
1537 3383 1750 3449 sedulo,
1787 3381 1862 3434 ib.
1898 3386 2032 3435 1038
2070 3382 2155 3435 Di
2190 3383 2355 3435 istaec

318 3456 675 3525 prohibeant!
735 3453 883 3509 Deos
909 3456 1118 3521 nesano,-
1153 3470 1264 3524 eqo,
1300 3455 1444 3522 quod
1466 3460 1671 3522 potero,
1706 3452 1909 3520 sedulo,
1946 3467 2050 3504 nec
2076 3453 2160 3505 ita
2190 3451 2353 3504 dissi-

322 3525 456 3581 mile
509 3543 566 3596 p.
607 3530 727 3579 288.
771 3530 837 3578 16
883 3526 1005 3579 istic
1041 3532 1194 3594 puto.
1260 3528 1278 3593 ΙΙ
1342 3525 1413 3579 P.
1452 3524 1591 3579 206.
1638 3530 1673 3576 4
1728 3523 2027 3588 deferatur
2071 3521 2351 3586 Wesenb.,
