2642 3923
301 186 355 248 4
950 185 1023 240 Μ.
1062 184 1278 239 TULLI
1313 183 1690 240 CICERONIS

310 329 698 394 litteraruml
763 327 907 413 Ego
945 329 1021 393 de
1057 331 1216 392 meis
1255 328 1335 392 ad
1371 333 1436 392 te
1471 328 1833 392 rationibus
1876 329 2105 413 scripsi
2142 333 2331 393 antea

311 417 667 502 diligenter.
794 415 937 481 Hoc
1016 420 1305 500 tempore
1388 413 1762 502 Catilinam,
1841 417 2329 500 competitorem

310 510 627 591 nostrum,
673 504 1004 570 defendere
1049 505 1425 590 cogitamus,
1497 469 1762 569 Iudices
1790 503 2129 595 habemus
2165 527 2329 590 quos

312 593 661 677 voluimus,
732 614 983 658 summa
1054 593 1442 658 accusatoris
1506 592 1855 658 voluntate.
1970 558 2199 695 Spero,
2273 594 2330 658 si

312 682 648 746 absolutus
703 681 854 768 erit,
906 681 1410 746 coniunctiorem
1464 680 1649 745 illum
1701 680 1891 746 nobis
1936 681 2074 746 fore
2118 681 2190 746 in
2232 703 2329 746 ra·
2383 708 2410 748 ε

311 770 488 835 tione
542 770 905 855 petitionis3
969 771 1070 835 sin
1125 771 1312 834 aliter
1368 769 1693 854 acciderit,
1753 769 2120 834 humaniter
2171 770 2327 835 fere-

312 881 474 923 mus.
525 857 664 923 Tuo
694 858 970 923 adventu
994 858 1186 923 nobis
1224 880 1388 943 opus
1426 862 1526 923 est
1560 862 1841 942 matur03
1877 881 2027 922 nam
2061 879 2328 943 prorsus

301 956 563 1011 ‘summa
623 946 958 1011 hominum
1020 951 1119 1010 est
1184 947 1401 1031 opinio
1465 950 1614 1010 tuos
1677 946 2024 1011 familiares
2077 947 2328 1012 nobiles

310 1033 604 1100 homines
669 1034 1065 1100 adversarios
1127 1034 1360 1099 honori
1418 1038 1643 1099 nostro
1707 1036 1859 1099 fore.
1951 1033 2054 1098 Ad
2107 1056 2330 1099 eorum

312 1123 711 1187 voluntatem
764 1123 926 1187 mihi
979 1123 1439 1188 conciliandam
1502 1122 1781 1186 maximo
1845 1126 1910 1186 te
1968 1123 2128 1186 mihi
2180 1125 2328 1188 usui
2355 1149 2412 1189 ιο

311 1211 449 1275 fore
510 1211 711 1275 video,
821 1210 1028 1287 Quare
1089 1209 1389 1276 Ianuario
1453 1232 1697 1295 mense,
1768 1213 1843 1275 ut
1914 1211 2332 1297 constituisti,

312 1321 466 1364 cura
509 1304 583 1364 ut
627 1298 870 1364 Romae
917 1300 1023 1364 sis.

1262 1563 1378 1629 ΠΙ.

869 1683 984 1741 Ser.
1024 1685 1231 1740 Romae
1265 1702 1346 1740 ex.
1386 1701 1437 1740 a.
1478 1687 1591 1739 687
1629 1686 1770 1752 (67).
2358 1695 2413 1737 ιε

950 1806 1205 1863 CICERO
1243 1805 1505 1862 ATTICO
1545 1805 1694 1862 SAL.

446 1914 679 1981 Aviam
721 1920 902 1982 tuam
948 1916 1109 1982 scito
1157 1916 1470 1981 desiderio
1517 1916 1615 1981 tui
1670 1918 1991 1981 mortuam
2045 1937 2209 2002 esse,
2264 1920 2331 1982 et

313 2005 507 2068 simul
561 2006 734 2090 quod
785 2006 990 2070 verita
1046 2005 1159 2090 sit,
1213 2027 1293 2069 ne
1339 2004 1607 2069 Latinae
1651 2004 1721 2068 in
1768 2005 1979 2070 officio
2024 2026 2156 2070 non
2200 2027 2330 2069 ma-

311 2098 537 2157 nerent
573 2098 639 2158 et
674 2094 745 2158 in
777 2098 1062 2158 montem
1100 2092 1426 2157 Albanum
1461 2093 1709 2157 hostias
1754 2114 1887 2157 non
1932 2093 2328 2159 adducerent.

310 2180 473 2246 Eius
527 2182 621 2246 rei
675 2181 1178 2247 consolationem
1230 2181 1311 2245 ad
1364 2184 1429 2245 te
1483 2180 1551 2245 L.
1600 2178 1928 2245 Saufeium
1980 2182 2328 2246 missurum
2358 2209 2412 2248 20

312 2290 451 2334 esse
506 2269 801 2335 arbitror.
894 2268 1031 2333 Nos
1086 2269 1192 2334 hic
1245 2274 1310 2334 te
1361 2269 1442 2333 ad
1487 2291 1769 2333 mensem
1812 2267 2182 2334 Ianuarium
2226 2292 2329 2335 ex-

312 2361 673 2442 spectamus
732 2380 810 2422 ex
865 2358 1139 2442 quodam
1193 2379 1448 2422 rumore
1503 2380 1586 2421 an
1638 2380 1716 2422 ex
1769 2357 2007 2422 litteris
2061 2358 2193 2422 tuis
2249 2358 2330 2422 ad

312 2445 473 2510 alios
515 2446 759 2532 missis3
802 2469 953 2511 nam
1000 2446 1079 2511 ad
1123 2469 1223 2511 me
1269 2446 1347 2511 de
1393 2468 1467 2511 eo
1512 2446 1678 2510 nihil
1723 2446 2055 2529 scripsisti.
2131 2444 2329 2531 Signa

311 2555 474 2618 quae
517 2534 707 2599 nobis
754 2535 1012 2620 curasti,
1058 2556 1130 2599 ea
1173 2539 1325 2599 sunt
1361 2534 1440 2598 ad
1482 2532 1768 2599 Caietam
1805 2534 2113 2618 exposita.
2187 2533 2327 2600 Nos

311 2644 386 2686 ea
436 2643 570 2687 non
621 2623 924 2707 vidimus3
979 2645 1184 2707 neque
1239 2623 1409 2686 enim
1462 2622 1731 2687 exeundi
1775 2621 1984 2686 Roma
2036 2626 2327 2707 potestas
2356 2649 2408 2689 25

309 2711 499 2775 nobis
554 2711 695 2775 fuit.
795 2710 1123 2796 Misimus,
1186 2711 1297 2795 qui
1356 2732 1472 2794 pro
1530 2715 1789 2774 vectura
1843 2711 2136 2776 solveret.
2238 2710 2328 2776 Te

311 2800 587 2863 multum
633 2821 948 2886 amamus,
1001 2799 1171 2883 quod
1226 2820 1300 2864 ea
1346 2799 1460 2863 abs
1508 2802 1573 2862 te
1618 2798 1957 2883 diligenter
2002 2820 2328 2884 parvoque

312 2892 533 2952 curata
580 2892 746 2952 sunt.

445 2974 629 3052 Quod
673 2976 751 3040 ad
796 2997 898 3040 me
944 2997 1130 3059 saepe
1175 2944 1495 3059 scripsisti
1548 2974 1623 3038 de
1672 2978 1898 3038 nostro
1947 2974 2149 3039 amico
2193 2976 2329 3060 pla-

313 3065 538 3150 cand0,
591 3064 714 3129 feci
759 3068 825 3129 et
871 3067 1171 3148 expertus
1219 3085 1363 3127 sum
1408 3062 1649 3147 omnia,
1695 3063 1807 3128 sed
1847 3062 2212 3128 mirandum
2257 3064 2327 3129 in
2354 3091 2409 3130 ao

313 3153 572 3216 modum
625 3156 725 3217 est
779 3151 991 3215 animo
1049 3151 1425 3216 abalienato.
1517 3114 1764 3226 Quibus
1819 3150 1895 3217 de
1951 3152 2328 3235 suspicioni-

314 3241 435 3305 bus
490 3241 613 3304 etsi
668 3240 918 3304 audisse
973 3244 1038 3304 te
1091 3239 1397 3324 arbitror,
1452 3243 1668 3305 tamen
1723 3261 1800 3303 ex
1854 3261 1982 3324 me,
2036 3262 2180 3305 cum
2226 3262 2327 3305 ve-

311 3329 501 3413 neris,
547 3348 907 3411 cognosces.
999 3326 1379 3392 Sallustium
1432 3332 1829 3412 praesentem
1874 3328 2214 3393 restituere
2257 3329 2328 3393 in

315 3415 449 3480 eius
504 3420 781 3481 veterem
836 3416 1113 3501 gratiam
1169 3437 1301 3480 non
1356 3416 1555 3500 potui.
1644 3415 1788 3481 Hoc
1841 3417 1919 3480 ad
1969 3421 2034 3481 te
2080 3417 2327 3505 scripsi,

315 3503 483 3587 quod
538 3502 593 3568 is
649 3511 749 3567 me
803 3525 1094 3569 accusare
1149 3503 1225 3567 de
1283 3508 1348 3569 te
1402 3504 1666 3570 solebat.
1765 3504 1843 3569 In
1895 3526 1963 3569 se
2015 3510 2317 3588 expertus
2354 3532 2408 3572 35
