2642 3923
615 226 1128 282 EPISTULARUM
1162 226 1262 281 AD
1300 226 1627 283 ATTIOUM
1662 227 1765 281 VH
1804 216 2029 283 15—17.
2202 228 2333 292 213

1225 457 1435 524 XVII.

574 579 689 636 Ser.
727 581 792 635 im
828 578 1134 634 Formiano
1170 579 1267 634 IV
1297 580 1448 634 Non.
1488 580 1652 636 Febr.
1691 597 1743 635 a.
1785 583 1894 636 705
1931 583 2070 649 (49).

910 701 1200 758 CICERO
1235 702 1530 759 ATTICO
1566 704 1728 758 SAL.

444 812 619 877 Tuae
674 811 931 876 litterae
989 810 1152 876 mihi
1210 815 1434 896 gratae
1488 810 1928 896 iucundaeque
1974 818 2142 877 sunt.
2233 812 2398 879 Dei

255 925 285 967 5
310 903 529 986 pueris
600 900 672 964 in
739 897 1069 965 Graeciam
1135 899 1656 983 transportandis
1729 904 1871 964 tum
1947 901 2334 988 cog’i,tabam

311 1012 458 1055 cum
478 989 658 1091 ’fuga
711 1008 787 1052 ex
831 984 1024 1052 Italia
1078 988 1298 1071 quaeri
1354 987 1706 1052 videbatur.
1800 986 1939 1052 Nos
2001 989 2172 1054 enim
2217 989 2332 1054 Hi-

313 1077 602 1162 spaniam
654 1080 1039 1160 peteremus3
1107 1075 1240 1140 illis
1297 1074 1422 1140 hoc
1482 1097 1682 1161 aeque
1738 1078 2141 1142 commodum
2198 1100 2331 1143 non

313 1170 465 1231 erat.
564 1164 664 1229 Tu
722 1165 862 1248 ipse
923 1185 1070 1229 cum
1131 1161 1328 1229 Sexto
1390 1164 1586 1229 etiam
1642 1186 1813 1229 nunc
1872 1165 2036 1229 mihi
2093 1166 2331 1231 videris

311 1253 556 1319 Romae
598 1256 770 1318 recte
823 1273 961 1318 esse
1012 1273 1230 1337 posse3
1289 1253 1528 1317 etenim
1585 1253 1846 1317 minime
1907 1255 2094 1318 amici
2145 1253 2332 1319 Pom-

233 1368 285 1407 ιο
312 1344 457 1428 peio
501 1346 728 1407 nostro
785 1361 924 1406 esse
977 1340 1240 1405 debetis.
1333 1338 1541 1405 Nemo
1602 1342 1772 1406 enim
1833 1364 2136 1427 umquam
2193 1347 2332 1407 tan-

310 1436 453 1496 tum
500 1431 578 1495 de
621 1429 885 1494 urbanis
929 1429 1207 1512 praediis
1263 1429 1559 1494 detraxit.
1650 1428 1933 1495 Videsne
1986 1452 2087 1494 me
2135 1431 2330 1496 etiam

312 1519 555 1584 iocari?

449 1605 625 1673 Scire
658 1607 790 1671 iam
825 1610 892 1670 te
929 1609 1205 1691 oportet,
1249 1605 1318 1669 L.
1359 1603 1593 1670 Caesar
1631 1628 1793 1690 quae
1829 1628 2139 1691 responsa
2173 1608 2331 1672 refe-
2367 1623 2399 1671 2

312 1700 415 1761 rat
479 1718 518 1760 a
573 1693 909 1779 Pompeio,
972 1715 1131 1778 quas
1196 1693 1277 1758 ab
1343 1694 1564 1758 eodem
1629 1694 1710 1759 ad
1769 1691 2106 1760 Caesarem
2163 1696 2331 1760 ferat

236 1809 287 1849 15
314 1784 585 1849 litteras,
678 1780 967 1866 Scriptae
1013 1782 1182 1846 enim
1239 1786 1303 1846 et
1361 1782 1545 1846 datae
1598 1782 1692 1846 ita
1746 1787 1924 1869 sunt,
1981 1787 2056 1847 ut
2102 1804 2331 1867 propo-

311 1876 617 1938 nerentur
673 1872 742 1936 in
799 1870 1075 1955 publico.
1174 1869 1253 1933 In
1320 1891 1449 1953 quo
1520 1872 1809 1935 accusavi
1876 1891 2124 1935 mecum
2192 1873 2331 1955 ipse

311 1960 714 2047 Pompeium,
759 1960 895 2046 qui,
941 1981 1086 2024 cum
1130 1958 1407 2043 scriptor
1451 1959 1815 2024 luculentus
1862 1965 2058 2044 esset,
2111 1965 2327 2028 tantas

312 2072 415 2115 res
452 2054 646 2134 atque
681 2071 806 2134 eas,
852 2069 1014 2133 quae
1057 2048 1128 2112 in
1164 2049 1453 2112 omnium
1490 2069 1718 2112 manus
1755 2053 2061 2113 venturae
2096 2053 2331 2135 essent,

316 2138 528 2203 Sestio
562 2142 788 2202 nostro
827 2136 1191 2202 scribendas
1229 2136 1488 2201 dederit.
1562 2135 1789 2220 Itaque
1822 2136 1987 2200 nihil
2024 2158 2328 2220 umquam

235 2252 287 2291 20
312 2227 443 2312 legi
490 2227 801 2310 scriptum
846 2223 1422 2311 σηστιωὸέστερον.
1512 2223 1797 2309 Pei-spici
1842 2230 2060 2290 tamen
2103 2246 2183 2290 ex
2222 2224 2328 2289 lit-

313 2316 471 2381 teris
513 2313 780 2398 Pompei
823 2317 1039 2397 potest
1082 2313 1247 2377 nihil
1293 2311 1550 2377 Caesari
1602 2312 1826 2398 negari
1881 2312 2222 2396 omniaque
2268 2313 2327 2378 ei

315 2403 665 2488 cumulate,
732 2423 894 2486 qnae
944 2401 1260 2487 postulet,
1326 2402 1480 2466 dari.
1573 2400 1746 2477 Quae
1804 2401 1915 2465 ille
1972 2401 2328 2466 amentissi-

314 2514 460 2556 mus
518 2492 714 2555 fuerit
766 2490 894 2554 nisi
948 2491 1285 2573 acceperit,
1354 2490 1731 2573 praesertim
1794 2511 1939 2554 cum
2000 2490 2135 2574 imp
2136 2490 2328 2555 uden-

297 2580 566 2645 tissime
609 2579 1046 2663 postulaverit.
1139 2576 1295 2653 Quis
1344 2579 1513 2642 enim
1558 2582 1633 2642 tu
1678 2599 1778 2664 es,
1823 2578 1935 2662 qui
1980 2577 2176 2643 dicas:
2225 2575 2328 2644 ‘Si

236 2693 286 2733 ιε
313 2669 384 2733 in
434 2667 816 2752 Hispaniam
868 2667 1194 2752 profectus
1249 2665 1398 2750 erit,
1462 2666 1518 2730 si
1577 2666 1890 2750 praesidia
1945 2665 2284 2731 dimiserit’
2293 2667 2327 2730 ‘?

314 2756 555 2821 Tamen
600 2755 965 2820 conceditur
1009 2755 1222 2819 minus
1267 2754 1537 2819 honeste
1581 2775 1751 2819 nunc
1797 2754 2051 2839 quidem
2088 2755 2329 2820 violata

313 2846 445 2909 iam
491 2844 571 2908 ab
617 2844 731 2908 illo
777 2866 846 2909 re
891 2844 1148 2927 publica
1200 2843 1510 2927 illatoque
1565 2843 1764 2928 bello,
1819 2864 2011 2927 quam
2067 2843 2124 2907 si
2170 2843 2326 2908 olim

317 2934 395 2998 de
438 2932 688 2997 ratione
730 2931 1023 2996 habenda
1067 2931 1491 3015 impetrasset.
1581 2930 1672 2995 Et
1717 2935 1935 2995 tamen
1969 2952 2211 3017 vereor,
2253 2935 2329 2996 ut

313 3021 418 3086 his
462 3021 621 3104 ipsis
667 3024 1007 3086 contentus
1053 3021 1157 3085 sit.
1247 3018 1449 3104 Nam,
1502 3041 1646 3083 cum
1700 3019 1828 3084 ista
1882 3020 2182 3084 mandata
2229 3019 2328 3084 de-

238 3134 289 3174 so
315 3110 515 3173 disset
577 3107 646 3173 L.
708 3106 992 3194 Caesari,
1064 3107 1285 3173 debuit
1349 3129 1486 3172 esse
1550 3108 1742 3191 paulo
1808 3107 2114 3194 quietior,
2176 3108 2329 3172 dum

313 3219 620 3281 responsa
680 3198 1097 3282 referrentur3
1165 3196 1399 3260 dicitur
1458 3200 1671 3260 autem
1737 3217 1906 3260 nunc
1965 3217 2103 3261 esse
2162 3217 2327 3260 acer-

313 3307 531 3350 rimus.

348 3423 351 3424 ⁷
447 3367 788 3439 Trebatius
826 3374 1083 3458 quidem
1128 3373 1355 3437 scribit
1402 3394 1469 3437 se
1506 3373 1588 3438 ab
1624 3372 1739 3436 illo
1776 3390 1928 3436 vnn
1964 3370 2105 3435 Kal.
2143 3371 2325 3435 Febr.
2365 3388 2399 3436 a

313 3467 614 3548 rogatum
659 3483 816 3548 esse,
858 3466 931 3526 ut
979 3461 1289 3527 scriberet
1326 3462 1406 3525 ad
1440 3483 1561 3545 me,
1605 3464 1680 3525 ut
1719 3481 1923 3525 essem
1960 3460 2039 3524 ad
2074 3459 2328 3542 urbem3

237 3575 287 3616 ³5
311 3551 479 3615 nihil
523 3550 583 3616 ei
628 3572 729 3616 me
775 3550 1023 3636 gratius
1081 3551 1287 3615 facere
1341 3571 1543 3634 posse.
1635 3547 1810 3613 Haec
1861 3548 2074 3612 verbis
2129 3547 2327 3631 pluri
