2642 3923
364 186 492 253 538
1000 186 1074 242 M.
1114 186 1329 241 TULLI
1365 184 1742 241 CICERONIS

360 332 694 396 hominum
740 331 960 396 infecti
1005 330 1298 414 partibus
1347 334 1411 394 et
1459 330 1668 394 exitus
1715 328 2122 412 proeliorum.
2214 328 2398 404 Quin

364 420 582 505 etiam,
639 421 712 502 si,
758 424 833 484 ut
881 441 1086 503 sper0,
1139 418 1498 503 vicerimuS,
1543 422 1761 482 tamen
1805 438 2105 501 magnam
2152 418 2396 502 guber-

361 510 688 573 nationem
734 509 833 571 tui
877 508 1129 572 consilii
1176 512 1452 591 tuaeque
1489 507 1892 571 auctoritatis
1930 528 2031 569 res
2070 506 2398 572 desidera·

362 597 477 661 bit.
579 594 859 661 Subveni
914 597 1144 682 igitur,
1207 618 1319 679 per
1375 596 1554 681 deOS,
1607 595 1801 679 idque
1854 617 2047 678 quam
2100 595 2396 678 primum

364 685 612 768 tibique
666 685 975 769 persuade
1019 706 1153 748 non
1197 689 1260 748 te
1307 682 1530 748 Idibus
1576 682 1853 768 Martiis,
1900 683 2136 766 quibus
2189 685 2397 748 servi-
2452 712 2482 753 5

362 777 570 837 tutem
615 796 652 837 a
697 774 828 837 tuis
876 773 1123 838 civibus
1169 773 1528 856 reppulisti,
1576 772 1721 855 plus
1769 772 2086 855 profuisse
2133 773 2397 855 patriae

365 882 582 947 quam,
637 862 693 925 si
746 865 996 926 mature
1041 862 1318 945 veneris,
1380 861 1804 944 profuturum.
1897 878 1944 923 V
1987 859 2140 925 Idus
2189 860 2397 936 Quin-

363 950 563 1014 ctiles.
1174 955 1179 959 ’

1301 1124 1442 1190 XV.

622 1246 736 1302 Ser.
770 1246 976 1301 Romae
1012 1246 1109 1301 eod
1155 1253 1311 1315 temp.
1343 1262 1447 1314 quo
1484 1262 1564 1315 ep.
1595 1245 1734 1300 XII
1762 1264 1813 1301 a.
1847 1250 1952 1301 711
1993 1249 2131 1316 (43).
2425 1261 2478 1301 ιο

1009 1368 1264 1424 CICERO
1303 1368 1549 1424 BRUTO
1588 1368 1735 1424 SAL.

298 1497 326 1547 1
497 1478 864 1543 Messallam
924 1477 1140 1542 habes
1234 1477 1486 1554 Quibus
1550 1478 1752 1563 igitur
1804 1479 2045 1543 litteris
2097 1483 2236 1543 tam
2291 1502 2394 1543 ac-

364 1572 581 1632 curate
626 1567 883 1650 seriptis
930 1567 1194 1650 adsequi
1240 1589 1533 1651 possum,
1589 1567 1891 1631 subtilius
1937 1572 2012 1632 ut
2056 1568 2394 1653 explicem,

367 1678 529 1741 quae
575 1660 905 1741 gerantur,
963 1677 1250 1739 quaeque
1297 1656 1431 1719 sint
1474 1655 1543 1718 in
1588 1677 1657 1719 re
1701 1655 1976 1740 publica,
2022 1678 2217 1739 quam
2262 1657 2391 1720 tibi

365 1746 422 1810 is
479 1749 779 1828 exponet,
835 1744 947 1827 qui
1001 1747 1066 1809 et
1121 1743 1365 1826 optime
1421 1743 1636 1807 omnia
1689 1743 1874 1808 novit
1928 1748 1994 1808 et
2039 1744 2392 1830 elegantis-
2419 1772 2470 1813 ιε

368 1834 526 1899 sime
590 1833 883 1916 expedire
947 1836 1011 1896 et
1073 1831 1315 1895 deferre
1380 1831 1460 1894 ad
1523 1836 1589 1896 te
1648 1832 1906 1915 potest?
1981 1830 2152 1898 Cave
2213 1834 2390 1897 enim

366 1922 723 2006 existimes,
782 1919 982 1985 Brute
1042 1919 1462 2006 (quamquam
1513 1942 1647 1985 non
1699 1942 1955 1985 necesse
2010 1925 2108 1986 est
2166 1943 2241 1986 ea
2285 1944 2390 1986 me

369 2013 448 2076 ad
494 2015 783 2097 te‚„quae
819 2009 942 2074 tibi
977 2014 1134 2073 nota
1172 2013 1344 2093 sunt,
1389 2010 1690 2095 scribere3
1738 2011 1847 2073 sed
1883 2014 2098 2074 tamen
2135 2015 2388 2075 tantam

370 2100 657 2165 omnium
714 2099 977 2163 laudum
1031 2097 1471 2162 excellentiam
1514 2120 1646 2163 non
1695 2119 1856 2181 queo
1906 2098 2164 2163 silentio
2210 2122 2391 2183 prae·

368 2186 590 2273 terire)
630 2209 781 2252 eave
815 2191 1003 2271 putes
1041 2186 1385 2271 probitate,
1422 2187 1799 2271 constantia,
1828 2208 1999 2273 cura,
2038 2187 2254 2252 studio
2291 2188 2389 2252 rei
2417 2216 2470 2255 20
2601 2178 2602 2253 Ῐ

368 2276 661 2362 publicae
708 2276 1047 2359 quiequam
1092 2275 1190 2338 illi
1236 2296 1376 2339 esse
1421 2275 1653 2357 simile,
1708 2279 1783 2338 ut
1829 2276 2211 2359 eloquentia,
2261 2298 2392 2360 qua

368 2365 752 2432 mirabiliter
797 2364 1066 2447 excellit,
1113 2364 1221 2427 vix
1264 2364 1335 2426 in
1381 2384 1454 2427 eo
1490 2363 1702 2428 locum
1738 2364 1817 2428 ad
1852 2363 2241 2428 laudandum
2278 2365 2393 2429 ha-

300 2476 303 2480 ·
370 2454 521 2518 bere
574 2453 892 2537 videatur3
957 2474 1346 2535 quamquam
1397 2451 1464 2514 in
1526 2452 1646 2516 hac
1689 2452 1831 2534 ipsa
1877 2453 2192 2536 sapientia
2235 2452 2389 2535 plus

371 2546 660 2626 apparet3
724 2542 817 2605 ita
871 2541 1053 2627 gravi
1114 2540 1349 2604 iudicio
1404 2540 1735 2624 multaque
1791 2544 1927 2605 arte
1988 2561 2057 2604 se
2102 2542 2391 2605 exercuit

368 2632 439 2695 in
500 2630 832 2694 verissimo
899 2650 1129 2713 genere
1183 2629 1446 2693 dicendi.
1538 2628 1745 2693 Tanta
1799 2633 2013 2693 autem
2067 2630 2392 2694 industria
2421 2659 2474 2700 25

371 2724 469 2783 est
523 2722 905 2801 tantumque
949 2717 1212 2802 evigilat
1257 2717 1326 2781 in
1374 2718 1615 2804 studio,
1672 2722 1746 2781 ut
1788 2739 1923 2781 non
1965 2719 2248 2783 maxima
2293 2719 2393 2783 in-

303 2915 334 2958 2
370 2807 1398 2978 {33¹⁰’323030rffieff052'3ffl
1446 2809 1823 2958 ἷῗὲῃὸξῖἒὶῖ
1851 2806 2395 2979 ῗὲὒξῖἒζοζῖῗιῗί

372 2988 469 3048 est
520 2983 672 3047 huic
730 2983 1069 3068 epistulae,
1130 2981 1501 3046 Messallam
1545 2987 1619 3046 ut
1664 2983 1948 3069 laudem,
2009 2984 2395 3067 praesertim

371 3073 449 3136 ad
494 3071 788 3157 Brutum,
830 3071 933 3135 cui
979 3075 1044 3135 et
1088 3071 1295 3135 virtus
1338 3071 1515 3135 illius
1562 3093 1692 3135 non
1736 3073 1949 3135 minus
1996 3094 2189 3155 quam
2225 3073 2396 3138 mihi
2424 3101 2476 3142 so
2601 3118 2602 3121 =

368 3165 525 3225 nota
590 3164 688 3224 est
753 3164 817 3223 et
881 3159 1037 3224 haec
1099 3161 1241 3243 ipsa
1306 3160 1546 3244 studia,
1610 3181 1773 3242 quae
1827 3160 2048 3247 laudo,
2110 3160 2391 3227 notiora.

372 3248 572 3324 Quem
619 3270 762 3313 cum
811 3271 848 3311 a
892 3270 994 3311 me
1039 3248 1371 3311 dimittens
1419 3248 1699 3333 graviter
1745 3247 1996 3333 ferrem,
2051 3248 2174 3312 hoc
2221 3249 2395 3314 leva-

370 3338 488 3401 bar
533 3358 681 3420 uno,
728 3337 900 3420 quod
947 3337 1025 3399 ad
1071 3341 1136 3399 te
1180 3341 1510 3420 tamquam
1557 3337 1638 3401 ad
1684 3337 1960 3403 alterum
1999 3359 2103 3401 me
2137 3339 2395 3421 profici-

372 3446 550 3489 scens
597 3429 663 3488 et
709 3424 921 3488 officio
968 3424 1361 3508 fungebatur
1398 3429 1462 3489 et
1497 3425 1751 3489 laudem
1788 3425 2131 3493 maximam
2170 3447 2398 3510 seque·

370 3512 578 3575 batur.
672 3510 794 3575 Sed
836 3511 992 3576 haec
1036 3513 1362 3577 hactenus
2427 3544 2482 3584 35
