2642 3923
313 174 436 228 LVI
949 173 1375 229 ADNOTATIO
1420 174 1703 229 CRITICA

314 315 413 368 des
458 314 654 384 philol.
695 313 950 369 Vereins'
996 319 1132 367 1888
1186 333 1239 384 p.
1290 319 1393 369 258
1439 316 1500 368 et
1537 314 2014 368 ‘Wochenschrift
2067 313 2105 368 f.
2162 312 2333 368 klass.

314 385 479 439 Phil.’
516 391 652 439 1896
731 428 742 439 .
777 392 893 439 197.
932 385 1022 437 Ad
1056 404 1110 455 p.
1143 391 1260 439 106.
1293 393 1341 440 9.
1370 416 1440 426 —
1470 392 1534 438 22
1572 392 1633 440 tu
1669 385 1855 454 potius
1886 401 2054 453 quam
2091 393 2189 441 aut
2225 402 2336 439 non

312 457 497 509 minus
534 456 678 509 mira
719 455 785 509 ili
813 456 1111 510 concordia
1139 456 1263 509 edd.
1293 459 1424 525 post
1450 456 1748 510 Ernestum
1784 458 1850 524 (v.
1880 456 2166 509 Lehmann
2201 455 2334 527 1.1.),

315 529 660 596 aliquantum
701 529 849 596 prof.
888 526 1103 580 Manut.
1151 527 1336 580 Multa
1391 529 1628 596 possunt
1674 526 1914 580 divinari
1959 527 2114 580 velut
2156 529 2337 595 facile,

315 599 436 664 cite,
475 606 643 652 caute.
683 629 753 639 —-
791 603 858 651 25
887 599 1111 667 possim
1156 598 1335 664 codd.,
1373 597 1590 666 Tyrrell
1625 613 1737 651 non
1765 614 1990 667 prorsus
2018 597 2336 665 intolerab.,

317 669 417 722 sed
453 668 568 722 veri
607 668 845 722 similius
884 670 973 722 est
1008 667 1228 722 codices
1258 684 1359 722 suo
1386 684 1539 723 more
1566 684 1780 722 errasse
1808 684 1980 735 quam
2016 667 2338 723 Ciceronem

318 742 513 792 contra
573 757 736 793 suum
792 755 1003 793 morem
1062 738 1367 809 scripsisse.
1444 738 1523 793 Cf.
1561 757 1615 808 p.
1667 745 1785 792 233.
1826 745 1908 793 27.
1948 770 2017 779 -
2065 744 2131 792 26
2169 747 2219 793 et
2262 741 2337 793 ad

314 811 500 864 wrbem
534 812 648 864 nisi
683 812 872 865 etesiae
907 809 1195 863 Lehmann
1234 808 1484 874 Quaestt.
1523 828 1576 879 p.
1610 815 1692 864 70.
1731 840 1801 850 -
1838 815 1904 862 27
1941 811 2153 877 reflant,
2191 811 2338 864 red-

315 882 413 934 ire
443 882 646 948 plane
685 883 805 935 volo
845 880 990 934 Boot
1027 880 1229 934 Mnem.
1273 886 1408 935 1892
1480 923 1490 933 .
1525 886 1643 934 120.
1682 911 1752 922 -
1788 880 1869 934 Ib.
1895 881 2061 949 plane
2089 884 2155 945 Σ,
2185 881 2336 948 Ant.,

315 951 377 1019 F,
407 949 566 1005 Card.
596 951 904 1021 (Lehmann
933 951 1049 1005 Att.
1069 969 1123 1021 p.
1157 957 1239 1017 16,
1258 954 1367 1020 47),
1474 950 1678 1018 esenb.,
1707 950 1866 1018 Boot,
1895 968 2000 1005 om.
2033 956 2098 1018 Δ,
2127 951 2336 1018 Baiter,

316 1021 550 1090 Tyrrell.
589 1053 658 1063 —
697 1028 761 1075 31
800 1024 912 1077 Issi
938 1022 1172 1089 Manut,
1209 1021 1492 1089 Wesenb.,
1530 1022 1688 1087 Boot,
1718 1021 1951 1090 Tyrrell,
1980 1038 2087 1076 esse
2114 1021 2188 1088 M,
2228 1039 2334 1076 om.

317 1092 523 1146 Baiter.
587 1095 607 1162 ΙΙ
668 1092 740 1147 Ρ.
776 1092 912 1147 182.
943 1099 974 1145 6
1020 1093 1103 1147 H.
1144 1093 1276 1146 Kal.
1317 1109 1349 1147 e
1385 1093 1547 1146 Torn.
1595 1091 1859 1146 Wesenb.
1899 1093 1989 1144 Ad
2032 1111 2084 1161 p.
2125 1098 2244 1146 269.
2285 1099 2335 1147 6.

317 1195 387 1204 -
425 1170 455 1217 9
494 1180 680 1227 meros
714 1163 935 1227 Muret,
971 1162 1190 1232 Tyrrell
1217 1179 1302 1233 ep.
1335 1169 1434 1217 281
1465 1180 1577 1216 11011
1604 1162 1943 1233 improbab.;
1981 1163 2081 1216 sed
2110 1163 2178 1217 cf.
2207 1181 2256 1217 v.
2288 1181 2334 1218 c.

316 1254 370 1305 p.
404 1240 520 1289 171.
554 1242 601 1301 1,
641 1234 715 1286 ad
753 1240 871 1288 188.
903 1239 988 1302 20,
1017 1240 1137 1288 504.
1170 1239 1250 1288 18.
1291 1265 1360 1274 -
1400 1241 1462 1287 11
1497 1235 1777 1288 Caesarem
1813 1234 1978 1287 inser.
2020 1236 2151 1287 ante
2186 1251 2335 1290 exer-

318 1308 484 1360 citum
521 1302 845 1372 Cratander,
882 1304 1099 1372 Bosius,
1136 1303 1420 1373 Wesenb.,
1465 1304 1623 1358 Boot.
1662 1335 1733 1346 -
1778 1309 1844 1357 18
1888 1306 2339 1359 vehementissimi

320 1374 571 1442 (ah-onom,
629 1376 719 1429 cui
783 1375 1089 1429 assentitur
1149 1375 1308 1443 Boot,
1372 1375 1605 1445 probab.
1670 1406 1742 1416 —
1795 1380 1861 1427 29
1929 1375 2130 1429 ‘Acute
2192 1375 2339 1429 vidit

319 1446 646 1500 Schuetzius
685 1445 1041 1500 scribendum
1077 1461 1199 1500 esse
1269 1463 1399 1500 uam
1437 1447 1667 1501 consul
1703 1446 1754 1499 d.
1776 1462 1817 1500 s.
1857 1448 1957 1499 aut
1990 1463 2155 1515 quam
2182 1447 2339 1500 olim

320 1520 475 1572 domo
510 1519 635 1572 sua’
667 1517 826 1584 Boot,
865 1518 1012 1571 domi
1056 1516 1183 1570 add.
1214 1464 1446 1585 ’ἔῃ-1011.
1503 1516 1624 1587 Ego
1651 1515 1847 1569 malim
1874 1519 1936 1570 in
1963 1517 2262 1571 consulatu.
2318 1518 2339 1589 Η

390 1588 459 1643 Ρ.
492 1588 628 1643 183.
669 1593 700 1641 8
757 1589 891 1657 quia
942 1587 1132 1654 Klotz,
1187 1586 1409 1656 Tyrrell
1462 1604 1546 1656 ep.
1586 1593 1715 1654 282,
1771 1586 1928 1656 prob.
1966 1587 2133 1655 Boot,
2197 1605 2338 1656 quae

320 1660 506 1726 codd.,
562 1659 738 1727 vulg.,
786 1657 916 1712 secl.
971 1665 1096 1712 tuae
1150 1657 1432 1724 Lambin.,
1487 1657 1694 1712 Baiter.
1779 1689 1849 1698 —
1942 1664 2004 1710 12
2065 1658 2150 1729 [et
2202 1659 2338 1729 tibi]

318 1729 600 1797 Wesenb.,
628 1730 785 1782 Boot.
825 1760 893 1769 —-
926 1735 991 1782 14
1029 1730 1361 1784 incommodi
1392 1727 1668 1798 Vollgraff
1700 1728 1854 1782 Stud.
1926 1729 2168 1798 alaeogr.
2201 1729 2334 1783 diss.

319 1799 495 1870 Lugd.
527 1800 651 1853 Bat.
682 1800 824 1853 thes.
846 1799 965 1866 XII,
1003 1799 1148 1853 Boot
1180 1799 1422 1853 fortasse
1448 1802 1626 1865 recte3
1664 1799 1765 1853 sed
1790 1817 1838 1853 v.
1906 1798 2044 1852 laut.
2067 1798 2189 1853 Cas.
2213 1805 2334 1854 200.

319 1903 389 1911 -
429 1876 494 1924 16
533 1877 588 1925 te
616 1872 800 1925 amavi
827 1870 968 1926 coni.
989 1870 1139 1925 Wes.
1163 1872 1222 1924 et
1247 1870 1406 1938 Boot,
1445 1887 1545 1924 scr.
1569 1870 1741 1939 Tyrr.,
1780 1871 1965 1924 amavi
1980 1869 2145 1937 Vict.,
2175 1869 2336 1938 Boot,

321 1959 447 1996 cum
484 1957 645 1996 cruce
672 1940 843 2010 Wes.,
881 1942 1114 1997 clamavi
1140 1940 1215 2009 M,
1254 1943 1401 1997 excl.
1430 1941 1595 2009 Bait,
1634 1941 1893 1996 adamavi
1921 1940 2102 2009 Klotz,
2139 1940 2338 1995 malim

319 2015 598 2068 deamavi.
645 2012 666 2085 Η
720 2014 788 2068 P.
821 2012 958 2068 185.
990 2018 1054 2066 13
1085 2013 1346 2068 Piraeum
1377 2013 1451 2066 ad
1477 2030 1531 2081 p.
1564 2019 1680 2067 121.
1711 2019 1794 2066 27.
1825 2043 1895 2052 -
1925 2018 1990 2065 15
2016 2014 2168 2079 febri
2192 2012 2340 2068 Boot

319 2087 663 2209 ἰὲἓέΡῖῖῗθ·
685 2090 812 2208 ’ῑηέ
821 2083 1033 2209 {oeta
1054 2084 1120 2207 Α.
1141 2083 1731 2221 Κὲἓὲ-’ἷῗέἓῙεέἒἽῑ’
1758 2088 1823 2208 {5³
1830 2089 1978 2208 ⁷123·
1999 2089 2338 2209 ἒθιῗιῗέὲέῗὲ

321 2227 396 2280 acl
432 2199 550 2280 ca’m
586 2173 715 2279 add.
746 2172 1235 2293 Lambiffwzs„
1273 2196 1433 2292 Boot,
1471 2224 1704 2293 Tyrrell,
1741 2226 2033 2292 conferam
2080 2223 2336 2279 ‘Codices

320 2295 508 2364 Iunii’,
557 2296 831 2350 ‘deletum
883 2294 971 2348 M·
1023 2295 1082 2348 in
1137 2296 1433 2365 margine’,
1488 2297 1672 2362 confer
1733 2295 2153 2365 (‘superscripto
2211 2297 2332 2350 ead.

317 2384 505 2434 manu,
545 2367 645 2421 sed
683 2367 869 2421 deleto
907 2367 1017 2436 te')
1045 2366 1121 2420 ad
1147 2366 1220 2420 M.
1260 2397 1330 2407 -
1370 2372 1397 2419 7
1436 2366 1716 2438 [tantam]
1751 2367 1895 2420 Boot
1924 2366 2019 2419 ‘ab
2057 2366 2335 2436 imperitis

320 2437 739 2492 consuetudinis
785 2437 1022 2491 Latinae
1060 2437 1337 2490 additum'
1381 2455 1508 2491 cum
1545 2435 1818 2490 Gronovio
1857 2436 2186 2491 existimans
2222 2454 2336 2491 non

318 2509 458 2562 satis
509 2509 715 2578 perite,
768 2510 837 2562 ut
887 2508 1028 2576 mihi
1082 2508 1316 2562 videtur.
1355 2539 1426 2549 --
1460 2508 1541 2561 Ib.
1592 2524 1711 2576 sqq.
1758 2507 1872 2562 nisi
1923 2509 2064 2562 idem
2108 2538 2179 2549 —
2223 2526 2334 2563 rem

310 2581 591 2649 publicam
653 2580 714 2633 in
773 2578 1099 2649 parenthesi
1159 2578 1420 2632 Wesenb.
1436 2621 1448 2644 ,
1514 2578 1680 2645 Boot,
1736 2577 1979 2647 Tyrrell,
2045 2578 2334 2632 Lehmann

319 2648 570 2714 Quaestt.
608 2669 664 2720 p.
698 2656 815 2705 124.
872 2650 962 2704 Ad
988 2668 1041 2718 p.
1076 2656 1157 2703 16.
1192 2655 1274 2702 14.
1304 2671 1384 2689 -·
1404 2656 1470 2703 14
1498 2650 1789 2704 audissem
1813 2648 2087 2716 Lambin.,
2124 2650 2335 2716 Baiter,

317 2721 535 2790 Tyrrell
571 2724 637 2775 ut
671 2739 724 2790 p.
756 2726 875 2774 280.
908 2727 992 2774 25.
1031 2752 1101 2760 -
1140 2725 1205 2773 16
1235 2722 1308 2782 ὡς
1337 2718 1505 2773 οὐδὲν
1541 2720 1766 2789 γλύκιον
1803 2714 1870 2782 ‘¹¹⁵9
1896 2718 2165 2787 πατρίδος
2203 2720 2333 2774 add.

316 2792 589 2859 Lambin.,
635 2791 853 2858 Baiter,
893 2790 1174 2858 Wesenb.,
1208 2788 1549 2873 [πατρίδος]
1570 2832 1581 2844 .
1615 2832 1627 2844 .
1662 2832 1672 2844 .
1706 2832 1717 2844 .
1764 2791 1921 2844 Boot.
1962 2823 2031 2831 —
2072 2797 2136 2844 19
2174 2792 2337 2859 idque

315 2863 504 2931 potius
559 2878 731 2928 quam
784 2863 968 2930 itaque
1024 2860 1316 2928 Graevius,
1374 2861 1540 2928 Boot,
1597 2860 1838 2930 Tyrrell,
1886 2868 2045 2931 atque
2099 2861 2335 2930 Manut,

316 2933 523 2986 Baiter.
571 2964 641 2972 -
701 2938 765 2985 21
807 2933 930 2987 Hoc
977 2931 1256 2999 Wesenb.,
1302 2933 1460 2986 Boot.
1536 2931 1626 2984 Ad
1668 2950 1721 3001 p.
1766 2938 1848 2985 12.
1889 2938 1937 2986 6.
1993 2963 2064 2972 ·-
2120 2938 2187 2985 32
2234 2934 2338 2986 illa

315 3004 527 3069 ultima,
560 3002 685 3056 ‘das
713 3002 874 3056 nicht
902 3017 1002 3056 aus
1021 3003 1096 3070 M,
1125 3004 1364 3057 sondern
1396 3019 1497 3056 aus
1518 3001 1558 3057 O
1587 3003 1703 3055 und
1732 3003 1885 3056 einer
1903 3002 2183 3073 jungeren
2210 3003 2333 3057 ital.

317 3072 686 3127 Handschrift
723 3076 968 3140 stammt,
1006 3073 1084 3127 ist
1117 3074 1330 3127 meiner
1365 3073 1604 3128 Ansicht
1638 3074 1785 3127 nach
1821 3073 1996 3128 durch
2023 3072 2337 3143 Konjektur

317 3144 675 3198 entstanden’
718 3143 779 3198 O.
799 3144 861 3198 E.
895 3143 1149 3198 Schmidt
1188 3144 1320 3197 ‘Der
1348 3144 1761 3198 Briefwechsel'
1803 3162 1856 3213 p.
1891 3150 1955 3197 73
1978 3161 2057 3211 sq.
2096 3143 2162 3199 V.
2192 3144 2335 3198 Leh—

316 3231 487 3268 mann
532 3215 649 3269 Att.
688 3233 741 3285 p.
781 3222 867 3283 25,
897 3222 982 3283 40,
1015 3221 1130 3269 174.
1197 3218 1215 3284 ΙΙ
1277 3216 1348 3270 Ρ.
1389 3215 1525 3270 187.
1565 3222 1596 3268 2
1643 3223 1832 3269 tensae
1877 3214 2076 3280 Orelli,
2125 3215 2335 3283 Baiter,

316 3285 597 3353 Wesenb.,
653 3286 810 3341 Boot.
866 3318 936 3326 -
991 3291 1023 3340 8
1080 3286 1389 3353 ἀναθήσει
1446 3285 1516 3339 ab
1571 3285 1811 3339 Homero
1873 3286 1997 3354 ipso
2052 3285 2335 3353 Wesenb.,

316 3357 482 3424 Boot,
545 3357 777 3426 TyrreH.
829 3389 900 3397 —
952 3362 1016 3410 12
1054 3355 1085 3411 ,2
1119 3373 1295 3425 ponas
1348 3372 1421 3409 an
1457 3361 1502 3422 J,
1549 3356 1695 3409 nihil
1738 3356 1997 3423 interest,
2046 3357 2146 3410 sed
2189 3356 2338 3410 falso

315 3431 586 3497 punctum
612 3430 920 3498 posuerunt
946 3429 1090 3481 Boot
1119 3431 1177 3481 et
1194 3427 1426 3496 Tyrrell.
1492 3426 1558 3481 V.
1579 3426 1747 3480 Hand
1776 3427 1931 3481 Turs.
1962 3428 2014 3480 II
2040 3445 2093 3496 p.
2125 3432 2229 3480 460
2252 3444 2334 3495 sq.

315 3530 384 3539 -—
425 3506 488 3553 13
527 3502 562 3566 †
590 3500 733 3553 Boot
769 3499 910 3553 coni.
938 3500 1134 3567 Itaque
1162 3505 1286 3564 οπο,
1324 3506 1386 3552 ut
1415 3498 1561 3553 alius
1580 3500 1797 3567 primus
1823 3498 1993 3552 aliam
2019 3499 2339 3553 sententiam
