2642 3923
682 204 1195 260 EPISTULARUM
1231 205 1331 258 AD
1369 204 1693 259 ATTICUM
1732 205 1809 259 IX
1849 210 1931 259 19.
2184 205 2310 269 291

432 345 590 432 Noe,
646 348 948 430 quoniam
995 369 1297 431 superum
1342 369 1517 411 mare
1564 348 1909 431 obsidetur,
1955 348 2159 412 infero
2204 369 2315 412 na-
2350 365 2383 414 3

301 436 663 522 vigabimus
711 440 794 521 et,
839 437 895 500 si
940 434 1230 500 Puteolis
1277 437 1402 500 erit
1440 435 1714 520 difficile,
1761 433 2107 501 Crotonem
2144 441 2314 520 pete·

299 546 442 588 mus
497 529 609 588 aut
654 522 932 588 Thurios
988 528 1053 587 et
1096 524 1253 589 boni
1299 525 1468 588 cives
1516 527 1802 588 amantes
1848 525 2095 608 patriae
2138 546 2314 588 mare

301 612 609 677 infestum
661 610 1056 676 habebimus
1148 611 1366 679 Aliam
1410 612 1726 677 rationem
1768 611 1964 676 huius
2010 612 2165 676 belli
2212 633 2314 696 ge-

250 726 275 766 5
302 700 479 764 rendi
516 700 763 764 nullam
799 700 997 764 video.
1062 699 1142 764 In
1167 700 1537 784 Aegyptum
1573 722 1692 765 nos
1731 700 2052 764 abdemuS.
2117 700 2314 765 Exer-

302 789 435 853 estu
488 810 673 872 pares
729 810 867 852 esse
919 810 1053 852 non
1105 796 1475 872 possumu83
1539 788 1715 871 pacis
1772 788 1929 853 fides
1972 788 2153 852 nulla
2198 792 2312 853 est.

304 875 428 942 Sed
470 876 627 941 haee
671 876 830 940 satis
876 876 1205 959 deplorata
1251 880 1419 940 sunt.
2348 893 2383 940 4

435 963 534 1029 Tu
579 964 771 1029 velim
812 963 1063 1029 litteras
1103 962 1480 1048 Cephalioni
1526 964 1635 1028 des
1673 964 1750 1028 de
1788 965 2087 1029 omnibus
2123 964 2315 1028 rebus

303 1054 489 1137 aetiS,
562 1053 832 1136 denique
897 1052 1092 1117 etiam
1151 1053 1226 1117 de
1290 1053 1691 1116 sermonibus
1751 1051 2116 1137 hominum,
2185 1052 2315 1116 nisi

223 1171 276 1210 ιο
301 1142 489 1226 plane
537 1141 1010 1206 obmutuerunt.
1075 1140 1219 1225 Ego
1257 1141 1389 1205 tuis
1426 1140 1713 1205 consiliis
1747 1162 1903 1204 usus
1942 1162 2082 1204 sum
2119 1140 2315 1204 maxi-

301 1250 548 1314 meque,
595 1229 765 1312 quod
811 1233 876 1294 et
921 1229 1304 1314 gravitatem
1350 1230 1418 1292 in
1464 1250 1812 1313 congressu
1854 1232 2077 1293 nostro
2116 1228 2315 1315 tenui,

303 1340 496 1403 quam
542 1317 750 1402 debui,
794 1321 876 1400 et,
922 1318 1001 1381 ad
1045 1318 1270 1381 urbem
1314 1321 1389 1382 ut
1433 1339 1566 1382 non
1610 1317 1983 1402 accederem,
2028 1338 2314 1401 perseve-

302 1407 455 1470 ravi.
547 1404 730 1481 Quod
774 1409 1090 1490 superest,
1146 1405 1379 1490 scribe,
1435 1427 1690 1490 quaeSO,
1736 1427 1928 1489 quam
1974 1405 2312 1470 accuratis-

305 1496 462 1558 sime
511 1493 667 1580 (iam
715 1495 884 1558 enim
920 1498 1202 1558 extrema
1240 1491 1439 1580 sunt),
1487 1494 1640 1577 quid
1675 1495 1939 1577 placeat,
1984 1493 2138 1579 quid
2174 1515 2311 1557 oen-

225 1613 275 1654 15
305 1604 472 1667 seas;
536 1584 655 1647 etsi
716 1583 846 1646 iam
898 1583 1078 1646 nulla
1133 1581 1453 1646 dubissatio
1511 1586 1626 1646 est.
1718 1581 1984 1667 Tamen,
2048 1582 2104 1645 si
2158 1581 2312 1666 quid

303 1672 405 1735 vel
449 1671 667 1754 potius
715 1670 1018 1755 quioquid
1061 1669 1272 1735 veniet
1319 1670 1387 1732 in
1433 1673 1730 1755 mentem,
1775 1670 2013 1734 scribas
2060 1669 2265 1733 velim.

1896 3636 2000 3685 19·
