2642 3923
673 211 1184 267 EPISTULARUM
1221 212 1321 265 AD
1359 211 1681 269 ATTICUM
1717 212 1770 265 H
1808 216 1856 279 9,
1898 217 1979 266 10.
2261 211 2346 274 53

329 377 491 439 quos
554 356 799 441 volent,
873 356 1194 442 consules,
1261 355 1558 420 tribunos
1632 356 1745 440 pL,
1819 356 2090 438 denique
2154 354 2348 418 etiam

327 442 553 508 Vatini
618 448 931 508 strumam
995 444 1333 509 sacerdotii
1398 445 1659 532 διβάφῳ
1723 444 2031 528 vestiant,
2102 442 2345 505 videbis

328 532 510 597 brevi
553 536 842 617 tempore
886 552 1154 617 magnos
1203 555 1332 597 non
1379 532 1570 598 modo
1618 554 1726 597 eos
1734 584 1754 619 ,
1813 533 1924 616 qui
1983 530 2148 595 nihil
2194 530 2346 594 titu-

330 621 584 706 barunt,
628 620 738 685 sed
784 621 977 685 etiam
1022 621 1205 684 illum
1242 622 1474 705 ipsum,
1522 621 1633 705 qui
1670 620 1973 705 peccavit,
2019 617 2343 684 Catonem.

275 736 300 775 5
328 707 497 772 Nam
543 731 661 773 nos
705 709 976 793 quidem,
1024 710 1081 773 si
1116 731 1231 794 per
1267 709 1466 773 istum
1502 714 1687 773 tuum
1726 708 2006 774 sodalem
2042 706 2346 772 Publium
2383 727 2414 773 3

328 797 576 881 licebit,
623 799 1043 881 σοφιστεύειν
1089 798 1477 883 cogitamus,
1530 799 1586 862 si
1632 798 1740 862 ille
1785 798 2028 882 cogitat
2075 800 2345 879 tantum,

328 884 662 950 dumtaxat
704 907 825 950 nos
870 885 1229 971 defendere,
1283 891 1375 972 et,
1430 886 1600 970 quod
1656 890 1754 950 est
1810 885 2141 970 proprium
2189 883 2346 948 artis

331 974 537 1059 huius,
583 973 1063 1058 ἐπαγγέλλομαι

419 1113 632 1198 εἄνδρ’
685 1115 1170 1200 ἀπαμύνεσθαι,
1218 1116 1326 1181 ὅτε
1371 1140 1472 1192 τις
1517 1119 1836 1200 πρότερος
1881 1114 2251 1200 χαλεπήνῃῖ

248 1284 300 1324 ιο
330 1256 546 1321 Patria
591 1256 871 1340 propitia
918 1257 1020 1321 sit.
1109 1255 1324 1320 Habet
1372 1280 1408 1320 a
1457 1257 1661 1341 nobiS,
1707 1256 1958 1320 etiamsi
2004 1278 2135 1321 non
2181 1255 2344 1340 plus,

329 1368 521 1429 quam
575 1345 863 1409 debitum
919 1349 1044 1430 est,
1098 1345 1245 1429 plus
1291 1348 1488 1429 certe,
1543 1367 1735 1428 quam
1780 1344 2179 1428 postulatum
2227 1349 2344 1408 est.

326 1433 496 1498 Male
561 1433 705 1497 vehi
763 1433 932 1498 malo
998 1433 1124 1497 alio
1179 1433 1579 1519 gubernante
1635 1456 1827 1517 quam
1882 1437 2016 1497 tam
2069 1432 2341 1519 ingratis

327 1521 692 1587 vectoribus
722 1522 881 1586 bene
910 1522 1280 1607 gubernare.
1346 1519 1471 1587 Sed
1506 1522 1660 1586 haec
1688 1542 1901 1585 coram
1931 1521 2341 1587 commodius.
2381 1544 2409 1588 4

459 1609 523 1674 N
525 1631 648 1674 unc
685 1610 852 1695 audi,
897 1610 1067 1695 quod
1105 1611 1375 1694 quaeris,
1440 1609 1710 1673 Antium
1747 1633 1846 1674 me
1885 1632 1960 1674 ex
1998 1609 2340 1674 Formiano

249 1726 299 1767 ²⁵
326 1698 882 1851 iiiiiffrerss‘ifflssi
898 1697 1679 1851 aind‘oesssfflissffiffaigssi
1712 1696 2341 1851 {3303013335'33

327 1809 605 1940 redierop
620 1873 746 1963 (ibi
789 1896 927 1939 esse
973 1896 1173 1958 usque
1221 1875 1299 1939 ad
1346 1898 1441 1958 pr.
1467 1836 1566 1939 .K·
1614 1840 1816 1938 Maias
1863 1873 2069 1960 volo),
2114 1874 2343 1937 faciam

329 1965 550 2029 statim
602 1968 668 2028 te
723 1965 1073 2029 certiorem.
1173 1963 1473 2028 Terentia
1536 1964 1656 2028 tibi
1713 1964 2013 2049 salutem,
2067 1961 2175 2028 καὶ
2221 1966 2343 2027 Κι-

326 2054 539 2137 κέρων
586 2053 620 2118 ὁ
668 2054 899 2137 μικρὸς
944 2053 1292 2131 ἀσπάζεται
1348 2056 1544 2118 Τι’τον
1579 2051 1957 2136 Ἀθηναῖον.

248 2330 299 2367 20
1299 2299 1376 2365 X.
1705 2352 1710 2356 .

579 2420 715 2475 ‚Sem
753 2421 816 2473 νη
849 2419 1006 2489 Appi
1041 2420 1192 2474 Foro
1230 2421 1368 2473 XII
1396 2421 1470 2475 K.
1509 2421 1648 2492 Apr.
1688 2440 1739 2477 a.
1780 2426 1889 2478 695
1928 2425 2067 2490 (59).

966 2540 1221 2597 CICERO
1262 2543 1522 2599 ATTICO
1563 2543 1710 2598 SAL.

462 2650 630 2718 Volo
667 2673 839 2717 ames
868 2673 1072 2715 meam
1103 2653 1551 2718 constantiam.
1619 2652 1833 2717 Ludos
1860 2653 2022 2718 Anti
2059 2659 2342 2737 spectare

331 2763 459 2806 non
505 2741 738 2825 placet3
789 2744 887 2804 est
934 2741 1104 2803 enim
1147 2733 1613 2824 ὖποσόλοικον,
1662 2763 1855 2825 quom
1901 2741 2093 2815 velim
2139 2743 2342 2808 vitare
2425 2776 2429 2782 ·

246 2857 299 2897 25
330 2829 614 2895 omnium
657 2828 1024 2892 deliciarum
1063 2828 1509 2914 suspicionem,
1554 2834 1814 2913 repente
1851 2829 2343 2913 ἀναφαίνεσθαι

328 2939 458 2983 non
514 2918 724 2983 solum
776 2916 1067 3001 delicate,
1123 2917 1234 2981 sed
1289 2918 1484 2982 etiam
1542 2918 1754 3001 inepte
1809 2918 2341 3004 peregrinantem.

331 3006 540 3084 Quare
566 3028 771 3091 usque
799 3005 879 3069 ad
905 3003 1128 3070 Nonas
1157 3004 1362 3069 Maias
1392 3010 1457 3070 te
1484 3007 1553 3070 in
1572 3005 1912 3072 Formiano
1942 3008 2339 3090 exspectabo

327 3093 519 3159 Nunc
563 3095 662 3158 fac
708 3098 781 3158 ut
824 3094 1037 3179 sciam,
1084 3114 1213 3176 quo
1253 3094 1355 3157 die
1391 3098 1455 3158 te
1494 3094 1697 3159 visuri
1735 3095 1953 3160 simuS.
2026 3094 2131 3159 Ab
2168 3095 2343 3179 Appi

329 3183 496 3248 Foro
539 3182 701 3247 hora
747 3186 992 3266 quarta.
1081 3180 1397 3246 Dederam
1452 3183 1646 3247 aliam
1688 3184 1881 3267 paulo
1930 3188 2078 3248 ante
2122 3206 2161 3248 a
2205 3184 2340 3248 Tri-

250 3299 304 3339 30
329 3272 451 3336 bus
496 3271 824 3337 Tabernis.
