<?xml version="1.0" encoding="UTF-8"?>
<!DOCTYPE html PUBLIC "-//W3C//DTD XHTML 1.0 Transitional//EN"
    "http://www.w3.org/TR/xhtml1/DTD/xhtml1-transitional.dtd">
<html xmlns="http://www.w3.org/1999/xhtml" xml:lang="en" lang="en">
 <head>
  <title>
</title>
<meta http-equiv="Content-Type" content="text/html;charset=utf-8" />
  <meta name='ocr-system' content='tesseract 3.04.00' />
  <meta name='ocr-capabilities' content='ocr_page ocr_carea ocr_par ocr_line ocrx_word'/>
</head>
<body>
  <div class='ocr_page' id='page_1' title='image "./scriptaquaemans00friegoog_0550.png"; bbox 0 0 2642 3923; ppageno 0'>
   <div class='ocr_carea' id='block_1_1' title="bbox 337 196 1722 261">
    <p class='ocr_par' dir='ltr' id='par_1_1' title="bbox 337 196 1722 261">
     <span class='ocr_line' id='line_1_1' title="bbox 337 196 1722 261; baseline -0.006 0"><span class='ocrx_word' id='word_1_1' title='bbox 337 196 470 261; x_wconf 81' lang='grc'>386</span> <span class='ocrx_word' id='word_1_2' title='bbox 979 197 1052 253; x_wconf 84' lang='grc' dir='ltr'>Μ.</span> <span class='ocrx_word' id='word_1_3' title='bbox 1092 197 1307 251; x_wconf 90' lang='lat' dir='ltr'><strong><em>TULLI</em></strong></span> <span class='ocrx_word' id='word_1_4' title='bbox 1345 196 1722 252; x_wconf 84' lang='lat' dir='ltr'>CICERONIS</span> 
     </span>
    </p>
   </div>
   <div class='ocr_carea' id='block_1_2' title="bbox 744 428 1957 621">
    <p class='ocr_par' dir='ltr' id='par_1_2' title="bbox 744 428 1957 621">
     <span class='ocr_line' id='line_1_2' title="bbox 1250 428 1450 495; baseline 0 -1"><span class='ocrx_word' id='word_1_5' title='bbox 1250 428 1450 495; x_wconf 85' lang='lat' dir='ltr'><strong>XLII.</strong></span> 
     </span>
     <span class='ocr_line' id='line_1_3' title="bbox 744 550 1957 621; baseline 0.001 -14"><span class='ocrx_word' id='word_1_6' title='bbox 744 550 858 607; x_wconf 76' lang='lat' dir='ltr'>Sor.</span> <span class='ocrx_word' id='word_1_7' title='bbox 886 550 1129 607; x_wconf 76' lang='lat' dir='ltr'>Asturae</span> <span class='ocrx_word' id='word_1_8' title='bbox 1172 550 1263 605; x_wconf 86' lang='lat' dir='ltr'>VI</span> <span class='ocrx_word' id='word_1_9' title='bbox 1289 552 1379 605; x_wconf 84' lang='lat' dir='ltr'>Id.</span> <span class='ocrx_word' id='word_1_10' title='bbox 1410 551 1556 604; x_wconf 74' lang='lat' dir='ltr'>Mai.</span> <span class='ocrx_word' id='word_1_11' title='bbox 1586 568 1638 606; x_wconf 85' lang='lat' dir='ltr'>a.</span> <span class='ocrx_word' id='word_1_12' title='bbox 1669 554 1781 607; x_wconf 80' lang='lat'>709</span> <span class='ocrx_word' id='word_1_13' title='bbox 1819 554 1957 621; x_wconf 74' lang='lat'><em>(46).</em></span> 
     </span>
    </p>
   </div>
   <div class='ocr_carea' id='block_1_3' title="bbox 950 673 1760 730">
    <p class='ocr_par' dir='ltr' id='par_1_3' title="bbox 950 673 1760 730">
     <span class='ocr_line' id='line_1_4' title="bbox 950 673 1760 730; baseline 0 -1"><span class='ocrx_word' id='word_1_14' title='bbox 950 674 1239 729; x_wconf 78' lang='lat' dir='ltr'><strong><em>CICERO</em></strong></span> <span class='ocrx_word' id='word_1_15' title='bbox 1273 673 1568 729; x_wconf 80' lang='lat' dir='ltr'><strong><em>ATTICO</em></strong></span> <span class='ocrx_word' id='word_1_16' title='bbox 1594 674 1760 730; x_wconf 84' lang='lat' dir='ltr'><strong><em>SAL.</em></strong></span> 
     </span>
    </p>
   </div>
   <div class='ocr_carea' id='block_1_4' title="bbox 267 782 2441 2459">
    <p class='ocr_par' dir='ltr' id='par_1_4' title="bbox 269 782 2435 1664">
     <span class='ocr_line' id='line_1_5' title="bbox 269 782 2354 869; baseline -0.001 -19"><span class='ocrx_word' id='word_1_17' title='bbox 269 799 298 850; x_wconf 85' lang='lat'>1</span> <span class='ocrx_word' id='word_1_18' title='bbox 470 782 740 849; x_wconf 90' lang='lat' dir='ltr'>Nullum</span> <span class='ocrx_word' id='word_1_19' title='bbox 793 805 832 848; x_wconf 91' lang='lat' dir='ltr'>a</span> <span class='ocrx_word' id='word_1_20' title='bbox 884 787 952 848; x_wconf 92' lang='lat' dir='ltr'>te</span> <span class='ocrx_word' id='word_1_21' title='bbox 995 782 1349 848; x_wconf 71' lang='lat' dir='ltr'>desideravi</span> <span class='ocrx_word' id='word_1_22' title='bbox 1395 783 1563 847; x_wconf 92' lang='lat' dir='ltr'>diem</span> <span class='ocrx_word' id='word_1_23' title='bbox 1606 783 1999 869; x_wconf 83' lang='lat' dir='ltr'>litterarum3</span> <span class='ocrx_word' id='word_1_24' title='bbox 2063 783 2354 849; x_wconf 82' lang='lat' dir='ltr'><strong>videbam</strong></span> 
     </span>
     <span class='ocr_line' id='line_1_6' title="bbox 338 872 2433 956; baseline 0.001 -20"><span class='ocrx_word' id='word_1_25' title='bbox 338 873 527 956; x_wconf 87' lang='lat' dir='ltr'>enim,</span> <span class='ocrx_word' id='word_1_26' title='bbox 572 893 733 956; x_wconf 88' lang='lat' dir='ltr'>quae</span> <span class='ocrx_word' id='word_1_27' title='bbox 780 872 1025 956; x_wconf 80' lang='lat' dir='ltr'>scribiS,</span> <span class='ocrx_word' id='word_1_28' title='bbox 1071 875 1137 936; x_wconf 89' lang='lat' dir='ltr'>et</span> <span class='ocrx_word' id='word_1_29' title='bbox 1180 876 1399 935; x_wconf 87' lang='lat' dir='ltr'>tamen</span> <span class='ocrx_word' id='word_1_30' title='bbox 1445 872 1816 955; x_wconf 87' lang='lat' dir='ltr'>suspicabar</span> <span class='ocrx_word' id='word_1_31' title='bbox 1859 872 1964 936; x_wconf 82' lang='lat' dir='ltr'>vel</span> <span class='ocrx_word' id='word_1_32' title='bbox 2007 873 2225 955; x_wconf 89' lang='lat' dir='ltr'>potius</span> <span class='ocrx_word' id='word_1_33' title='bbox 2261 872 2353 936; x_wconf 91' lang='lat' dir='ltr'>in-</span> <span class='ocrx_word' id='word_1_34' title='bbox 2406 897 2433 939; x_wconf 76' lang='lat'><strong>5</strong></span> 
     </span>
     <span class='ocr_line' id='line_1_7' title="bbox 337 960 2352 1046; baseline 0 -22"><span class='ocrx_word' id='word_1_35' title='bbox 337 960 718 1046; x_wconf 86' lang='lat' dir='ltr'>tellegebam</span> <span class='ocrx_word' id='word_1_36' title='bbox 771 960 938 1024; x_wconf 86' lang='lat' dir='ltr'>nihil</span> <span class='ocrx_word' id='word_1_37' title='bbox 990 961 1216 1044; x_wconf 76' lang='lat' dir='ltr'>fuisse,</span> <span class='ocrx_word' id='word_1_38' title='bbox 1273 960 1444 1044; x_wconf 89' lang='lat' dir='ltr'>quod</span> <span class='ocrx_word' id='word_1_39' title='bbox 1499 960 1837 1044; x_wconf 81' lang='lat' dir='ltr'>scriberes3</span> <span class='ocrx_word' id='word_1_40' title='bbox 1901 983 1953 1025; x_wconf 89' lang='lat' dir='ltr'>a.</span> <span class='ocrx_word' id='word_1_41' title='bbox 1991 961 2048 1025; x_wconf 90' lang='lat' dir='ltr'>d.</span> <span class='ocrx_word' id='word_1_42' title='bbox 2087 978 2159 1024; x_wconf 86' lang='lat' dir='ltr'>VI</span> <span class='ocrx_word' id='word_1_43' title='bbox 2202 960 2352 1024; x_wconf 87' lang='lat' dir='ltr'>Idus</span> 
     </span>
     <span class='ocr_line' id='line_1_8' title="bbox 336 1047 2354 1132; baseline 0 -19"><span class='ocrx_word' id='word_1_44' title='bbox 336 1070 488 1114; x_wconf 81' lang='lat' dir='ltr'>vero</span> <span class='ocrx_word' id='word_1_45' title='bbox 544 1054 608 1113; x_wconf 88' lang='lat' dir='ltr'>et</span> <span class='ocrx_word' id='word_1_46' title='bbox 663 1049 885 1113; x_wconf 88' lang='lat' dir='ltr'>abesse</span> <span class='ocrx_word' id='word_1_47' title='bbox 930 1053 996 1113; x_wconf 90' lang='lat' dir='ltr'>te</span> <span class='ocrx_word' id='word_1_48' title='bbox 1040 1048 1350 1132; x_wconf 82' lang='lat' dir='ltr'>putabam</span> <span class='ocrx_word' id='word_1_49' title='bbox 1396 1051 1461 1113; x_wconf 89' lang='lat' dir='ltr'>et</span> <span class='ocrx_word' id='word_1_50' title='bbox 1507 1047 1695 1131; x_wconf 89' lang='lat' dir='ltr'>plane</span> <span class='ocrx_word' id='word_1_51' title='bbox 1740 1048 2034 1112; x_wconf 84' lang='lat' dir='ltr'>videbam</span> <span class='ocrx_word' id='word_1_52' title='bbox 2079 1048 2245 1113; x_wconf 85' lang='lat' dir='ltr'>nihil</span> <span class='ocrx_word' id='word_1_53' title='bbox 2286 1053 2354 1113; x_wconf 91' lang='lat' dir='ltr'>te</span> 
     </span>
     <span class='ocr_line' id='line_1_9' title="bbox 335 1136 2350 1221; baseline 0 -20"><span class='ocrx_word' id='word_1_54' title='bbox 335 1136 588 1202; x_wconf 82' lang='lat' dir='ltr'>habere.</span> <span class='ocrx_word' id='word_1_55' title='bbox 678 1136 823 1221; x_wconf 85' lang='lat' dir='ltr'>Ego</span> <span class='ocrx_word' id='word_1_56' title='bbox 877 1141 1093 1201; x_wconf 86' lang='lat' dir='ltr'>tamen</span> <span class='ocrx_word' id='word_1_57' title='bbox 1137 1137 1217 1200; x_wconf 84' lang='lat' dir='ltr'>ad</span> <span class='ocrx_word' id='word_1_58' title='bbox 1261 1140 1328 1200; x_wconf 88' lang='lat' dir='ltr'>te</span> <span class='ocrx_word' id='word_1_59' title='bbox 1373 1137 1506 1200; x_wconf 89' lang='lat' dir='ltr'>fere</span> <span class='ocrx_word' id='word_1_60' title='bbox 1551 1136 1785 1201; x_wconf 89' lang='lat' dir='ltr'>cotidie</span> <span class='ocrx_word' id='word_1_61' title='bbox 1830 1137 2119 1221; x_wconf 83' lang='lat' dir='ltr'>mittam3</span> <span class='ocrx_word' id='word_1_62' title='bbox 2183 1137 2350 1201; x_wconf 82' lang='lat' dir='ltr'>malo</span> 
     </span>
     <span class='ocr_line' id='line_1_10' title="bbox 336 1223 2353 1311; baseline -0.001 -21"><span class='ocrx_word' id='word_1_63' title='bbox 336 1226 508 1290; x_wconf 83' lang='lat' dir='ltr'>enim</span> <span class='ocrx_word' id='word_1_64' title='bbox 561 1225 831 1311; x_wconf 84' lang='lat' dir='ltr'>frustra,</span> <span class='ocrx_word' id='word_1_65' title='bbox 884 1247 1077 1308; x_wconf 89' lang='lat' dir='ltr'>quam</span> <span class='ocrx_word' id='word_1_66' title='bbox 1130 1228 1195 1288; x_wconf 85' lang='lat' dir='ltr'>te</span> <span class='ocrx_word' id='word_1_67' title='bbox 1247 1246 1382 1290; x_wconf 91' lang='lat' dir='ltr'>non</span> <span class='ocrx_word' id='word_1_68' title='bbox 1438 1223 1700 1309; x_wconf 86' lang='lat' dir='ltr'>habere,</span> <span class='ocrx_word' id='word_1_69' title='bbox 1755 1225 1857 1288; x_wconf 89' lang='lat' dir='ltr'>cui</span> <span class='ocrx_word' id='word_1_70' title='bbox 1906 1225 2043 1307; x_wconf 64' lang='grc' dir='ltr'>ἀρε,</span> <span class='ocrx_word' id='word_1_71' title='bbox 2098 1224 2155 1288; x_wconf 89' lang='lat' dir='ltr'>si</span> <span class='ocrx_word' id='word_1_72' title='bbox 2200 1226 2353 1310; x_wconf 89' lang='lat' dir='ltr'>quid</span> 
     </span>
     <span class='ocr_line' id='line_1_11' title="bbox 337 1311 2435 1397; baseline 0 -20"><span class='ocrx_word' id='word_1_73' title='bbox 337 1314 505 1378; x_wconf 84' lang='lat' dir='ltr'>forte</span> <span class='ocrx_word' id='word_1_74' title='bbox 551 1313 655 1397; x_wconf 84' lang='lat' dir='ltr'>sit,</span> <span class='ocrx_word' id='word_1_75' title='bbox 701 1314 874 1397; x_wconf 90' lang='lat' dir='ltr'>quod</span> <span class='ocrx_word' id='word_1_76' title='bbox 917 1317 1107 1397; x_wconf 91' lang='lat' dir='ltr'>putes</span> <span class='ocrx_word' id='word_1_77' title='bbox 1152 1334 1254 1377; x_wconf 88' lang='lat' dir='ltr'>me</span> <span class='ocrx_word' id='word_1_78' title='bbox 1292 1313 1454 1377; x_wconf 91' lang='lat' dir='ltr'>scire</span> <span class='ocrx_word' id='word_1_79' title='bbox 1492 1317 1802 1396; x_wconf 74' lang='lat' dir='ltr'>oportere.</span> <span class='ocrx_word' id='word_1_80' title='bbox 1875 1311 2103 1396; x_wconf 83' lang='lat' dir='ltr'>Itaque</span> <span class='ocrx_word' id='word_1_81' title='bbox 2141 1315 2353 1397; x_wconf 90' lang='lat' dir='ltr'>accepi</span> <span class='ocrx_word' id='word_1_82' title='bbox 2382 1340 2435 1378; x_wconf 87' lang='lat'>10</span> 
     </span>
     <span class='ocr_line' id='line_1_12' title="bbox 337 1399 2353 1487; baseline -0 -21"><span class='ocrx_word' id='word_1_83' title='bbox 337 1420 412 1466; x_wconf 85' lang='lat' dir='ltr'>vl</span> <span class='ocrx_word' id='word_1_84' title='bbox 456 1400 607 1466; x_wconf 89' lang='lat' dir='ltr'>Idus</span> <span class='ocrx_word' id='word_1_85' title='bbox 643 1402 893 1465; x_wconf 72' lang='lat' dir='ltr'>litteras</span> <span class='ocrx_word' id='word_1_86' title='bbox 931 1405 1077 1465; x_wconf 88' lang='lat' dir='ltr'>tuas</span> <span class='ocrx_word' id='word_1_87' title='bbox 1113 1402 1352 1465; x_wconf 82' lang='lat' dir='ltr'>inanes,</span> <span class='ocrx_word' id='word_1_88' title='bbox 1426 1399 1595 1477; x_wconf 82' lang='lat' dir='ltr'>Quid</span> <span class='ocrx_word' id='word_1_89' title='bbox 1632 1402 1800 1466; x_wconf 90' lang='lat' dir='ltr'>enim</span> <span class='ocrx_word' id='word_1_90' title='bbox 1836 1400 2141 1487; x_wconf 78' lang='lat' dir='ltr'>habebaS,</span> <span class='ocrx_word' id='word_1_91' title='bbox 2185 1400 2353 1485; x_wconf 91' lang='lat' dir='ltr'>quod</span> 
     </span>
     <span class='ocr_line' id='line_1_13' title="bbox 339 1489 2351 1574; baseline -0 -20"><span class='ocrx_word' id='word_1_92' title='bbox 339 1489 690 1554; x_wconf 77' lang='lat' dir='ltr'>scriberes?</span> <span class='ocrx_word' id='word_1_93' title='bbox 736 1490 830 1553; x_wconf 90' lang='lat' dir='ltr'>Mi</span> <span class='ocrx_word' id='word_1_94' title='bbox 865 1494 1082 1554; x_wconf 91' lang='lat' dir='ltr'>tamen</span> <span class='ocrx_word' id='word_1_95' title='bbox 1114 1489 1293 1573; x_wconf 89' lang='lat' dir='ltr'>illud,</span> <span class='ocrx_word' id='word_1_96' title='bbox 1324 1490 1627 1574; x_wconf 87' lang='lat' dir='ltr'>quicquid</span> <span class='ocrx_word' id='word_1_97' title='bbox 1664 1494 1818 1572; x_wconf 87' lang='lat' dir='ltr'>erat,</span> <span class='ocrx_word' id='word_1_98' title='bbox 1846 1512 1977 1554; x_wconf 94' lang='lat' dir='ltr'>non</span> <span class='ocrx_word' id='word_1_99' title='bbox 2017 1490 2351 1554; x_wconf 90' lang='lat' dir='ltr'>molestum</span> 
     </span>
     <span class='ocr_line' id='line_1_14' title="bbox 336 1577 2204 1664; baseline 0 -21"><span class='ocrx_word' id='word_1_100' title='bbox 336 1578 484 1664; x_wconf 82' lang='lat' dir='ltr'>fuit,</span> <span class='ocrx_word' id='word_1_101' title='bbox 525 1583 597 1643; x_wconf 74' lang='lat' dir='ltr'>ut</span> <span class='ocrx_word' id='word_1_102' title='bbox 637 1578 801 1641; x_wconf 81' lang='lat' dir='ltr'>nihil</span> <span class='ocrx_word' id='word_1_103' title='bbox 848 1578 1039 1664; x_wconf 84' lang='lat' dir='ltr'>aliud,</span> <span class='ocrx_word' id='word_1_104' title='bbox 1084 1578 1247 1642; x_wconf 89' lang='lat' dir='ltr'>scire</span> <span class='ocrx_word' id='word_1_105' title='bbox 1290 1600 1393 1642; x_wconf 89' lang='lat' dir='ltr'>me</span> <span class='ocrx_word' id='word_1_106' title='bbox 1438 1579 1591 1642; x_wconf 87' lang='lat' dir='ltr'>novi</span> <span class='ocrx_word' id='word_1_107' title='bbox 1622 1581 1699 1641; x_wconf 80' lang='lat' dir='ltr'>‘te</span> <span class='ocrx_word' id='word_1_108' title='bbox 1744 1578 1909 1642; x_wconf 87' lang='lat' dir='ltr'>nihil</span> <span class='ocrx_word' id='word_1_109' title='bbox 1952 1577 2204 1643; x_wconf 86' lang='lat' dir='ltr'>habere.</span> 
     </span>
    </p>

    <p class='ocr_par' dir='ltr' id='par_1_5' title="bbox 340 1664 2435 1840">
     <span class='ocr_line' id='line_1_15' title="bbox 472 1664 2354 1751; baseline 0.001 -20"><span class='ocrx_word' id='word_1_110' title='bbox 472 1664 801 1750; x_wconf 85' lang='lat' dir='ltr'>Scripsisti</span> <span class='ocrx_word' id='word_1_111' title='bbox 853 1672 1068 1730; x_wconf 84' lang='lat' dir='ltr'>tamen</span> <span class='ocrx_word' id='word_1_112' title='bbox 1111 1666 1325 1731; x_wconf 90' lang='lat' dir='ltr'>nescio</span> <span class='ocrx_word' id='word_1_113' title='bbox 1374 1666 1525 1750; x_wconf 88' lang='lat' dir='ltr'>quid</span> <span class='ocrx_word' id='word_1_114' title='bbox 1570 1666 1647 1730; x_wconf 93' lang='lat' dir='ltr'>de</span> <span class='ocrx_word' id='word_1_115' title='bbox 1694 1664 1932 1731; x_wconf 83' lang='lat' dir='ltr'>Clodia.</span> <span class='ocrx_word' id='word_1_116' title='bbox 2024 1665 2155 1731; x_wconf 91' lang='lat' dir='ltr'>Ubi</span> <span class='ocrx_word' id='word_1_117' title='bbox 2201 1688 2354 1751; x_wconf 84' lang='lat' dir='ltr'>ergo</span> 
     </span>
     <span class='ocr_line' id='line_1_16' title="bbox 340 1753 2435 1840; baseline 0.001 -21"><span class='ocrx_word' id='word_1_118' title='bbox 340 1777 413 1820; x_wconf 90' lang='lat' dir='ltr'>ea</span> <span class='ocrx_word' id='word_1_119' title='bbox 466 1759 564 1819; x_wconf 91' lang='lat' dir='ltr'>est</span> <span class='ocrx_word' id='word_1_120' title='bbox 618 1759 730 1819; x_wconf 87' lang='lat' dir='ltr'>aut</span> <span class='ocrx_word' id='word_1_121' title='bbox 786 1755 1037 1839; x_wconf 87' lang='lat' dir='ltr'>quando</span> <span class='ocrx_word' id='word_1_122' title='bbox 1093 1755 1406 1819; x_wconf 77' lang='lat' dir='ltr'>ventura?</span> <span class='ocrx_word' id='word_1_123' title='bbox 1479 1753 1697 1819; x_wconf 88' lang='lat' dir='ltr'>Placet</span> <span class='ocrx_word' id='word_1_124' title='bbox 1749 1754 1908 1818; x_wconf 90' lang='lat' dir='ltr'>mihi</span> <span class='ocrx_word' id='word_1_125' title='bbox 1954 1776 2058 1819; x_wconf 88' lang='lat' dir='ltr'>res</span> <span class='ocrx_word' id='word_1_126' title='bbox 2105 1755 2222 1840; x_wconf 89' lang='lat' dir='ltr'>sic,</span> <span class='ocrx_word' id='word_1_127' title='bbox 2278 1759 2352 1819; x_wconf 91' lang='lat' dir='ltr'>ut</span> <span class='ocrx_word' id='word_1_128' title='bbox 2381 1781 2435 1822; x_wconf 65' lang='grc' dir='ltr'>ιε</span> 
     </span>
    </p>

    <p class='ocr_par' dir='ltr' id='par_1_6' title="bbox 270 1841 2355 2194">
     <span class='ocr_line' id='line_1_17' title="bbox 270 1841 2355 1927; baseline 0 -21"><span class='ocrx_word' id='word_1_129' title='bbox 270 1860 300 1906; x_wconf 79' lang='lat'>2</span> <span class='ocrx_word' id='word_1_130' title='bbox 340 1844 687 1909; x_wconf 90' lang='lat' dir='ltr'>secundum</span> <span class='ocrx_word' id='word_1_131' title='bbox 733 1842 1053 1908; x_wconf 75' lang='lat' dir='ltr'>Othonem</span> <span class='ocrx_word' id='word_1_132' title='bbox 1094 1843 1261 1907; x_wconf 87' lang='lat' dir='ltr'>nihil</span> <span class='ocrx_word' id='word_1_133' title='bbox 1304 1844 1528 1927; x_wconf 80' lang='lat' dir='ltr'>magis,</span> <span class='ocrx_word' id='word_1_134' title='bbox 1606 1841 1728 1906; x_wconf 81' lang='lat' dir='ltr'>Sed</span> <span class='ocrx_word' id='word_1_135' title='bbox 1763 1864 1971 1927; x_wconf 89' lang='lat' dir='ltr'>neque</span> <span class='ocrx_word' id='word_1_136' title='bbox 2007 1843 2172 1908; x_wconf 87' lang='lat' dir='ltr'>hanc</span> <span class='ocrx_word' id='word_1_137' title='bbox 2207 1865 2355 1908; x_wconf 83' lang='lat' dir='ltr'>ven-</span> 
     </span>
     <span class='ocr_line' id='line_1_18' title="bbox 337 1929 2354 2019; baseline 0 -22"><span class='ocrx_word' id='word_1_138' title='bbox 337 1932 616 1997; x_wconf 87' lang='lat' dir='ltr'>dituram</span> <span class='ocrx_word' id='word_1_139' title='bbox 660 1936 818 2016; x_wconf 88' lang='lat' dir='ltr'>puto</span> <span class='ocrx_word' id='word_1_140' title='bbox 865 1930 1246 2019; x_wconf 84' lang='lat' dir='ltr'>(delectatur</span> <span class='ocrx_word' id='word_1_141' title='bbox 1280 1932 1452 1996; x_wconf 86' lang='lat' dir='ltr'>enim</span> <span class='ocrx_word' id='word_1_142' title='bbox 1487 1935 1551 1996; x_wconf 88' lang='lat' dir='ltr'>et</span> <span class='ocrx_word' id='word_1_143' title='bbox 1588 1931 1847 2015; x_wconf 86' lang='lat' dir='ltr'>copiosa</span> <span class='ocrx_word' id='word_1_144' title='bbox 1883 1929 2031 2018; x_wconf 85' lang='lat' dir='ltr'>est),</span> <span class='ocrx_word' id='word_1_145' title='bbox 2066 1935 2151 2019; x_wconf 83' lang='lat' dir='ltr'>et,</span> <span class='ocrx_word' id='word_1_146' title='bbox 2193 1932 2354 1997; x_wconf 88' lang='lat' dir='ltr'>illud</span> 
     </span>
     <span class='ocr_line' id='line_1_19' title="bbox 338 2020 2355 2105; baseline 0.001 -21"><span class='ocrx_word' id='word_1_147' title='bbox 338 2021 613 2085; x_wconf 83' lang='lat' dir='ltr'>alterum</span> <span class='ocrx_word' id='word_1_148' title='bbox 660 2044 851 2104; x_wconf 89' lang='lat' dir='ltr'>quam</span> <span class='ocrx_word' id='word_1_149' title='bbox 898 2022 983 2084; x_wconf 88' lang='lat' dir='ltr'>sit</span> <span class='ocrx_word' id='word_1_150' title='bbox 1029 2022 1305 2104; x_wconf 83' lang='lat' dir='ltr'>difficile,</span> <span class='ocrx_word' id='word_1_151' title='bbox 1350 2025 1416 2084; x_wconf 89' lang='lat' dir='ltr'>te</span> <span class='ocrx_word' id='word_1_152' title='bbox 1449 2042 1582 2084; x_wconf 89' lang='lat' dir='ltr'>non</span> <span class='ocrx_word' id='word_1_153' title='bbox 1619 2021 1803 2105; x_wconf 74' lang='lat' dir='ltr'>fugit.</span> <span class='ocrx_word' id='word_1_154' title='bbox 1880 2020 2021 2105; x_wconf 83' lang='lat' dir='ltr'>Sed,</span> <span class='ocrx_word' id='word_1_155' title='bbox 2068 2022 2355 2105; x_wconf 81' lang='lat' dir='ltr'>obsecro,</span> 
     </span>
     <span class='ocr_line' id='line_1_20' title="bbox 339 2109 2351 2194; baseline -0 -21"><span class='ocrx_word' id='word_1_156' title='bbox 339 2111 680 2193; x_wconf 75' lang='lat' dir='ltr'>enitamur,</span> <span class='ocrx_word' id='word_1_157' title='bbox 735 2113 809 2173; x_wconf 89' lang='lat' dir='ltr'>ut</span> <span class='ocrx_word' id='word_1_158' title='bbox 855 2109 1096 2193; x_wconf 89' lang='lat' dir='ltr'>aliquid</span> <span class='ocrx_word' id='word_1_159' title='bbox 1133 2109 1212 2172; x_wconf 90' lang='lat' dir='ltr'>ad</span> <span class='ocrx_word' id='word_1_160' title='bbox 1257 2110 1349 2191; x_wconf 85' lang='lat' dir='ltr'>id,</span> <span class='ocrx_word' id='word_1_161' title='bbox 1411 2109 1583 2192; x_wconf 93' lang='lat' dir='ltr'>quod</span> <span class='ocrx_word' id='word_1_162' title='bbox 1629 2110 1817 2192; x_wconf 87' lang='lat' dir='ltr'>cupio</span> <span class='ocrx_word' id='word_1_163' title='bbox 1827 2162 1845 2194; x_wconf 88' lang='lat'><em>‚</em></span> <span class='ocrx_word' id='word_1_164' title='bbox 1899 2110 2351 2194; x_wconf 81' lang='lat' dir='ltr'>excogitemus,</span> 
     </span>
    </p>

    <p class='ocr_par' dir='ltr' id='par_1_7' title="bbox 267 2197 2441 2459">
     <span class='ocr_line' id='line_1_21' title="bbox 267 2197 2441 2282; baseline 0.001 -22"><span class='ocrx_word' id='word_1_165' title='bbox 267 2213 301 2267; x_wconf 80' lang='lat'><em>8</em></span> <span class='ocrx_word' id='word_1_166' title='bbox 470 2197 614 2281; x_wconf 86' lang='lat' dir='ltr'>Ego</span> <span class='ocrx_word' id='word_1_167' title='bbox 661 2219 762 2260; x_wconf 91' lang='lat' dir='ltr'>me</span> <span class='ocrx_word' id='word_1_168' title='bbox 806 2198 955 2260; x_wconf 87' lang='lat' dir='ltr'>hinc</span> <span class='ocrx_word' id='word_1_169' title='bbox 1002 2197 1309 2280; x_wconf 82' lang='lat' dir='ltr'>postridie</span> <span class='ocrx_word' id='word_1_170' title='bbox 1357 2197 1454 2261; x_wconf 82' lang='lat' dir='ltr'>Id.</span> <span class='ocrx_word' id='word_1_171' title='bbox 1500 2198 1822 2260; x_wconf 85' lang='lat' dir='ltr'>exiturum</span> <span class='ocrx_word' id='word_1_172' title='bbox 1868 2202 2048 2282; x_wconf 64' lang='lat' dir='ltr'>pum,</span> <span class='ocrx_word' id='word_1_173' title='bbox 2094 2198 2204 2262; x_wconf 91' lang='lat' dir='ltr'>sed</span> <span class='ocrx_word' id='word_1_174' title='bbox 2241 2203 2354 2261; x_wconf 88' lang='lat' dir='ltr'>aut</span> <span class='ocrx_word' id='word_1_175' title='bbox 2384 2224 2441 2262; x_wconf 83' lang='lat'>20</span> 
     </span>
     <span class='ocr_line' id='line_1_22' title="bbox 334 2285 2353 2370; baseline 0.001 -22"><span class='ocrx_word' id='word_1_176' title='bbox 334 2285 406 2349; x_wconf 90' lang='lat' dir='ltr'>in</span> <span class='ocrx_word' id='word_1_177' title='bbox 460 2285 889 2349; x_wconf 85' lang='lat' dir='ltr'>Tusculanum</span> <span class='ocrx_word' id='word_1_178' title='bbox 950 2290 1061 2348; x_wconf 89' lang='lat' dir='ltr'>aut</span> <span class='ocrx_word' id='word_1_179' title='bbox 1125 2285 1413 2370; x_wconf 87' lang='lat' dir='ltr'>domum,</span> <span class='ocrx_word' id='word_1_180' title='bbox 1474 2285 1622 2348; x_wconf 89' lang='lat' dir='ltr'>inde</span> <span class='ocrx_word' id='word_1_181' title='bbox 1683 2285 1959 2349; x_wconf 87' lang='lat' dir='ltr'>fortasse</span> <span class='ocrx_word' id='word_1_182' title='bbox 2012 2285 2353 2370; x_wconf 85' lang='lat' dir='ltr'>Arpinum.</span> 
     </span>
     <span class='ocr_line' id='line_1_23' title="bbox 340 2371 1632 2459; baseline 0 -21"><span class='ocrx_word' id='word_1_183' title='bbox 340 2371 502 2438; x_wconf 83' lang='lat' dir='ltr'>Cum</span> <span class='ocrx_word' id='word_1_184' title='bbox 548 2378 792 2437; x_wconf 87' lang='lat' dir='ltr'>certum</span> <span class='ocrx_word' id='word_1_185' title='bbox 840 2373 1060 2459; x_wconf 74' lang='lat' dir='ltr'>eciem,</span> <span class='ocrx_word' id='word_1_186' title='bbox 1106 2374 1380 2438; x_wconf 89' lang='lat' dir='ltr'>scribam</span> <span class='ocrx_word' id='word_1_187' title='bbox 1427 2374 1506 2436; x_wconf 83' lang='lat' dir='ltr'>ad</span> <span class='ocrx_word' id='word_1_188' title='bbox 1549 2378 1632 2438; x_wconf 91' lang='lat' dir='ltr'>te.</span> 
     </span>
    </p>
   </div>
   <div class='ocr_carea' id='block_1_5' title="bbox 745 2548 1941 2739">
    <p class='ocr_par' dir='ltr' id='par_1_8' title="bbox 745 2548 1941 2739">
     <span class='ocr_line' id='line_1_24' title="bbox 1228 2548 1457 2615; baseline 0.004 -1"><span class='ocrx_word' id='word_1_189' title='bbox 1228 2548 1457 2615; x_wconf 91' lang='lat' dir='ltr'>XLIII.</span> 
     </span>
     <span class='ocr_line' id='line_1_25' title="bbox 745 2670 1941 2739; baseline -0.001 -12"><span class='ocrx_word' id='word_1_190' title='bbox 745 2670 857 2727; x_wconf 77' lang='lat' dir='ltr'>Ser.</span> <span class='ocrx_word' id='word_1_191' title='bbox 891 2674 1128 2727; x_wconf 74' lang='lat' dir='ltr'>Asturae</span> <span class='ocrx_word' id='word_1_192' title='bbox 1163 2671 1261 2726; x_wconf 88' lang='lat' dir='ltr'>IV</span> <span class='ocrx_word' id='word_1_193' title='bbox 1290 2673 1379 2726; x_wconf 84' lang='lat' dir='ltr'>Id.</span> <span class='ocrx_word' id='word_1_194' title='bbox 1412 2672 1557 2726; x_wconf 73' lang='lat' dir='ltr'>Mai.</span> <span class='ocrx_word' id='word_1_195' title='bbox 1588 2689 1639 2726; x_wconf 85' lang='lat' dir='ltr'>a.</span> <span class='ocrx_word' id='word_1_196' title='bbox 1671 2674 1782 2727; x_wconf 83' lang='lat'>709</span> <span class='ocrx_word' id='word_1_197' title='bbox 1820 2674 1941 2739; x_wconf 83' lang='lat'><em>(45)</em></span> 
     </span>
    </p>
   </div>
   <div class='ocr_carea' id='block_1_6' title="bbox 941 2794 2441 2850">
    <p class='ocr_par' dir='ltr' id='par_1_9' title="bbox 941 2794 2441 2850">
     <span class='ocr_line' id='line_1_26' title="bbox 941 2794 2441 2850; baseline -0.002 -1"><span class='ocrx_word' id='word_1_198' title='bbox 941 2795 1229 2850; x_wconf 86' lang='lat' dir='ltr'><strong><em>CICERO</em></strong></span> <span class='ocrx_word' id='word_1_199' title='bbox 1263 2794 1557 2849; x_wconf 86' lang='lat' dir='ltr'><strong><em>ATTICO</em></strong></span> <span class='ocrx_word' id='word_1_200' title='bbox 1593 2794 1756 2849; x_wconf 86' lang='lat' dir='ltr'><strong><em>SAL.</em></strong></span> <span class='ocrx_word' id='word_1_201' title='bbox 2385 2807 2441 2846; x_wconf 77' lang='lat'>25</span> 
     </span>
    </p>
   </div>
   <div class='ocr_carea' id='block_1_7' title="bbox 27 2901 2451 3607">
    <p class='ocr_par' dir='ltr' id='par_1_10' title="bbox 27 2901 2358 3164">
     <span class='ocr_line' id='line_1_27' title="bbox 27 2901 2358 2989; baseline 0 -21"><span class='ocrx_word' id='word_1_202' title='bbox 27 2921 225 2970; x_wconf 70' lang='lat' dir='ltr'>unu</span> <span class='ocrx_word' id='word_1_203' title='bbox 250 2919 293 2972; x_wconf 73' lang='grc' dir='ltr'>ο)</span> <span class='ocrx_word' id='word_1_204' title='bbox 462 2901 746 2969; x_wconf 87' lang='lat' dir='ltr'>Venerat</span> <span class='ocrx_word' id='word_1_205' title='bbox 798 2903 960 2967; x_wconf 90' lang='lat' dir='ltr'>mihi</span> <span class='ocrx_word' id='word_1_206' title='bbox 1006 2904 1077 2966; x_wconf 90' lang='lat' dir='ltr'>in</span> <span class='ocrx_word' id='word_1_207' title='bbox 1121 2907 1400 2968; x_wconf 86' lang='lat' dir='ltr'>mentem</span> <span class='ocrx_word' id='word_1_208' title='bbox 1445 2925 1704 2967; x_wconf 90' lang='lat' dir='ltr'>monere</span> <span class='ocrx_word' id='word_1_209' title='bbox 1750 2907 1833 2989; x_wconf 88' lang='lat' dir='ltr'>te,</span> <span class='ocrx_word' id='word_1_210' title='bbox 1891 2906 1966 2966; x_wconf 89' lang='lat' dir='ltr'>ut</span> <span class='ocrx_word' id='word_1_211' title='bbox 2010 2903 2076 2967; x_wconf 93' lang='lat' dir='ltr'>id</span> <span class='ocrx_word' id='word_1_212' title='bbox 2122 2904 2358 2989; x_wconf 86' lang='lat' dir='ltr'>ipsum,</span> 
     </span>
     <span class='ocr_line' id='line_1_28' title="bbox 338 2991 2357 3077; baseline 0 -22"><span class='ocrx_word' id='word_1_213' title='bbox 338 2992 509 3076; x_wconf 92' lang='lat' dir='ltr'>quod</span> <span class='ocrx_word' id='word_1_214' title='bbox 545 2993 722 3077; x_wconf 79' lang='lat' dir='ltr'>faciS‚</span> <span class='ocrx_word' id='word_1_215' title='bbox 766 2992 1022 3056; x_wconf 87' lang='lat' dir='ltr'>faceres.</span> <span class='ocrx_word' id='word_1_216' title='bbox 1085 2991 1401 3071; x_wconf 87' lang='lat' dir='ltr'>Putabam</span> <span class='ocrx_word' id='word_1_217' title='bbox 1440 2992 1610 3056; x_wconf 89' lang='lat' dir='ltr'>enim</span> <span class='ocrx_word' id='word_1_218' title='bbox 1646 2991 2044 3056; x_wconf 79' lang='lat' dir='ltr'>commodius</span> <span class='ocrx_word' id='word_1_219' title='bbox 2082 2996 2148 3055; x_wconf 91' lang='lat' dir='ltr'>te</span> <span class='ocrx_word' id='word_1_220' title='bbox 2185 2993 2357 3056; x_wconf 89' lang='lat' dir='ltr'>idem</span> 
     </span>
     <span class='ocr_line' id='line_1_29' title="bbox 335 3080 2074 3164; baseline -0.002 -19"><span class='ocrx_word' id='word_1_221' title='bbox 335 3080 513 3145; x_wconf 87' lang='lat' dir='ltr'>istud</span> <span class='ocrx_word' id='word_1_222' title='bbox 558 3081 729 3144; x_wconf 91' lang='lat' dir='ltr'>domi</span> <span class='ocrx_word' id='word_1_223' title='bbox 775 3101 962 3164; x_wconf 85' lang='lat' dir='ltr'>agere</span> <span class='ocrx_word' id='word_1_224' title='bbox 1007 3102 1196 3163; x_wconf 92' lang='lat' dir='ltr'>posse</span> <span class='ocrx_word' id='word_1_225' title='bbox 1240 3080 1758 3163; x_wconf 86' lang='lat' dir='ltr'>interpellatione</span> <span class='ocrx_word' id='word_1_226' title='bbox 1805 3080 2074 3143; x_wconf 86' lang='lat' dir='ltr'>sublata.</span> 
     </span>
    </p>

    <p class='ocr_par' dir='ltr' id='par_1_11' title="bbox 177 3166 2451 3607">
     <span class='ocr_line' id='line_1_30' title="bbox 177 3166 2357 3254; baseline 0.001 -26"><span class='ocrx_word' id='word_1_227' title='bbox 177 3186 210 3235; x_wconf 83' lang='lat'>2</span> <span class='ocrx_word' id='word_1_228' title='bbox 243 3185 304 3238; x_wconf 84' lang='lat'>(1)</span> <span class='ocrx_word' id='word_1_229' title='bbox 472 3168 616 3253; x_wconf 84' lang='lat' dir='ltr'>Ego</span> <span class='ocrx_word' id='word_1_230' title='bbox 662 3169 971 3252; x_wconf 87' lang='lat' dir='ltr'>postridie</span> <span class='ocrx_word' id='word_1_231' title='bbox 1016 3166 1195 3254; x_wconf 73' lang='lat' dir='ltr'>Idne,</span> <span class='ocrx_word' id='word_1_232' title='bbox 1248 3172 1325 3232; x_wconf 89' lang='lat' dir='ltr'>ut</span> <span class='ocrx_word' id='word_1_233' title='bbox 1370 3169 1596 3251; x_wconf 86' lang='lat' dir='ltr'>scripsi</span> <span class='ocrx_word' id='word_1_234' title='bbox 1643 3168 1724 3232; x_wconf 88' lang='lat' dir='ltr'>ad</span> <span class='ocrx_word' id='word_1_235' title='bbox 1768 3172 1833 3232; x_wconf 89' lang='lat' dir='ltr'>te</span> <span class='ocrx_word' id='word_1_236' title='bbox 1879 3172 2043 3252; x_wconf 87' lang='lat' dir='ltr'>ante,</span> <span class='ocrx_word' id='word_1_237' title='bbox 2102 3166 2357 3232; x_wconf 84' lang='lat' dir='ltr'>Lanuvi</span> 
     </span>
     <span class='ocr_line' id='line_1_31' title="bbox 333 3255 2451 3342; baseline -0 -17"><span class='ocrx_word' id='word_1_238' title='bbox 333 3278 592 3325; x_wconf 86' lang='lat' dir='ltr'>manere</span> <span class='ocrx_word' id='word_1_239' title='bbox 644 3257 977 3340; x_wconf 86' lang='lat' dir='ltr'>constitui,</span> <span class='ocrx_word' id='word_1_240' title='bbox 1031 3257 1178 3320; x_wconf 91' lang='lat' dir='ltr'>inde</span> <span class='ocrx_word' id='word_1_241' title='bbox 1234 3262 1347 3320; x_wconf 85' lang='lat' dir='ltr'>aut</span> <span class='ocrx_word' id='word_1_242' title='bbox 1392 3255 1633 3320; x_wconf 87' lang='lat' dir='ltr'>Romae</span> <span class='ocrx_word' id='word_1_243' title='bbox 1689 3260 1799 3320; x_wconf 89' lang='lat' dir='ltr'>aut</span> <span class='ocrx_word' id='word_1_244' title='bbox 1844 3256 1914 3319; x_wconf 91' lang='lat' dir='ltr'>in</span> <span class='ocrx_word' id='word_1_245' title='bbox 1959 3256 2356 3342; x_wconf 82' lang='lat' dir='ltr'>Tusculan03</span> <span class='ocrx_word' id='word_1_246' title='bbox 2389 3284 2451 3324; x_wconf 76' lang='lat' dir='ltr'>so</span> 
     </span>
     <span class='ocr_line' id='line_1_32' title="bbox 335 3344 2360 3428; baseline 0 -20"><span class='ocrx_word' id='word_1_247' title='bbox 335 3345 496 3408; x_wconf 86' lang='lat' dir='ltr'>scies</span> <span class='ocrx_word' id='word_1_248' title='bbox 544 3349 719 3428; x_wconf 85' lang='lat' dir='ltr'>ante,</span> <span class='ocrx_word' id='word_1_249' title='bbox 771 3349 1004 3409; x_wconf 89' lang='lat' dir='ltr'>utrum.</span> <span class='ocrx_word' id='word_1_250' title='bbox 1095 3345 1140 3427; x_wconf 83' lang='lat'>†</span> <span class='ocrx_word' id='word_1_251' title='bbox 1160 3344 1347 3420; x_wconf 82' lang='lat' dir='ltr'>Quod</span> <span class='ocrx_word' id='word_1_252' title='bbox 1392 3346 1550 3409; x_wconf 90' lang='lat' dir='ltr'>scies</span> <span class='ocrx_word' id='word_1_253' title='bbox 1597 3348 1766 3409; x_wconf 87' lang='lat' dir='ltr'>recte</span> <span class='ocrx_word' id='word_1_254' title='bbox 1810 3344 1990 3408; x_wconf 89' lang='lat' dir='ltr'>illam</span> <span class='ocrx_word' id='word_1_255' title='bbox 2034 3367 2171 3408; x_wconf 87' lang='lat' dir='ltr'>rem</span> <span class='ocrx_word' id='word_1_256' title='bbox 2214 3346 2360 3409; x_wconf 90' lang='lat' dir='ltr'>fore</span> 
     </span>
     <span class='ocr_line' id='line_1_33' title="bbox 331 3432 2362 3520; baseline 0.003 -29"><span class='ocrx_word' id='word_1_257' title='bbox 331 3432 721 3515; x_wconf 63' lang='lat' dir='ltr'>,levament07</span> <span class='ocrx_word' id='word_1_258' title='bbox 783 3432 943 3496; x_wconf 92' lang='lat' dir='ltr'>bene</span> <span class='ocrx_word' id='word_1_259' title='bbox 998 3432 1154 3496; x_wconf 87' lang='lat' dir='ltr'>facis</span> <span class='ocrx_word' id='word_1_260' title='bbox 1216 3434 1568 3497; x_wconf 89' lang='lat' dir='ltr'>cumidesse</span> <span class='ocrx_word' id='word_1_261' title='bbox 1621 3433 1782 3496; x_wconf 87' lang='lat' dir='ltr'>mihi</span> <span class='ocrx_word' id='word_1_262' title='bbox 1837 3433 2016 3496; x_wconf 89' lang='lat' dir='ltr'>crede</span> <span class='ocrx_word' id='word_1_263' title='bbox 2071 3433 2362 3520; x_wconf 86' lang='lat' dir='ltr'>perinde,</span> 
     </span>
     <span class='ocr_line' id='line_1_34' title="bbox 335 3519 2361 3607; baseline 0.003 -27"><span class='ocrx_word' id='word_1_264' title='bbox 335 3523 408 3581; x_wconf 90' lang='lat' dir='ltr'>ut</span> <span class='ocrx_word' id='word_1_265' title='bbox 455 3519 818 3582; x_wconf 86' lang='lat' dir='ltr'>existimare</span> <span class='ocrx_word' id='word_1_266' title='bbox 863 3524 937 3582; x_wconf 90' lang='lat' dir='ltr'>tu</span> <span class='ocrx_word' id='word_1_267' title='bbox 972 3542 1103 3583; x_wconf 90' lang='lat' dir='ltr'>non</span> <span class='ocrx_word' id='word_1_268' title='bbox 1138 3526 1340 3605; x_wconf 89' lang='lat' dir='ltr'>potes.</span> <span class='ocrx_word' id='word_1_269' title='bbox 1413 3521 1541 3585; x_wconf 90' lang='lat' dir='ltr'>Res</span> <span class='ocrx_word' id='word_1_270' title='bbox 1579 3521 1838 3607; x_wconf 84' lang='lat' dir='ltr'>indicat,</span> <span class='ocrx_word' id='word_1_271' title='bbox 1883 3526 2123 3605; x_wconf 89' lang='lat' dir='ltr'>quanto</span> <span class='ocrx_word' id='word_1_272' title='bbox 2164 3544 2361 3606; x_wconf 87' lang='lat' dir='ltr'>opere</span> 
     </span>
    </p>
   </div>
   <div class='ocr_carea' id='block_1_8' title="bbox 2613 84 2616 802">
    <p class='ocr_par' dir='ltr' id='par_1_12' title="bbox 2613 84 2616 802">
     <span class='ocr_line' id='line_1_35' title="bbox 2613 84 2616 802; baseline 0 0"><span class='ocrx_word' id='word_1_273' title='bbox 2613 84 2616 802; x_wconf 95' lang='lat' dir='ltr'> </span> 
     </span>
    </p>
   </div>
  </div>
 </body>
</html>
