2642 3923
1077 222 1134 275 P.
1169 227 1463 276 135—140.
2130 220 2274 275 XLV

265 365 331 413 14
366 360 725 429 adroyantur
761 361 938 427 codd,
978 360 1213 415 Schiche
1249 361 1284 415 1,
1316 362 1372 428 1.,
1410 363 1767 432 adroyanter
1804 363 1948 429 edd.,
1985 366 2278 429 tamquam

264 447 300 483 a
333 429 591 484 Schichio
627 434 908 485 mutatum
943 435 1136 486 tuetur
1171 433 1228 485 L.
1261 432 1477 486 Gurlitt
1510 450 1697 501 progr.
1727 432 1964 502 Steglitz
2003 438 2140 486 1898
2167 450 2220 501 p.
2245 438 2276 483 3

261 507 473 556 11.2.-
505 506 570 554 15
599 518 712 555 uon
741 502 980 556 alterum
1006 502 1221 557 habent
1248 503 1408 557 codd.
1428 505 1556 557 Zet
1575 520 1605 557 c
1624 503 1933 570 (Lehmann
1961 503 2079 557 Att.
2096 521 2149 572 p.
2171 506 2276 570 70),

263 588 367 626 om.
397 579 463 626 Δ.
528 572 619 625 Ad
652 590 707 642 p.
740 578 823 627 84.
856 578 940 627 28.
980 605 1047 613 —
1084 574 1162 627 Π).
1194 574 1498 641 δυσεκλάλη
1502 595 1570 627 τα
1606 573 1865 642 Turneb.,
1903 572 2189 629 Gurlittl.
2220 573 2276 639 1.,

264 643 771 698 ΔΥΕΕΕΚΙΛΛΗΤΑ
799 642 875 712 Μ,
905 661 1032 697 011111
1060 659 1223 700 cruce
1241 645 1388 699 Boot
1416 647 1659 715 (δυςεκ.),
1689 617 2040 714 δυσεξείλητα
2065 644 2277 710 Baiter,

262 688 898 782 Τ]ι·1·6Π,δυσεξι’λλητα,
935 712 1301 784 δυσεξέλικτα,
1339 714 2130 785 δυσδιήγητα,δυσδιεξήγητα
2159 713 2277 779 alii,

264 783 594 838 δυσὲκλεκτα
633 783 870 839 Schiche
905 783 1001 838 1.1.
1031 803 1087 855 p.
1111 791 1285 840 15,-
1312 791 1381 839 23
1419 803 1531 840 non
1567 788 1722 840 modo
1756 788 1927 852 homo,
1961 787 2055 840 sed
2090 802 2159 840 ue
2183 803 2277 841 ru-

264 871 380 909 mor
418 872 509 923 quc
497 856 635 908 idem
671 857 956 924 quisquam
991 873 1092 911 scr
1125 858 1298 926 (homo
1336 874 1489 911 nemo
1498 860 1562 927 ⁴?),
1597 873 1711 911 uon
1746 858 1903 912 modo
1942 874 2095 911 nemo
2123 857 2279 911 modo

263 927 361 993 (ad
387 943 441 995 p.
464 931 547 978 24.
571 927 625 994 8)
650 943 719 981 ue
747 927 926 980 Roma
952 928 1166 996 quidem
1194 929 1479 997 quisquam
1508 928 1686 993 codd.
1724 944 1850 981 cum
1878 944 2040 981 cruce
2068 926 2279 986 Baiter,

263 1013 378 1050 non
422 997 580 1050 modo
614 1014 769 1051 nemo
805 999 986 1063 domo,
1029 999 1123 1052 sed
1157 1015 1225 1053 ne
1262 999 1442 1052 Roma
1478 1000 1691 1067 quidem
1727 1000 2012 1067 quisquam
2047 998 2278 1066 Kayser,

263 1067 447 1121 Madv,
470 1066 608 1120 Adv.
637 1067 762 1136 Hp
766 1074 920 1134 ,,235
958 1067 1042 1136 Ty
1044 1086 1113 1121 rr.
1142 1069 1338 1138 (domo,
1373 1085 1556 1123 verum
1583 1067 1824 1123 Hirschf.
1845 1068 2116 1123 FleckeiS.
2151 1083 2276 1120 ann.

266 1144 403 1192 1871
442 1155 498 1206 Ρ.
530 1140 671 1207 205),
708 1137 990 1204 Wesenb.,
1029 1139 1130 1193 sed
1167 1139 1363 1193 addito
1401 1140 1669 1193 asterisco
1700 1140 1937 1193 addend.
1960 1139 2101 1193 coni.
2121 1156 2278 1192 cur-a

263 1210 342 1263 vit
376 1208 467 1261 vel
502 1208 634 1275 fecit
667 1209 755 1263 vel
790 1182 1024 1278 scripsit,
1060 1227 1213 1264 nemo
1250 1226 1564 1276 meorum,
1599 1212 1692 1264 sed
1727 1227 1795 1263 ue
1828 1227 2015 1264 rumor
2050 1211 2282 1279 quidem,

264 1280 574 1349 quicquam
608 1286 674 1334 ut
715 1283 972 1334 sciremus
1007 1280 1243 1334 Schiche
1277 1297 1463 1362 progr.
1492 1280 1672 1335 Berol.
1705 1287 1840 1334 1895
1877 1299 1931 1350 p.
1964 1287 2029 1335 15
2052 1298 2133 1348 sq.
2198 1279 2282 1333 De

268 1350 451 1421 ‘gravi
506 1351 778 1404 orationis
832 1351 970 1404 vitio
1023 1369 1209 1405 rumor
1262 1353 1570 1421 quisquam'
1619 1351 1850 1421 Madvig
1896 1352 2177 1405 dicturum
2223 1367 2282 1403 se

263 1421 561 1491 profitetur
593 1422 667 1474 ad
686 1420 761 1474 XI
779 1427 935 1488 25.1‚
964 1421 1062 1474 ubi
1090 1439 1143 1491 p.
1158 1427 1261 1475 208
1295 1424 1621 1490 ‘pronomen
1648 1424 1935 1491 quisquam
1962 1420 2284 1476 Ciceronem

262 1494 494 1561 praeter
539 1491 826 1546 vocabulis
864 1492 1118 1545 homines
1157 1492 1605 1562 significantibus
1645 1493 1931 1546 addidisse
1969 1493 2142 1545 etiam
2186 1508 2281 1560 ap-

262 1561 671 1632 pellationibus
717 1563 963 1632 plurium
996 1563 1301 1631 hominum,
1341 1581 1466 1618 cum
1504 1564 1587 1617 rei
1623 1564 1867 1617 nomine’
1907 1580 2019 1617 non
2056 1562 2283 1617 coniun-

262 1634 418 1687 xisse
454 1633 635 1686 docet.
708 1633 876 1702 Mihi,
913 1634 1180 1702 quoniam
1215 1633 1387 1688 semel
1426 1635 1576 1703 apud
1614 1632 1937 1689 Ciceronem
1970 1633 2283 1687 invenimus

264 1705 401 1759 ordo
437 1705 740 1785 quisquam,
775 1722 946 1775 genus
979 1706 1257 1759 hominum
1293 1707 1600 1775 quodquam
1636 1705 1823 1759 nescio
1862 1721 1935 1758 an
1971 1706 2283 1773 quidquam,

265 1777 468 1846 legatio
516 1773 633 1828 sive
678 1793 979 1859 quaequam
1014 1775 1130 1829 sive
1166 1778 1479 1844 quisqzmm,
1526 1794 1640 1830 uon
1675 1777 1831 1830 modo
1866 1777 2046 1841 homa,
2090 1775 2183 1828 sed
2218 1791 2286 1827 ‘ne

262 1861 456 1901 rumor
500 1846 717 1914 quidem
760 1848 1047 1916 quisquam
1090 1846 1318 1900 facilius
1364 1846 1594 1900 tolerari
1637 1862 1804 1928 posse
1847 1817 2070 1899 videtu’r
2115 1861 2286 1912 quam

263 1934 379 1972 non
416 1917 575 1972 modo
610 1933 869 1972 nemo—
903 1918 997 1973 sed
1031 1934 1098 1972 ne
1134 1918 1315 1972 Roma
1352 1918 1592 1987 quidem,
1639 1917 1700 1970 in
1737 1932 1866 1985 qUO,
1911 1932 2058 1984 quae
2093 1915 2288 1970 volunt

266 2004 391 2042 6666
431 1988 731 2054 contraria,
767 1990 960 2043 domus
995 1991 1054 2042 et
1078 1989 1275 2057 Roma,
1311 2004 1496 2056 neque
1531 1986 1809 2042 collocata
1845 1990 1979 2041 sunt
2011 1990 2165 2041 recte
2190 2002 2284 2040 ne-

266 2074 377 2127 que
415 2060 552 2111 sunt
588 2059 829 2127 omnin0,
866 2062 933 2114 111,
967 2059 1182 2130 opinor,
1220 2059 1519 2114 contraria.
1582 2089 1647 2099 —
1702 2063 1770 2112 29
1807 2059 1965 2111 urbe
2000 2059 2288 2111 dumtaxat

265 2137 317 2184 et
369 2130 529 2183 urbis
581 2138 894 2185 omameuto
948 2137 1000 2185 et
1050 2131 1328 2184 hominum
1381 2147 1580 2184 amore
1632 2130 1696 2184 iu
1747 2135 1798 2184 te
1849 2135 1908 2183 et
1962 2130 2088 2196 (om.
2128 2128 2286 2194 Boot,

267 2198 531 2268 Schiche)
574 2200 640 2253 iu
686 2217 786 2254 nos
831 2203 1069 2270 quadam
1105 2201 1468 2255 benevolentia
1502 2199 1793 2267 Wesenb.,
1838 2199 2007 2267 Boot,
2051 2198 2289 2268 Tyr-rell,

268 2269 509 2324 Schiche
543 2286 729 2340 progr.
758 2270 937 2325 Berol.
971 2275 1108 2325 1895
1143 2289 1198 2340 p.
1232 2276 1324 2337 16,
1363 2272 1516 2325 twrbe
1550 2273 1662 2339 (tur
1664 2273 1762 2325 bae
1794 2270 2007 2337 Baiter)
2043 2271 2210 2324 dumt.
2240 2277 2290 2324 et

266 2341 430 2395 urbis
472 2348 865 2396 ornamentum
910 2349 962 2396 et
1003 2343 1282 2395 hominum
1318 2357 1541 2396 amores
1576 2340 1681 2410 (M,
1726 2343 1927 2396 Amore
1961 2339 2023 2409 C)
2058 2342 2123 2395 iu
2156 2348 2206 2395 te
2241 2347 2289 2394 et

268 2414 402 2481 (om.
432 2410 511 2480 M)
545 2413 608 2465 iu
641 2428 744 2467 nos
780 2414 1046 2480 quaedam
1082 2413 1254 2466 benev.
1287 2413 1465 2479 codd,
1509 2411 1718 2466 Baiter.
1755 2443 1826 2452 —
1863 2417 1928 2465 31
1970 2412 2092 2466 sine
2128 2427 2289 2465 cruce

267 2482 483 2547 Baiter,
513 2484 646 2536 ante
671 2499 737 2536 ea
753 2483 1015 2538 Wesenb.
1035 2485 1056 2552 (
1065 2481 1302 2536 τ1119611116
1329 2455 1561 2536 verb’mn
1590 2481 1838 2551 aliquod,
1856 2485 1923 2536 111,
1938 2488 2227 2537 commeat?
2231 2483 2289 2551 ',)

266 2554 441 2620 Boot,
497 2552 716 2621 Tyrrell
764 2554 905 2607 coni.
943 2560 1085 2608 meat
1128 2555 1230 2606 aut
1274 2550 1384 2619 ῤἐῖ,
1440 2555 1731 2608 tumultum
1774 2554 1886 2608 edit
1922 2554 2118 2628 philos
2146 2552 2288 2606 Boot

267 2624 476 2677 Mnem.
509 2628 646 2677 1893
683 2642 737 2694 Ρ.
770 2629 889 2690 118,
929 2624 1025 2678 Es
1063 2624 1142 2677 161,
1176 2640 1245 2676 zu
1281 2621 1465 2678 lesen.
1504 2625 1734 2678 multum
1770 2625 1834 2678 iu
1858 2629 1924 2678 εᾶ
1944 2620 2291 2693 'philosophici

265 2695 509 2749 sursum'
548 2694 721 2764 paulo
759 2695 1128 2749 confidentius
1166 2694 1404 2748 Schiche
1438 2693 1475 2749 l.
1496 2694 1534 2748 1.
1593 2694 1736 2747 Mihi
1771 2694 1831 2748 in
1857 2697 2103 2748 mentem
2129 2709 2290 2747 vene-

267 2769 363 2819 rat
411 2772 586 2832 errat,
633 2767 880 2833 vacillat,
929 2767 1128 2820 titubat
1164 2766 1530 2834 philosophia.
1572 2796 1639 2804 —
1687 2771 1753 2819 35
1807 2767 1892 2821 Tu
1936 2767 2094 2819 velim
2131 2765 2291 2831 Boot,

267 2834 565 2902 Wesenb.,
619 2835 864 2904 Tyr-rell,
919 2837 1154 2891 iuuecim
1188 2834 1300 2902 M¹,
1356 2838 1534 2890 iuncta
1566 2834 1682 2903 Μ’,
1736 2837 1964 2890 iwnctim
2015 2834 2085 2887 Zb
2130 2835 2290 2905 (Leh-

268 2923 445 2960 mann
482 2878 599 2959 At't.
627 2924 681 2975 p.
713 2911 818 2975 36),
854 2907 985 2961 secl.
1014 2903 1222 2960 Baiter.
1253 2938 1323 2947 -
1357 2912 1424 2960 36
1461 2907 1675 2961 scribes
1710 2904 1902 2973 Orelli,
1937 2905 2145 2959 Baiter.
2203 2905 2293 2958 Ad

268 2996 323 3047 p.
356 2982 477 3031 108.
509 2982 594 3030 36.
658 2979 678 3046 ΙΙ
740 2977 810 3032 P.
841 2977 976 3032 139.
999 2982 1030 3031 8
1062 2979 1264 3046 poterit
1290 2975 1526 3031 Schiche
1554 2993 1738 3046 progr.
1760 2976 1939 3030 Berol.
1964 2982 2167 3046 1895p
2171 2982 2291 3043 ,17

265 3055 440 3117 potest
467 3047 594 3102 edd.
622 3078 690 3089 -
720 3053 784 3102 11
823 3049 889 3101 iu
914 3048 1101 3118 Sigon.
1132 3050 1192 3101 61,
1214 3046 1453 3117 Malasp.
1460 3048 1717 3115 ,Baiten
1759 3047 2023 3101 Wesenb.
2030 2994 2291 3116 ,Tyrrell'

271 3137 359 3188 ep.
388 3123 512 3185 200,
547 3118 771 3172 sedendi
804 3136 972 3175 comes
999 3119 1178 3186 codd,
1215 3119 1282 3173 de
1305 3119 1524 3186 Βο61116,
1562 3118 1705 3172 Boot
1731 3116 1985 3187 (Observ.
2007 3136 2062 3188 p.
2085 3121 2192 3185 48).
2225 3149 2293 3158 —

273 3196 339 3242 12
385 3195 640 3270 qesserat
684 3189 920 3258 Pantag.
934 3233 948 3258 ,
1004 3188 1266 3243 Wesenb.
1283 3232 1296 3255 ,
1352 3190 1572 3260 qesserit
1611 3190 1798 3256 codd„
1853 3189 2072 3257 Baiter,
2131 3190 2292 3255 Boot,

269 3257 493 3327 Tyrrell
536 3259 747 3328 ignari,
804 3260 941 3328 quid
985 3259 1176 3314 valeat
1209 3261 1323 3314 etsi.
1400 3257 1479 3314 cf.
1512 3261 1586 3313 ad
1625 3259 1759 3314 Sull.
1789 3277 1842 3328 p.
1876 3265 1997 3313 372.
2029 3265 2077 3313 3.
2120 3291 2188 3300 -
2228 3265 2295 3314 17

267 3331 451 3396 illud,
497 3330 582 3382 Fr.
620 3328 733 3383 Leo
770 3329 885 3384 ind.
916 3331 1042 3385 lect.
1075 3330 1326 3400 Gotbing.
1361 3336 1496 3384 1892
1534 3349 1589 3401 Ρ.
1622 3336 1705 3385 10.
1747 3362 1816 3370 -
1863 3336 1931 3383 24
1969 3326 2296 3384 ’ἐπικώπων

270 3400 520 3467 Ernesti,
577 3400 793 3468 Baiter,
839 3400 1007 3469 Boot,
1052 3372 1307 3469 Tyr-tell,
1342 3402 1701 3456 ΕΠΙΚΟΝΔΕΙ
1752 3401 1941 3468 codd.
2010 3399 2294 3454 ἐπίκωποι)

270 3464 503 3539 Ἦοὺοῃ
547 3470 809 3525 Wesenb.
865 3503 934 3513 --
989 3445 1055 3526 28
1102 3488 1256 3526 nosse
1289 3473 1441 3544 finos,
1509 3478 1753 3527 nostram
1787 3471 2006 3539 Baiter,
2058 3470 2295 3539 Tyr-rell,

273 3542 359 3595 sic
409 3542 561 3596 enim
616 3543 775 3596 codd.
841 3543 929 3596 Ad
981 3561 1034 3612 p.
1067 3549 1152 3597 24.
1182 3548 1230 3597 8.
1311 3546 1332 3612 fl
1466 3541 1653 3598 ..140
1684 3549 1716 3595 3
1762 3544 1838 3596 ad
1883 3560 1984 3607 ea,
2033 3558 2171 3610 quae
2210 3542 2295 3593 ed.
