2642 3923
615 212 1129 269 EPISTULARUM
1163 215 1263 269 AD
1300 214 1629 271 ATTIOUM
1665 215 1716 270 V
1756 222 1840 286 10,
1883 222 1965 273 11.
2168 215 2294 281 139

1232 446 1343 513 XI.

639 564 753 621 Sor.
781 566 1013 621 Athenis
1040 584 1131 638 pr.
1160 568 1309 623 Non.
1347 568 1533 639 Quint.
1563 586 1614 624 a.
1647 572 1754 625 703
1794 571 1930 637 (51).

911 688 1170 746 CICERO
1209 690 1474 748 ATTICO
1514 690 1663 747 SAL.

406 797 567 885 Hui,
624 800 902 866 totiesne
947 822 1050 865 me
1094 801 1348 866 litteras
1395 801 1643 866 dedisse
1689 800 1981 886 Romam,
2026 823 2171 867 cum
2216 801 2295 867 ad
2336 819 2359 867 1

220 910 245 951 5
274 893 337 952 te
383 888 596 953 nullas
632 889 894 954 darem?
960 888 1050 953 At
1086 911 1238 954 vero
1277 888 1550 974 posthac
1584 890 1828 954 frustra
1864 891 2082 975 potius
2127 890 2293 954 dabo

275 997 486 1060 quam,
532 978 587 1041 si
624 988 796 1041 recte
832 978 972 1042 dari
1008 979 1359 1063 potuerint,
1397 978 1818 1064 committam,
1854 983 1930 1043 ut
1966 1000 2092 1043 non
2131 979 2293 1044 dem.

197 1064 201 1068 ’
274 1062 374 1128 Ne
438 1066 767 1149 provincia
830 1066 1020 1131 nobis
1084 1070 1500 1152 prorogetur,
1572 1088 1685 1151 per
1748 1067 2068 1132 fortunas!
2141 1067 2294 1132 dum

275 1153 452 1238 ades,
516 1154 821 1239 quicquid
890 1154 1212 1239 provideri
1263 1156 1522 1238 poterit,
1585 1155 1862 1239 provide.
1954 1153 2105 1220 Non
2169 1156 2294 1220 dici

275 1245 508 1325 potest,
555 1264 748 1328 quam
789 1242 1055 1328 flagrem
1094 1242 1408 1308 desiderio
1445 1243 1644 1326 urbis,
1693 1265 1884 1329 quam
1921 1244 2029 1308 vix
2065 1243 2294 1309 harum

193 1353 248 1394 10
275 1351 489 1394 rerum
533 1331 965 1395 insulsitatem
1011 1332 1229 1397 feram.

407 1418 748 1484 Marcellus
794 1419 979 1485 foede
1015 1421 1086 1498 in
1113 1418 1429 1485 Comensi.
1505 1419 1654 1484 Etsi
1691 1420 1801 1485 ille
1836 1421 2293 1507 magistratum
2330 1438 2362 1486 2

273 1528 406 1570 non
452 1512 754 1592 gesserat,
798 1510 936 1572 erat
980 1512 1197 1572 tamen
1241 1508 1757 1593 Transpadanus.
1847 1506 1950 1574 Ita
1994 1509 2156 1574 mihi
2202 1509 2293 1574 vi·

278 1594 462 1659 detur
517 1617 651 1660 non
712 1596 923 1661 minus
989 1597 1303 1661 stomachi
1364 1602 1590 1661 nostro
1646 1617 1836 1679 quam
1891 1595 2149 1662 Caesari
2202 1598 2291 1663 fe-

275 1683 454 1749 cisse.
545 1682 669 1749 Sed
719 1682 843 1749 hoc
895 1685 1034 1768 ipse
1087 1685 1335 1749 viderit.
1425 1683 1768 1768 Pompeius
1820 1685 1981 1750 mihi
2036 1708 2291 1771 quoque
2329 1703 2361 1752 3

197 1795 247 1836 ιτ,
274 1770 630 1859 videbatur,
675 1772 847 1856 quod
893 1773 1120 1838 scribis
1149 1770 1507 1838 Varronem
1544 1774 1766 1857 dicere,
1812 1774 1881 1837 in
1909 1773 2290 1857 Hispaniam

275 1866 447 1925 certe
499 1861 728 1925 iturus.
819 1859 894 1926 Id
949 1882 1069 1946 ego
1115 1862 1377 1925 minime
1425 1861 1811 1946 probabam3
1877 1862 1990 1947 qui
2035 1863 2293 1947 quidem

276 1948 653 2033 Theophani
693 1950 879 2015 facile
914 1951 1204 2034 persuasi
1237 1950 1405 2015 nihil
1442 1972 1576 2015 esse
1613 1949 1840 2015 melius
1881 1973 2072 2034 quam
2110 1952 2293 2017 illum

196 2064 199 2069 ·
276 2060 590 2123 nusquam
653 2039 987 2103 discedere.
1087 2038 1267 2125 Ergo
1324 2036 1603 2104 Graecus
1660 2039 2003 2105 incumbet.
2104 2040 2292 2105 Valet

278 2132 492 2191 autem
538 2127 887 2192 auctoritas
935 2129 1071 2192 eius
1119 2127 1287 2211 apud
1333 2128 1519 2192 illum
1563 2129 1929 2212 plurimum.

197 2240 250 2280 no
408 2214 554 2299 Ego
600 2214 717 2280 has
763 2237 855 2299 pr.
901 2214 1124 2281 Nonas
1170 2215 1523 2292 Quinctiles
1569 2216 1976 2301 proficiscens
2015 2217 2289 2282 Athenis
2327 2236 2359 2283 4

278 2303 438 2389 dedi,
482 2325 627 2368 cum
663 2303 758 2368 ibi
793 2304 1006 2369 decem
1051 2305 1228 2389 ipsos
1266 2305 1533 2369 fuissem
1568 2306 1719 2370 dies,
1792 2303 2073 2370 Venerat
2110 2305 2292 2370 Pom·

276 2392 516 2476 ptinuS,
560 2414 688 2456 una
736 2390 847 2458 On.
883 2392 1221 2476 Volusius3
1285 2394 1505 2458 aderat
1550 2398 1880 2479 quaestor3
1924 2398 2077 2459 tuus
2124 2416 2291 2459 unus

277 2480 528 2545 Tullius
575 2480 814 2545 aberat.
887 2481 1214 2565 Aphracta
1259 2481 1661 2546 Rhodiorum
1707 2487 1772 2548 et
1817 2483 2062 2547 dicrota
2100 2482 2290 2566 Myti-

276 2569 642 2634 lenaeorum
686 2568 1007 2634 habebam
1052 2575 1117 2634 et
1162 2570 1406 2655 aliquid
1452 2572 1815 2636 ἐπικώπων.
1887 2568 1986 2634 De
2030 2570 2290 2636 Parthis

195 2682 249 2724 εις
277 2662 415 2722 erat
460 2656 805 2721 silentium.
897 2657 1082 2734 Quod
1127 2663 1436 2742 superest,
1484 2659 1550 2723 di
1595 2660 1846 2723 iuvent!

409 2743 547 2810 Nos
595 2745 800 2811 adhuc
843 2746 970 2811 iter
1015 2768 1129 2830 per
1167 2744 1499 2812 Graeciam
1545 2769 1794 2812 summa
1839 2769 1983 2813 cum
2021 2747 2283 2813 admira·
2328 2765 2359 2813 5

276 2834 451 2898 tione
497 2834 781 2917 fecimus,
826 2856 942 2899 nec
979 2834 1336 2900 mehercule
1372 2835 1599 2920 habeo,
1647 2836 1818 2920 quod
1857 2836 2063 2901 adhuc
2100 2858 2290 2921 quem

275 2942 563 2987 accusem
609 2944 913 2988 meorum.
1007 2922 1323 2987 Videntur
1368 2923 1528 2988 mihi
1574 2944 1766 2989 nosse
1808 2930 2101 2990 nostram
2148 2947 2290 2990 cau·

276 3031 412 3074 sam
466 3015 531 3076 et
575 3011 1011 3076 condicionem
1056 3012 1471 3096 profectionis
1520 3032 1703 3097 suae;
1767 3012 1953 3096 plane
2000 3014 2288 3078 serviunt

195 3126 249 3165 :zo
275 3099 737 3165 existimationi
787 3121 978 3165 meae.
1053 3098 1235 3176 Quod
1283 3103 1593 3184 superest,
1639 3100 1694 3165 si
1735 3122 1957 3166 verum
1996 3101 2154 3166 illud
2192 3109 2290 3167 est

276 3187 530 3272 ‘ozam
584 3187 624 3271 ἡ
681 3187 1049 3273 δέσποινα’,
1102 3193 1271 3253 certe
1316 3189 1782 3273 permanebunt
1890 3187 2074 3254 Nihil
2121 3190 2290 3256 enim

276 3298 311 3339 a
357 3297 459 3340 me
502 3275 641 3339 fieri
685 3276 778 3340 ita
824 3276 1157 3360 videbunt,
1212 3281 1285 3340 ut
1334 3277 1459 3342 sibi
1506 3276 1592 3341 sit
1637 3276 2045 3362 delinquendi
2091 3279 2288 3343 locus,

276 3360 391 3428 Sin
436 3364 502 3428 id
546 3386 773 3447 parum
819 3365 1163 3447 profuerit,
1220 3365 1331 3430 fiet
1378 3365 1622 3450 aliquid
1668 3389 1705 3431 a
1750 3367 1940 3430 nobis
1989 3368 2288 3431 severius.

276 3449 441 3516 Nam
488 3452 693 3517 adhuc
738 3452 1004 3518 lenitate
1050 3454 1264 3518 dulces
1314 3476 1536 3518 sumus
1585 3458 1667 3536 et,
1728 3459 1802 3519 ut
1849 3475 2056 3538 spero,
2101 3455 2291 3539 profi-

190 3542 475 3607 es-cimus
541 3540 960 3626 aliquantum.
1054 3539 1178 3606 Sed
1234 3563 1355 3627 ego
1411 3543 1602 3627 hanc,
1665 3546 1740 3608 ut
1796 3540 1997 3607 Siculi
2051 3542 2290 3619 dicunt,
