2642 3923
307 204 434 268 110
942 201 1017 258 Μ.
1055 201 1269 257 TULLI
1307 201 1686 258 CICERONIS

301 348 590 433 facerem,
632 369 768 412 non
812 347 1007 411 etiam
1052 350 1126 411 ut
1164 347 1519 411 scriberem.
1575 345 1721 432 Ego
1758 344 2117 412 mehercule
2162 346 2324 411 mihi

301 435 747 501 necessitatem
775 435 951 500 volui
999 436 1329 518 imponere
1372 433 1567 499 huius
1594 457 1798 499 novae
1835 435 2326 521 coniunctionis,

299 545 381 589 ne
427 546 554 608 qua
599 524 761 588 mihi
804 524 1026 589 liceret
1069 523 1204 589 labi
1249 523 1330 587 ad
1374 522 1542 608 illos,
1588 524 1699 607 qui
1736 524 1930 587 etiam
1976 528 2136 610 tum,
2180 545 2324 588 cum

301 612 589 677 misereri
616 612 741 677 mei
781 612 1033 696 debent,
1075 633 1209 676 non
1246 611 1548 676 desinunt
1575 612 1873 677 invidere.
1951 611 2074 677 Sed
2110 616 2324 677 tamen

301 700 534 765 modici
579 701 820 766 fuimus
847 698 1187 784 ὑποθέσει,
1231 704 1306 764 ut
1355 700 1600 783 scripsi.
1672 698 1958 764 Erimus'
1979 700 2325 785 uberiores,
2380 727 2406 768 s

303 790 360 853 si
388 794 452 853 et
478 789 589 854 ille
614 790 891 854 libenter
918 789 1207 873 accipiet,
1253 792 1318 852 et
1354 789 1403 852 ii
1441 787 1918 873 subringentur,
1966 789 2077 872 qui
2103 788 2321 853 villam

301 899 404 942 me
448 878 722 943 moleste
761 878 977 942 ferunt
1011 877 1265 962 habere,
1311 897 1473 962 quae
1511 873 1727 941 Catuli
1764 877 1992 962 fuerat,
2037 899 2074 941 a
2100 875 2321 941 Vettio

303 965 530 1031 emisse
586 987 722 1030 non
777 966 1092 1051 cogitant5
1153 965 1265 1048 qui
1335 965 1594 1029 domum
1659 970 1899 1049 negant
1965 965 2324 1049 oportuisse

301 1076 404 1119 me
450 1055 805 1139 aedificare,
860 1054 1131 1118 vendere
1177 1054 1360 1117 aiunt
1405 1053 1785 1138 oportuisse.
1877 1051 2001 1118 Sed
2047 1054 2201 1137 quid
2246 1054 2322 1117 ad

301 1142 445 1230 hoc,
489 1142 565 1229 si,
611 1143 844 1227 quibus
891 1142 1229 1206 sententiis
1258 1141 1412 1226 dixi,
1459 1140 1630 1227 quod
1675 1145 1740 1206 et
1784 1141 1913 1226 ipsi
1959 1143 2324 1227 probarent,
2353 1168 2407 1208 ιο

301 1232 528 1297 laetati
600 1235 752 1296 sunt
826 1235 1042 1294 tamen
1111 1251 1214 1294 me
1291 1234 1516 1294 contra
1587 1228 1853 1314 Pompei
1925 1230 2324 1295 voluntatem

304 1319 584 1388 dixisse?
649 1318 827 1383 Finis
876 1320 999 1383 sit.-
1054 1316 1389 1404 Quoniam,
1435 1318 1546 1402 qui
1591 1317 1755 1383 nihil
1803 1322 2096 1404 possunt,
2138 1320 2187 1385 ii
2222 1340 2325 1383 me

303 1409 535 1473 nolunt
580 1430 819 1491 amare,
874 1407 1094 1471 demus
1143 1428 1428 1491 operam,
1473 1410 1547 1470 ut
1595 1406 1673 1471 ab
1720 1408 1829 1492 iis,
1876 1407 1987 1491 qui
2033 1411 2326 1494 possunt,

303 1497 665 1583 diligamur.
719 1495 937 1561 Dices:
967 1494 1240 1559 ‘Vellem
1266 1495 1397 1559 iam
1426 1495 1716 1579 priden1.’
1775 1494 1920 1560 Scio
1949 1499 2015 1560 te
2043 1496 2324 1561 voluisse

305 1588 371 1650 et
414 1608 516 1650 me
562 1586 813 1649 asinum
858 1605 1232 1669 germanum
1277 1584 1494 1647 fuisse.
1588 1582 1712 1649 Sed
1759 1585 1887 1648 iam
1923 1587 2177 1669 tempus
2226 1590 2323 1648 est
2353 1611 2406 1652 1⁵

302 1694 405 1738 me
462 1674 680 1757 ipsum
738 1695 777 1737 a
837 1693 941 1738 me
1000 1673 1228 1757 amari,
1294 1671 1548 1755 quando
1597 1672 1676 1736 ab
1731 1672 1862 1736 illis
1908 1672 2086 1737 nullo
2132 1673 2320 1737 modo

350 1783 583 1827 ossum.

303 1784 346 1846 P
436 1849 713 1914 Domum
762 1871 969 1913 meam
1015 1847 1186 1932 quod
1232 1849 1454 1913 crebro
1501 1847 1749 1935 invisiS,
1794 1853 1892 1913 est
1938 1849 2098 1913 mihi
2140 1848 2322 1913 valde

304 1943 577 2026 gratum.
666 1937 994 2004 Viaticum
1037 1935 1365 2021 Crassipes
1413 1937 1749 2022 praeripit.
1839 1936 2052 2003 Tulh’a
2098 1938 2174 2003 de
2221 1938 2318 2003 via

303 2032 477 2094 recta
520 2028 590 2093 in
633 2028 876 2092 hortos.
946 2026 1221 2090 Videtur
1266 2026 1677 2091 commodius.
1757 2025 1860 2091 Ad
1904 2022 1969 2092 te
2015 2026 2320 2110 postridie
2351 2057 2405 2093 κο

303 2118 570 2201 scilicet3
633 2116 789 2200 quid
843 2114 1011 2180 enim
1080 2114 1236 2179 tua?
1329 2113 1452 2179 Sed
1512 2115 1877 2180 viderimus.
1969 2114 2321 2180 Bibliothe-

305 2226 443 2270 cam
488 2205 648 2269 mihi
694 2204 792 2268 tui
837 2203 1184 2288 pinxerunt
1229 2204 1704 2268 constructione
1741 2207 1806 2268 et
1851 2203 2123 2287 sillybis.
2187 2203 2321 2268 Eos

305 2294 496 2359 velim
540 2291 778 2359 laudes·

1251 2466 1364 2532 VI.

606 2590 721 2645 Ser.
759 2590 822 2644 in
856 2590 993 2644 villa
1028 2606 1097 2644 m.
1135 2590 1273 2657 Apr.
1313 2594 1415 2644 aut
1452 2589 1597 2643 Mai.
1638 2607 1689 2643 a.
1730 2592 1843 2643 698
1882 2591 2019 2658 (56).
2352 2620 2405 2661 86

939 2712 1194 2769 CICERO
1231 2712 1496 2768 ATTICO
1536 2712 1684 2768 SAL.

436 2824 535 2892 De
579 2823 855 2890 Lentulo
904 2823 1146 2888 scilicet
1193 2824 1283 2887 sic
1330 2822 1486 2907 fero,
1531 2827 1607 2886 ut
1652 2821 1866 2887 debeo.
1937 2821 2169 2887 Virum
2213 2822 2325 2888 bo·

304 2938 460 2981 num
516 2917 581 2980 et
633 2933 940 2999 magnum
993 2910 1320 2976 hominem
1367 2914 1432 2975 et
1475 2911 1543 2975 in
1592 2932 1839 2975 summa
1882 2912 2325 2995 magnitudine

306 3004 501 3069 animi
545 3002 753 3067 multa
803 2999 1205 3065 humanitate
1260 3003 1688 3083 temperatum
1743 2999 2133 3083 perdidimus
2177 3021 2324 3064 nos-

307 3114 429 3177 que
475 3091 645 3155 malo
693 3089 961 3175 solacio,
1019 3088 1129 3152 sed
1173 3110 1306 3152 non
1358 3087 1537 3152 nullo
1597 3091 1841 3173 tamen,
1900 3088 2323 3173 consolamur,
2353 3116 2405 3154 ao

308 3180 479 3265 quod
525 3178 727 3263 ipsius
772 3178 975 3242 vicem
1032 3176 1295 3241 minime
1349 3176 1663 3262 dolemus,
1719 3197 1853 3240 non
1910 3180 1984 3241 ut
2030 3175 2320 3242 Saufeius

307 3273 374 3334 et
416 3267 642 3349 vestri,
696 3266 810 3330 sed
853 3265 1210 3330 mehercule
1257 3265 1409 3348 quia
1455 3265 1547 3328 sic
1592 3265 1848 3329 amabat
1892 3265 2197 3351 patriam,
2251 3270 2323 3330 ut

306 3355 468 3420 mihi
514 3354 730 3437 aliquo
779 3354 1042 3418 deorum
1094 3353 1399 3417 beneficio
1454 3352 1747 3417 videatur
1800 3374 1877 3417 ex
1924 3353 2060 3417 eius
2119 3354 2323 3417 incen-

309 3444 414 3507 dio
461 3464 597 3507 esse
643 3446 918 3524 ereptus.
991 3439 1161 3505 Nam
1207 3441 1362 3524 quid
1406 3440 1654 3505 foedius
1694 3445 1918 3505 nostra
1952 3441 2105 3525 vita,
2150 3463 2324 3525 prae·

309 3532 490 3614 cipue
534 3529 717 3594 mea‘?
772 3527 942 3593 Nam
986 3532 1060 3592 tu
1089 3528 1364 3615 quidem,
1411 3529 1533 3593 etsi
1579 3550 1646 3594 es
1691 3533 1924 3593 natura
1966 3532 2325 3616 πολιτικός,
2354 3557 2406 3596 35
