2642 3923
641 203 1154 258 EPISTULARUM
1190 203 1290 257 AD
1328 202 1654 257 ATTICUM
1690 202 1767 256 IX
1805 209 1854 271 9,
1895 209 1976 257 10.
2193 201 2323 265 273

303 351 660 447 pateretur,
717 351 929 412 tecum
986 351 1061 411 ut
1120 347 1305 430 quasi
1363 347 1687 431 loquerer,
1745 347 1814 409 in
1869 367 1997 429 quo
2052 366 2181 408 uno
2229 365 2326 408 ac-

305 436 592 520 quiesce,
641 399 770 500 hoc
826 436 1042 500 nescio
1103 436 1257 518 quid
1312 436 1494 499 nullo
1556 438 1934 519 argumento
1991 432 2344 517 proposito

308 524 584 588 scribere
629 524 904 587 institui.

441 612 680 678 Amens
727 612 890 675 mihi
936 612 1135 675 fuisse
1179 610 1399 675 videor
1446 635 1484 674 a
1526 610 1873 696 principio,
1925 614 1990 673 et
2043 631 2144 673 me
2197 631 2326 672 una
2362 624 2395 672 2

254 726 280 766 ο
307 699 462 764 haec
507 721 608 763 res
652 704 940 784 torquet,
997 699 1167 783 quod
1220 721 1356 763 non
1412 699 1707 763 omnibus
1761 700 1833 762 in
1877 698 2066 762 rebus
2112 697 2325 761 laben·

306 794 438 852 tem
505 788 609 852 vel
676 789 894 872 potius
963 792 1252 851 ruentem
1326 786 1700 871 Pompeium
1767 792 2095 870 tamquam
2159 807 2324 849 unus

308 877 728 961 manipularis
767 880 1021 940 secutus
1070 876 1207 939 sim.
1271 874 1427 939 Vidi
1470 876 1795 940 hominem
1830 893 1984 938 XIIII
2019 876 2105 938 K.
2143 873 2325 938 Febr.

308 965 570 1048 plenum
613 965 993 1028 formidinis
1085 963 1208 1027 Illo
1265 964 1406 1047 ipso
1463 964 1608 1027 die
1603 964 1823 1048 sensi,
1884 963 2036 1046 quid
2092 965 2325 1047 ageret.

307 1052 678 1136 Numquam
735 1053 895 1116 mihi
953 1056 1178 1136 postea
1221 1052 1463 1134 placuit
1507 1074 1625 1116 nec
1669 1074 1973 1135 umquam
2030 1051 2204 1114 aliud
2256 1050 2327 1114 in

227 1168 279 1207 10
309 1141 436 1205 alio
492 1162 749 1224 peccare
810 1141 1076 1204 destitit.
1168 1138 1353 1203 Nihil
1413 1141 1672 1204 interim
1732 1141 1812 1203 ad
1870 1161 1971 1203 me
2031 1138 2327 1222 scribere,

307 1229 472 1292 nihil
534 1228 663 1293 nisi
725 1230 945 1313 fugam
1009 1229 1310 1313 cogitare.
1417 1227 1582 1304 Quid
1646 1229 1949 1312 quaeris?
2024 1228 2190 1291 sicut
2253 1226 2327 1290 ἐν

307 1329 446 1392 τοῖς
493 1316 827 1401 ἐρωτικοῖς
872 1317 1232 1380 alienantur
1278 1317 1667 1399 immundae,
1723 1316 2032 1399 insulsae,
2076 1316 2328 1379 indeco-

308 1426 442 1488 rae,
514 1405 605 1469 sic
662 1426 762 1468 me
821 1405 997 1468 illius
1065 1406 1256 1489 fugae
1323 1406 1892 1505 neglegentiaeque
1955 1403 2325 1468 deformitas

308 1457 543 1557 avei‘tit
589 1493 669 1557 ab
718 1516 949 1557 amoime
1039 1493 1225 1556 Nihil
1269 1493 1439 1556 enim
1486 1493 1751 1576 dignum
1794 1491 2086 1577 faciebat,
2132 1513 2326 1575 quare

227 1607 278 1647 ιε
309 1582 445 1646 eius
505 1583 693 1666 fugae
753 1583 1052 1645 comitem
1110 1603 1212 1644 me
1271 1581 1697 1665 adiungerem.
1801 1578 1991 1644 Nunc
2055 1580 2327 1663 emergit

309 1692 514 1754 amor,
568 1691 738 1734 nunc
783 1670 1165 1733 desiderium
1209 1670 1375 1733 ferre
1421 1691 1552 1733 non
1606 1691 1898 1752 possum,
1952 1690 2121 1732 nunc
2164 1667 2326 1732 mihi

306 1757 474 1822 nihil
515 1758 697 1843 libri,
752 1758 920 1821 nihil
973 1758 1254 1840 litterae,
1313 1757 1480 1820 nihil
1524 1757 1812 1820 doctrina
1857 1756 2133 1841 prodest.
2224 1756 2328 1820 lta

308 1846 442 1911 dies
487 1851 553 1909 et
595 1850 818 1909 noctes
856 1851 1184 1929 tamquam
1230 1846 1366 1909 avis
1414 1846 1528 1908 illa
1573 1867 1747 1908 mare
1784 1849 2143 1928 prospecto,
2182 1866 2325 1908 evo-

305 1935 440 1999 lare
499 1935 704 2018 cupiO.
803 1934 932 2019 Do,
1007 1935 1086 1999 do
1157 1956 1394 2018 poenas
1456 1934 1837 1998 temeritatis
1897 1955 2088 1997 meae.
2177 1931 2326 1996 Etsi

227 2050 282 2088 ιο
312 2045 473 2107 quae
531 2024 658 2087 fuit
716 2023 828 2086 illa
887 2023 1257 2086 temeritas?
1324 2023 1477 2106 quid
1531 2023 1648 2085 feci
1705 2044 1836 2087 non
1881 2022 2326 2085 consideratis-

312 2112 512 2176 sime?
605 2111 675 2176 Si
719 2112 891 2175 enim
933 2111 1101 2175 nihil
1157 2114 1409 2195 praeter
1466 2111 1688 2195 fugam
1734 2115 2174 2194 quaereretur,
2231 2110 2327 2172 fu-

310 2201 552 2287 gissem
608 2199 1060 2284 libentissime,
1129 2199 1237 2263 sed
1296 2220 1498 2284 genus
1569 2199 1723 2262 belli
1781 2198 2203 2262 crudelissimi
2263 2200 2328 2260 et

312 2289 590 2371 maximi,
638 2288 809 2372 quod
850 2288 1137 2351 nondum
1181 2287 1401 2351 vident
1445 2287 1735 2351 homines
1796 2287 1982 2371 quale
2035 2287 2328 2349 futurum

313 2377 417 2459 sit,
463 2375 816 2460 perhorrui.
908 2374 1082 2451 Quae
1126 2377 1336 2439 minae
1390 2376 1784 2460 municipiis,
1839 2397 2000 2459 quae
2043 2375 2328 2439 nomina-

229 2492 282 2531 85
310 2466 431 2530 tim
485 2464 642 2529 viris
701 2464 890 2528 bonis
900 2516 919 2549 ,
980 2486 1141 2548 quae
1201 2464 1473 2547 denique
1533 2465 1856 2548 omnibuS,
1915 2464 2026 2547 qui
2086 2485 2328 2526 reman-

314 2554 575 2617 sissent!
624 2576 816 2636 quam
854 2553 1076 2617 crebro
1114 2552 1324 2615 illud
1340 2551 1519 2616 Sulla
1565 2553 1799 2636 potuit,
1844 2573 1963 2636 ego
2006 2572 2141 2615 non
2184 2554 2325 2635 pot-

313 2641 497 2706 ero‘?'
510 2643 525 2705 1
612 2641 778 2705 Mihi
838 2646 1052 2705 autem
1109 2639 1453 2705 haeserunt
1498 2640 1625 2704 illa.
1709 2640 1876 2704 Male
1922 2640 2328 2724 TarquiniuS,
2364 2653 2396 2702 3

314 2731 427 2813 qui
470 2728 823 2813 Porsinam,
869 2728 982 2812 qui
1029 2728 1365 2793 Octavium
1412 2728 1772 2792 Mamilium
1816 2730 2142 2793 concitavit
2183 2749 2327 2792 con·

313 2822 416 2881 tra
468 2818 774 2902 patriam,
827 2818 1024 2901 impie
1073 2816 1478 2901 Coriolanus,
1533 2819 1642 2899 qui
1696 2817 2005 2897 auxilium
2059 2817 2246 2900 petiit
2291 2839 2329 2879 a

231 2933 286 2972 30
312 2905 588 2990 VolsciS,
634 2911 803 2969 recte
849 2906 1342 2989 ThemistocleS,
1389 2906 1499 3006 qui
1546 2906 1712 2970 mori
1755 2905 2001 2989 maluit,
2044 2906 2327 2968 nefarius

312 2994 605 3079 Hippias,
649 2993 977 3058 Pisistrati
1012 2994 1204 3077 filius,
1250 2994 1363 3077 qui
1409 2995 1476 3057 in
1521 2993 1930 3057 Marathonia
1972 3014 2190 3077 pugna
2236 3014 2329 3056 ce-

313 3083 467 3149 cidit
515 3105 690 3147 arma
726 3087 950 3146 contra
994 3082 1271 3167 patriam
1307 3082 1533 3145 ferens.
1589 3081 1681 3145 At
1720 3080 1916 3164 Sulla,
1963 3086 2028 3145 at
2066 3080 2328 3163 MariuS,

314 3176 382 3235 at
431 3170 634 3235 Cinna
678 3176 875 3253 recte,
933 3170 1128 3235 immo
1175 3171 1314 3234 iure
1367 3171 1673 3252 fortasse3
1734 3170 1845 3233 sed
1905 3170 2057 3253 quid
2109 3191 2330 3233 eorum

311 3260 583 3324 victoria
627 3259 965 3346 crudelius,
1009 3259 1165 3342 quid
1208 3258 1571 3322 funestius?
1661 3257 1874 3321 Huius
1929 3258 2083 3320 belli
2129 3278 2329 3341 genus

231 3373 286 3415 ³5
313 3349 454 3432 fugi
498 3352 565 3412 et
609 3370 684 3412 eo
737 3348 975 3433 magis,
1037 3348 1209 3431 quod
1267 3347 1622 3411 crudeliora
1682 3347 1874 3411 etiam
1935 3344 2204 3430 cogitari
2264 3349 2330 3408 et

314 3438 527 3521 parari
570 3435 878 3500 videbam.
969 3434 1102 3521 Me,
1163 3458 1348 3535 quem
1410 3457 1544 3499 non
1599 3435 1767 3498 nulli
1820 3436 2329 3498 conservatorem

315 3526 504 3589 istius
557 3524 738 3588 urb1s
748 3574 773 3607 ,
823 3544 1012 3608 quem
1063 3530 1396 3607 parentem
1453 3544 1590 3587 esse
1639 3522 1964 3607 dixerunt,
2022 3519 2330 3585 Getarum

420 3638 515 3680 010.
543 3638 641 3687 οισι)
600 3641 675 3678 ist
700 3629 2008 3677 11.18
