2642 3923
551 239 1067 295 EPISTULARUM
1102 240 1201 292 AD
1239 240 1565 294 ATTICUM
1602 240 1731 293 XIII
1768 243 1995 294 28-31.
2141 240 2270 303 417

251 385 429 450 illius
466 385 765 468 periculis
801 406 936 448 non
969 384 1273 449 moveris!
1334 383 1439 447 Me
1478 404 1733 468 quoque
1770 387 2043 448 accusat.
2108 383 2274 449 Eam

252 473 374 537 tibi
423 474 782 557 epistulam,
826 474 957 538 nisi
1001 471 1040 513 '⁸
1076 471 1115 513 '⁸
1149 471 1204 555 ²¹⁶,
1250 472 1587 535 misissem.
1680 469 1851 535 Nam
1896 472 2076 535 illam
2122 472 2275 536 alte-

252 583 391 626 ram
441 563 519 626 de
563 561 755 625 rebus
802 561 1003 646 gestis
1048 560 1271 624 eodem
1317 560 1609 643 exemplo
1657 563 1833 643 puto,
1925 559 2003 624 In
2050 559 2277 624 Cuma-

251 671 407 714 num
459 649 650 714 hodie
694 650 844 713 misi
889 649 1315 713 tabellarium.
1406 648 1490 712 Ei
1540 648 1683 712 dedi
1729 652 1876 712 tuas
1922 648 2004 713 ad
2048 647 2277 713 Vesto-
2312 666 2373 714 (2)

203 764 228 804 5
255 743 442 824 rium,
490 760 650 822 quas
694 737 1010 802 Pharnaci
1056 737 1336 801 dederas.

1164 928 1366 994 XXX.

342 1052 456 1109 Sor.
486 1053 550 1107 in
592 1052 905 1107 Tusculano
951 1050 1005 1104 V
1036 1051 1110 1105 K.
1141 1052 1271 1104 Iun.
1294 1057 1422 1119 post
1456 1068 1535 1121 ep.
1567 1051 1796 1106 XXXI
1822 1069 1875 1106 a.
1906 1055 2016 1107 709
2053 1055 2191 1121 (45).

861 1173 1150 1229 CICERO
1185 1173 1478 1229 ATTICO
1514 1173 1678 1228 SAL.

387 1280 809 1349 Commodum
874 1282 956 1346 ad
1013 1285 1079 1345 te
1134 1281 1434 1346 miseram
1486 1280 1795 1367 Demean,
1851 1306 2047 1367 quom
2103 1283 2274 1349 Eros
2315 1302 2339 1348 1
2375 1298 2523 1349 (XXX
2553 1301 2601 1365 m,

179 1399 227 1438 ιο
255 1373 335 1436 ad
397 1395 499 1437 me
558 1372 751 1436 venit.
853 1367 978 1434 Sed
1038 1370 1107 1432 in
1172 1371 1307 1434 eius
1369 1371 1644 1454 epistula
1701 1370 1867 1435 nihil
1927 1377 2063 1436 erat
2121 1373 2275 1437 novi

253 1462 381 1525 nisi
436 1460 796 1524 auctionem
851 1457 1135 1523 biduum.
1227 1458 1333 1522 Ab
1380 1481 1455 1523 ea
1498 1459 1725 1543 igitur,
1780 1464 1854 1523 ut
1901 1461 2154 1545 scribis,
2211 1465 2276 1525 et

255 1549 448 1613 velim
494 1549 784 1612 confecto
824 1547 1088 1630 negotio
1126 1544 1511 1631 Faberian03
1558 1569 1746 1631 quem
1786 1548 2040 1632 quidem
2077 1554 2273 1634 negat

252 1637 422 1702 Eros
489 1636 710 1718 hodie,
777 1656 916 1699 cras
986 1655 1171 1698 mane
1229 1638 1436 1718 putat.
1541 1637 1607 1699 A
1664 1640 1729 1700 te
1789 1637 2131 1701 colendus
2125 1642 2276 1723 ·;est

255 1725 417 1789 istae
462 1728 679 1788 autem
713 1729 1046 1788 κολακεῖαι
1091 1743 1225 1786 11011
1259 1722 1453 1808 longe
1499 1723 1811 1789 absunta
1856 1726 2104 1790 scelere.
2173 1727 2274 1805 Te,

178 1841 226 1880 15
256 1817 329 1878 ut
377 1834 584 1897 sper0,
628 1812 943 1896 perendie.

385 1900 498 1985 Mi,
536 1901 796 1966 sicunde
832 1902 1035 1985 potes,
1082 1920 1282 1983 erues,
1321 1898 1433 1983 qui
1472 1899 1685 1965 decem
1721 1900 1920 2003 legati
1957 1900 2270 1967 Mummio
2310 1921 2341 1968 2
2379 1920 2440 1971 (³)

252 1991 511 2055 fuerint.
582 1989 893 2073 Polybius
928 2010 1059 2052 non
1094 1988 1405 2051 nominat.
1478 1988 1625 2073 Ego
1662 1990 1922 2054 memini
1960 1990 2273 2055 Albinum

253 2079 651 2145 consularem
696 2083 761 2142 et
809 2076 914 2162 Sp
952 2076 1365 2160 Mummium3
1425 2076 1644 2141 videor
1690 2078 1942 2142 audisse
1987 2101 2064 2143 ex
2109 2078 2274 2144 Hor-

252 2168 462 2232 tensio
509 2167 914 2231 Tuditanum.
1009 2163 1134 2228 Sed
1187 2165 1256 2228 in
1302 2127 1572 2229 L’ibonis
1628 2167 1842 2231 annali
1888 2181 2041 2230 XIIII
2087 2168 2270 2232 annis

174 2285 226 2323 zo
255 2261 405 2340 post
452 2259 712 2340 praetor
759 2258 857 2319 est
901 2255 1111 2317 factus
1157 2252 1515 2317 Tuditanus
1563 2276 1755 2337 quam
1801 2256 2023 2319 consul
2068 2255 2273 2319 Mum-

252 2345 437 2409 mius.
541 2342 693 2408 Non
753 2364 904 2407 sane
966 2341 1252 2424 quadrat.
1344 2339 1513 2406 Volo
1575 2342 1851 2427 aliquem
1909 2344 1955 2426 †
1974 2342 2274 2428 Olympia

253 2438 366 2497 aut
424 2432 537 2496 ubi
596 2432 808 2496 visum
865 2430 1208 2496 πολιτικὸν
1264 2430 1598 2513 σύλλογον
1650 2454 1828 2496 more
1880 2430 2274 2519 Dicaearchi,

251 2521 586 2585 familiaris
633 2520 749 2584 tui.

1150 2692 1383 2759 XXXI.

171 2831 224 2872 25
397 2817 511 2872 Ser.
541 2820 605 2871 i‘n
646 2817 959 2872 Tusculano
997 2816 1301 2941 eodemwdge
1309 2832 1443 2953 ἐξ)
1479 2833 1556 2885 ep.
1588 2816 1775 2870 XXX
1804 2819 1977 2886 paulo
2014 2825 2142 2873 ante

1077 2903 1127 2939 a.
1371 2903 1402 2940 ο
1435 2927 1446 2939 .

861 3008 1150 3065 CICERO
1183 3008 1477 3063 ATTICO
1512 3009 1678 3066 SAL.

389 3137 438 3183 v
481 3117 624 3183 Kal.
660 3140 846 3182 mane
893 3118 1108 3201 accepi
1154 3139 1192 3180 a
1235 3115 1477 3181 Demea
1522 3118 1775 3182 litteras
1821 3119 2026 3203 pridie
2071 3120 2274 3204 datas,
2312 3146 2335 3184 1

255 3231 332 3272 ex
389 3207 624 3292 quibus
681 3210 794 3271 aut
846 3207 1036 3270 hodie
1093 3210 1206 3270 aut
1264 3228 1404 3269 cras
1451 3211 1815 3289 exspectare
1863 3214 1917 3272 te
1961 3208 2266 3273 deberem.

170 3326 225 3367 so
257 3296 407 3381 Sed,
463 3300 537 3360 ut
583 3295 839 3381 opinor,
892 3295 1061 3358 idem
1107 3314 1253 3379 ego,
1311 3295 1423 3377 qui
1471 3300 1766 3379 exspecto
1813 3299 2000 3359 tuum
2045 3297 2272 3360 adven-

253 3390 422 3469 tum,
484 3384 789 3448 morabor
850 3386 931 3447 te.
1035 3381 1190 3446 Non
1252 3382 1424 3446 enim
1491 3388 1649 3465 puto
1710 3387 1845 3447 tam
1905 3384 2272 3467 expeditum

252 3473 679 3538 Faberianum
734 3472 1069 3557 negotium
1126 3472 1444 3555 futurum,
1503 3472 1755 3534 etiamsi
1811 3475 1907 3535 est
1961 3472 2271 3556 futurum,

251 3566 329 3627 ut
391 3583 519 3628 ‘non
583 3561 820 3625 habeat
886 3559 1128 3644 aliquid
1185 3579 1419 3624 morae.
1526 3557 1691 3623 Cum
1748 3558 1990 3642 poteris
2049 3559 2267 3643 igitur.

361 3675 453 3718 010.
481 3675 613 3724 epist.
638 3676 701 3715 Π.
1882 3665 1947 3711 27
