2642 3923
630 217 1143 273 EPISTULARUM
1180 219 1280 273 AD
1317 218 1642 274 ATTICUM
1677 219 1755 273 XI
1795 224 1877 288 13,
1918 226 1998 274 14.
2197 220 2329 285 339

314 361 525 447 velim,
570 362 743 446 quod
777 362 1039 448 poteris,
1084 362 1465 447 considereS,
1502 366 1577 426 ut
1615 363 1719 446 sit,
1755 363 1924 427 unde
1956 362 2148 428 nobis
2187 384 2332 447 sup·

312 450 683 535 peditentur
738 454 1035 534 sumptus
1078 450 1438 515 necessarii.
1531 447 1601 514 Si
1649 472 1809 535 quas
1851 451 2198 516 habuimus
2241 453 2333 517 fa-

312 539 609 626 cultates,
645 560 751 604 eas
785 536 1092 622 Pompeio
1128 543 1287 624 tum,
1316 560 1462 603 cum
1498 538 1562 602 id
1599 538 1974 605 videbamur
2010 539 2332 624 sapienter

315 628 540 712 facere,
585 626 950 692 detulimus,
1024 625 1253 711 ltaque
1296 631 1439 691 tum
1486 631 1551 691 et
1596 649 1634 691 a
1678 632 1792 692 tuo
1820 628 2021 713 ,vilico
2061 628 2329 712 sumpsi·

259 743 286 784 ο
314 737 457 781 mus
504 720 569 780 et
614 715 867 780 aliunde
902 716 1183 780 mutuati
1221 737 1471 796 sumus3
1514 736 1684 780 nunc
1722 715 1998 792 Quintus
2038 718 2330 803 queritur

318 826 427 889 per
484 803 737 869 litteras
792 803 918 867 sibi
972 823 1093 868 nos
1137 803 1304 867 nihil
1350 802 1624 889 dedisse,
1678 805 1789 888 qui
1833 825 2041 889 neque
2086 805 2167 871 ab
2214 805 2328 870 illo

319 892 528 978 rogati
609 913 831 956 sumus
894 912 1101 976 neque
1162 892 1289 975 ipsi
1353 913 1492 957 eam
1556 893 1887 976 pecuniam
1950 893 2331 978 aspeximus.

316 979 442 1046 Sed
488 980 683 1045 velim
729 979 972 1065 videas,
1026 980 1180 1063 quid
1225 981 1341 1066 sit,
1395 981 1568 1064 quod
1612 981 1837 1046 confici
1882 983 2110 1068 possit,
2152 982 2331 1067 quid-

316 1091 440 1155 que
483 1068 645 1133 mihi
692 1068 770 1132 de
817 1067 1116 1133 omnibus
1162 1068 1272 1132 des
1317 1068 1599 1153 consilii3
1646 1073 1710 1133 et
1755 1091 2009 1134 causam
2053 1070 2245 1135 nosti.

233 1183 288 1224 ιο
447 1156 644 1222 Plura
696 1178 777 1221 ne
829 1156 1137 1242 scribam,
1191 1156 1413 1221 dolore
1456 1157 1783 1241 impedior.
1877 1157 1947 1223 Si
1991 1159 2146 1243 quid
2191 1159 2332 1241 erit,
2368 1175 2400 1222 5

315 1246 486 1331 quod
540 1245 621 1309 ad
680 1266 844 1329 quos
898 1244 1303 1309 scribendum
1359 1267 1504 1310 meo
1548 1247 1810 1310 nomine
1854 1249 2069 1332 putes,
2120 1247 2331 1330 velim,

312 1339 387 1399 ut
432 1334 629 1420 soles,
681 1333 895 1419 facias,
953 1333 1374 1417 quotiensque
1420 1332 1705 1419 habebis,
1751 1335 1902 1419 quoi
1951 1335 2060 1400 des
2105 1335 2186 1400 ad
2230 1355 2362 1399 me.

311 1423 581 1506 litteras,
625 1421 829 1486 nolim
873 1421 1366 1505 praetermittas,
1460 1420 1635 1486 Vale.

1229 1596 1402 1662 XIV.

231 1730 284 1771 ιο
623 1717 734 1772 Ser.
767 1717 1045 1772 Brundisi
1078 1718 1204 1773 circ.
1245 1719 1335 1772 VI
1362 1718 1437 1773 K.
1468 1719 1609 1773 Mai.
1648 1737 1700 1773 a.
1733 1723 1844 1775 707
1882 1723 2017 1788 (4¹7).

951 1840 1206 1897 CICERO
1241 1839 1505 1896 ATTICO
1545 1837 1690 1895 SAL.

446 1949 598 2015 Non
651 1974 753 2016 me
809 1949 1074 2016 offendit
1127 1950 1365 2015 veritas
1411 1950 1775 2015 litterarum
1818 1954 2104 2036 tuarum,
2158 1950 2331 2036 quod
2369 1969 2397 2018 1

313 2062 414 2104 me
460 2061 605 2103 cum
651 2039 1098 2104 communibus
1144 2043 1286 2104 tum
1332 2039 1692 2122 praecipuis
1728 2039 1914 2103 malis
1954 2061 2330 2124 oppressum

315 2149 392 2191 ne
437 2127 668 2212 incipis
715 2127 1002 2214 quidem,
1055 2131 1131 2192 ut
1176 2126 1455 2206 solebas,
1510 2127 1826 2191 consolari
1870 2127 2218 2211 faterisque
2262 2128 2330 2193 id

234 2243 287 2282 πο
318 2216 457 2280 fieri
513 2215 643 2279 iam
695 2238 829 2281 non
880 2236 1086 2300 posse.
1176 2213 1312 2279 Nec
1371 2216 1541 2279 enim
1587 2236 1661 2280 ea
1706 2220 1885 2301 sunt,
1940 2237 2102 2299 quae
2147 2222 2330 2282 erant

316 2308 522 2388 antea,
566 2325 730 2389 cum,
774 2306 850 2367 ut
882 2303 1050 2367 nihil
1085 2303 1275 2386 aliud,
1312 2304 1575 2381 comites
1612 2325 1713 2367 me
1749 2307 1814 2367 et
1850 2304 2056 2368 socios
2092 2303 2329 2369 habere

315 2392 640 2476 putabam.
732 2390 966 2456 Omnes
1023 2392 1191 2456 enim
1236 2391 1506 2456 Achaici
1567 2392 2005 2474 deprecatores
2049 2392 2329 2476 itemque

317 2482 384 2544 in
429 2480 603 2566 Asia,
660 2481 894 2565 quibus
937 2502 1071 2545 non
1115 2485 1252 2544 erat
1296 2480 1594 2565 ignotum
1656 2480 1851 2544 etiam
1897 2480 2129 2564 quibus
2176 2485 2332 2567 erat,

317 2569 380 2631 in
437 2567 724 2633 Africam
779 2569 1077 2633 dicuntur
1122 2568 1506 2652 navigaturi.
1595 2532 1700 2632 lta
1743 2572 1996 2652 praeter
2039 2568 2328 2633 Laelium

237 2684 290 2723 ιο
317 2656 637 2721 neminem
681 2656 889 2722 habeo
936 2656 1159 2741 culpae
1193 2657 1466 2742 socium3
1510 2658 1623 2740 qui
1657 2660 1890 2737 tamen¹
1907 2656 2032 2721 hoc
2066 2657 2328 2721 meliore

312 2745 379 2809 in
436 2766 624 2809 causa
680 2750 806 2831 est,
860 2746 1033 2829 quod
1091 2746 1221 2808 iam
1276 2749 1373 2808 aet
1426 2748 1731 2828 receptus.
1824 2745 1921 2808 De
1965 2767 2067 2809 me
2112 2749 2328 2810 autem
2365 2765 2395 2811 2

312 2854 445 2897 non
489 2832 715 2898 dubito
761 2834 921 2918 quin
964 2834 1044 2897 ad
1088 2831 1365 2897 Balbum
1410 2836 1476 2896 et
1521 2833 1603 2896 ad
1648 2830 1928 2916 Oppium
1974 2834 2327 2917 scripserit;

315 2944 353 2985 a
406 2920 665 3006 quibus,
720 2922 778 2985 si
832 2922 986 3006 quid
1041 2926 1207 2987 esset
1260 2921 1491 2985 laetius
1576 2921 1811 2985 certior
1855 2921 2064 2985 factus
2110 2942 2330 3008 essem,

314 3014 524 3074 tecum
604 3009 798 3074 etiam
872 3014 1083 3074 essent
1145 3010 1361 3074 locuti.
1473 2972 1866 3084 Quibuscum
1930 3014 2006 3074 tu
2069 3009 2144 3073 de
2205 3009 2330 3076 hoc

235 3125 286 3164 ιο
315 3097 454 3182 ipso
494 3098 881 3182 conloquare
921 3098 1114 3162 velim
1150 3101 1215 3161 et
1253 3098 1331 3161 ad
1367 3120 1487 3181 me,
1516 3097 1670 3181 quid
1705 3097 1828 3161 tibi
1866 3098 2326 3183 responderint,

313 3185 583 3270 scribas,
637 3207 771 3250 non
825 3186 998 3270 quod
1051 3186 1132 3250 ab
1178 3186 1305 3250 isto
1351 3185 1523 3249 salus
1569 3185 1719 3252 data
1764 3186 2106 3270 quicquam
2149 3185 2326 3251 habi·

312 3279 460 3338 tura
504 3275 591 3338 sit
633 3274 1066 3359 firmitudiniS,
1110 3274 1221 3338 sed
1264 3278 1481 3338 tamen
1520 3273 1761 3358 aliquid
1798 3274 2046 3338 consuli
2083 3278 2149 3338 et
2183 3295 2326 3359 pro-

314 3363 474 3447 spici
533 3363 790 3447 poterit.
880 3362 1029 3427 Etsi
1075 3363 1361 3427 omnium
1406 3366 1814 3446 conspectum
1858 3361 2109 3448 horreo,
2152 3384 2327 3445 prae-

313 3450 536 3516 sertim
579 3451 705 3516 hoc
749 3473 985 3536 genero
995 3502 1012 3534 ,
1069 3455 1302 3534 tamen,
1355 3451 1425 3514 in
1469 3450 1667 3515 tantis
1720 3450 1908 3515 malis
1953 3449 2110 3533 quid
2154 3450 2327 3515 aliud

236 3565 285 3605 ss
316 3540 534 3627 velim,
606 3561 739 3605 non
802 3540 1066 3624 reperio.
1176 3538 1452 3615 Quintus
1517 3538 1756 3623 pergit,
1819 3542 1894 3602 ut
1958 3537 2038 3601 ad
2099 3559 2202 3602 me
2262 3542 2326 3603 et
2362 3556 2394 3602 3

1901 3639 2006 3692 22·

154 505 219 558 Q
