<?xml version="1.0" encoding="UTF-8"?>
<!DOCTYPE html PUBLIC "-//W3C//DTD XHTML 1.0 Transitional//EN"
    "http://www.w3.org/TR/xhtml1/DTD/xhtml1-transitional.dtd">
<html xmlns="http://www.w3.org/1999/xhtml" xml:lang="en" lang="en">
 <head>
  <title>
</title>
<meta http-equiv="Content-Type" content="text/html;charset=utf-8" />
  <meta name='ocr-system' content='tesseract 3.04.00' />
  <meta name='ocr-capabilities' content='ocr_page ocr_carea ocr_par ocr_line ocrx_word'/>
</head>
<body>
  <div class='ocr_page' id='page_1' title='image "./scriptaquaemans00friegoog_0189.png"; bbox 0 0 2642 3923; ppageno 0'>
   <div class='ocr_carea' id='block_1_1' title="bbox 629 183 2301 253">
    <p class='ocr_par' dir='ltr' id='par_1_1' title="bbox 629 183 2301 253">
     <span class='ocr_line' id='line_1_1' title="bbox 629 183 2301 253; baseline 0.005 -15"><span class='ocrx_word' id='word_1_1' title='bbox 629 184 1141 239; x_wconf 84' lang='lat' dir='ltr'><strong>EPISTULARUM</strong></span> <span class='ocrx_word' id='word_1_2' title='bbox 1176 184 1275 238; x_wconf 84' lang='lat' dir='ltr'><strong>AD</strong></span> <span class='ocrx_word' id='word_1_3' title='bbox 1313 183 1637 239; x_wconf 79' lang='lat' dir='ltr'><strong>ATTIOUM</strong></span> <span class='ocrx_word' id='word_1_4' title='bbox 1672 184 1698 237; x_wconf 94' lang='lat' dir='ltr'>I</span> <span class='ocrx_word' id='word_1_5' title='bbox 1736 189 1821 253; x_wconf 88' lang='lat'><strong>16,</strong></span> <span class='ocrx_word' id='word_1_6' title='bbox 1861 190 1943 238; x_wconf 81' lang='lat'><strong>17.</strong></span> <span class='ocrx_word' id='word_1_7' title='bbox 2215 185 2301 249; x_wconf 72' lang='grc'><strong>25</strong></span> 
     </span>
    </p>
   </div>
   <div class='ocr_carea' id='block_1_2' title="bbox 203 327 2405 1825">
    <p class='ocr_par' dir='ltr' id='par_1_2' title="bbox 285 327 2405 678">
     <span class='ocr_line' id='line_1_2' title="bbox 419 327 2405 413; baseline 0.001 -22"><span class='ocrx_word' id='word_1_8' title='bbox 419 327 925 413; x_wconf 85' lang='lat' dir='ltr'><strong>Epigrammatis</strong></span> <span class='ocrx_word' id='word_1_9' title='bbox 988 328 1149 412; x_wconf 85' lang='lat' dir='ltr'><strong>tuis,</strong></span> <span class='ocrx_word' id='word_1_10' title='bbox 1222 350 1385 412; x_wconf 89' lang='lat' dir='ltr'><strong>quae</strong></span> <span class='ocrx_word' id='word_1_11' title='bbox 1456 328 1523 391; x_wconf 93' lang='lat' dir='ltr'><strong>in</strong></span> <span class='ocrx_word' id='word_1_12' title='bbox 1587 328 1931 392; x_wconf 87' lang='lat' dir='ltr'><strong>Amaltheo</strong></span> <span class='ocrx_word' id='word_1_13' title='bbox 2004 328 2304 412; x_wconf 75' lang='lat' dir='ltr'>posuisti,</span> <span class='ocrx_word' id='word_1_14' title='bbox 2343 346 2405 393; x_wconf 77' lang='lat'><strong>15</strong></span> 
     </span>
     <span class='ocr_line' id='line_1_3' title="bbox 286 415 2302 501; baseline -0.001 -20"><span class='ocrx_word' id='word_1_15' title='bbox 286 417 572 481; x_wconf 87' lang='lat' dir='ltr'><strong>contenti</strong></span> <span class='ocrx_word' id='word_1_16' title='bbox 618 418 882 501; x_wconf 91' lang='lat' dir='ltr'><strong>erimus,</strong></span> <span class='ocrx_word' id='word_1_17' title='bbox 927 417 1305 500; x_wconf 89' lang='lat' dir='ltr'><strong>praesertim</strong></span> <span class='ocrx_word' id='word_1_18' title='bbox 1351 438 1494 479; x_wconf 89' lang='lat' dir='ltr'><strong>cum</strong></span> <span class='ocrx_word' id='word_1_19' title='bbox 1542 421 1607 480; x_wconf 93' lang='lat' dir='ltr'><strong>et</strong></span> <span class='ocrx_word' id='word_1_20' title='bbox 1652 415 1949 500; x_wconf 83' lang='lat' dir='ltr'><strong>Thyillus</strong></span> <span class='ocrx_word' id='word_1_21' title='bbox 1993 437 2115 480; x_wconf 92' lang='lat' dir='ltr'><strong>nos</strong></span> <span class='ocrx_word' id='word_1_22' title='bbox 2160 416 2302 480; x_wconf 93' lang='lat' dir='ltr'><strong>reli·</strong></span> 
     </span>
     <span class='ocr_line' id='line_1_4' title="bbox 288 504 2302 589; baseline -0.001 -20"><span class='ocrx_word' id='word_1_23' title='bbox 288 505 526 589; x_wconf 89' lang='lat' dir='ltr'><strong>querit,</strong></span> <span class='ocrx_word' id='word_1_24' title='bbox 581 510 643 568; x_wconf 89' lang='lat' dir='ltr'><strong>et</strong></span> <span class='ocrx_word' id='word_1_25' title='bbox 689 504 959 569; x_wconf 84' lang='lat' dir='ltr'><strong>Archias</strong></span> <span class='ocrx_word' id='word_1_26' title='bbox 1005 505 1169 568; x_wconf 90' lang='lat' dir='ltr'><strong>nihil</strong></span> <span class='ocrx_word' id='word_1_27' title='bbox 1217 504 1291 568; x_wconf 92' lang='lat' dir='ltr'><strong>de</strong></span> <span class='ocrx_word' id='word_1_28' title='bbox 1337 527 1437 567; x_wconf 91' lang='lat' dir='ltr'><strong>me</strong></span> <span class='ocrx_word' id='word_1_29' title='bbox 1485 504 1827 586; x_wconf 79' lang='lat' dir='ltr'><strong>scripserit.</strong></span> <span class='ocrx_word' id='word_1_30' title='bbox 1919 504 2017 568; x_wconf 91' lang='lat' dir='ltr'><strong>Ac</strong></span> <span class='ocrx_word' id='word_1_31' title='bbox 2060 525 2302 588; x_wconf 84' lang='lat' dir='ltr'><strong>vereor,</strong></span> 
     </span>
     <span class='ocr_line' id='line_1_5' title="bbox 285 591 2303 678; baseline 0 -21"><span class='ocrx_word' id='word_1_32' title='bbox 285 616 394 678; x_wconf 93' lang='lat' dir='ltr'><strong>ne,</strong></span> <span class='ocrx_word' id='word_1_33' title='bbox 446 591 732 657; x_wconf 79' lang='lat' dir='ltr'><strong>Lucullis</strong></span> <span class='ocrx_word' id='word_1_34' title='bbox 780 593 1083 676; x_wconf 89' lang='lat' dir='ltr'><strong>quoniam</strong></span> <span class='ocrx_word' id='word_1_35' title='bbox 1131 591 1443 656; x_wconf 85' lang='lat' dir='ltr'><strong>Graecum</strong></span> <span class='ocrx_word' id='word_1_36' title='bbox 1491 598 1718 676; x_wconf 69' lang='lat' dir='ltr'><strong>poema</strong></span> <span class='ocrx_word' id='word_1_37' title='bbox 1763 592 2076 677; x_wconf 79' lang='lat' dir='ltr'><strong>condidit,</strong></span> <span class='ocrx_word' id='word_1_38' title='bbox 2134 614 2303 657; x_wconf 86' lang='lat' dir='ltr'><strong>nunc</strong></span> 
     </span>
    </p>

    <p class='ocr_par' dir='ltr' id='par_1_3' title="bbox 232 679 2404 1119">
     <span class='ocr_line' id='line_1_6' title="bbox 232 679 2404 764; baseline -0.001 -15"><span class='ocrx_word' id='word_1_39' title='bbox 232 708 258 749; x_wconf 77' lang='lat'><strong>6</strong></span> <span class='ocrx_word' id='word_1_40' title='bbox 289 681 367 746; x_wconf 88' lang='lat' dir='ltr'><strong>ad</strong></span> <span class='ocrx_word' id='word_1_41' title='bbox 413 679 834 746; x_wconf 82' lang='lat' dir='ltr'><strong>Caecilianam</strong></span> <span class='ocrx_word' id='word_1_42' title='bbox 881 681 1164 745; x_wconf 88' lang='lat' dir='ltr'><strong>fabulam</strong></span> <span class='ocrx_word' id='word_1_43' title='bbox 1211 685 1470 764; x_wconf 88' lang='lat' dir='ltr'><strong>spectet.</strong></span> <span class='ocrx_word' id='word_1_44' title='bbox 1549 680 1835 744; x_wconf 87' lang='lat' dir='ltr'><strong>Antonio</strong></span> <span class='ocrx_word' id='word_1_45' title='bbox 1884 685 1997 744; x_wconf 87' lang='lat' dir='ltr'><strong>tuo</strong></span> <span class='ocrx_word' id='word_1_46' title='bbox 2043 681 2301 744; x_wconf 90' lang='lat' dir='ltr'><strong>nomine</strong></span> <span class='ocrx_word' id='word_1_47' title='bbox 2340 699 2404 747; x_wconf 84' lang='lat'><strong>16</strong></span> 
     </span>
     <span class='ocr_line' id='line_1_7' title="bbox 287 768 2299 870; baseline -0 -38"><span class='ocrx_word' id='word_1_48' title='bbox 287 771 530 854; x_wconf 75' lang='lat' dir='ltr'><strong>gratias</strong></span> <span class='ocrx_word' id='word_1_49' title='bbox 577 771 678 870; x_wconf 87' lang='lat' dir='ltr'><strong>egi</strong></span> <span class='ocrx_word' id='word_1_50' title='bbox 725 791 989 853; x_wconf 90' lang='lat' dir='ltr'><strong>eamque</strong></span> <span class='ocrx_word' id='word_1_51' title='bbox 1028 769 1371 852; x_wconf 87' lang='lat' dir='ltr'><strong>epistulam</strong></span> <span class='ocrx_word' id='word_1_52' title='bbox 1409 768 1631 833; x_wconf 89' lang='lat' dir='ltr'><strong>Mallio</strong></span> <span class='ocrx_word' id='word_1_53' title='bbox 1669 768 1826 832; x_wconf 90' lang='lat' dir='ltr'><strong>dedi.</strong></span> <span class='ocrx_word' id='word_1_54' title='bbox 1900 769 2003 832; x_wconf 91' lang='lat' dir='ltr'><strong>Ad</strong></span> <span class='ocrx_word' id='word_1_55' title='bbox 2049 772 2114 832; x_wconf 92' lang='lat' dir='ltr'><strong>te</strong></span> <span class='ocrx_word' id='word_1_56' title='bbox 2160 768 2299 832; x_wconf 88' lang='lat' dir='ltr'><strong>ideo</strong></span> 
     </span>
     <span class='ocr_line' id='line_1_8' title="bbox 288 856 2302 941; baseline -0 -20"><span class='ocrx_word' id='word_1_57' title='bbox 288 862 477 921; x_wconf 85' lang='lat' dir='ltr'><strong>antea</strong></span> <span class='ocrx_word' id='word_1_58' title='bbox 520 859 728 921; x_wconf 87' lang='lat' dir='ltr'><strong>rarius</strong></span> <span class='ocrx_word' id='word_1_59' title='bbox 776 858 1030 941; x_wconf 83' lang='lat' dir='ltr'><strong>scripsi,</strong></span> <span class='ocrx_word' id='word_1_60' title='bbox 1076 858 1247 941; x_wconf 92' lang='lat' dir='ltr'><strong>quod</strong></span> <span class='ocrx_word' id='word_1_61' title='bbox 1289 879 1424 921; x_wconf 91' lang='lat' dir='ltr'><strong>non</strong></span> <span class='ocrx_word' id='word_1_62' title='bbox 1467 856 1779 921; x_wconf 88' lang='lat' dir='ltr'><strong>habebam</strong></span> <span class='ocrx_word' id='word_1_63' title='bbox 1828 856 2153 941; x_wconf 89' lang='lat' dir='ltr'><strong>idoneum,</strong></span> <span class='ocrx_word' id='word_1_64' title='bbox 2199 856 2302 920; x_wconf 91' lang='lat' dir='ltr'><strong>cui</strong></span> 
     </span>
     <span class='ocr_line' id='line_1_9' title="bbox 288 944 2300 1032; baseline -0.002 -23"><span class='ocrx_word' id='word_1_65' title='bbox 288 946 522 1032; x_wconf 90' lang='lat' dir='ltr'><strong>darem,</strong></span> <span class='ocrx_word' id='word_1_66' title='bbox 565 967 680 1009; x_wconf 92' lang='lat' dir='ltr'><strong>nec</strong></span> <span class='ocrx_word' id='word_1_67' title='bbox 727 947 885 1009; x_wconf 88' lang='lat' dir='ltr'><strong>satis</strong></span> <span class='ocrx_word' id='word_1_68' title='bbox 924 946 1219 1032; x_wconf 83' lang='lat' dir='ltr'><strong>sciebam,</strong></span> <span class='ocrx_word' id='word_1_69' title='bbox 1265 967 1391 1029; x_wconf 90' lang='lat' dir='ltr'><strong>quo</strong></span> <span class='ocrx_word' id='word_1_70' title='bbox 1442 945 1670 1009; x_wconf 79' lang='lat' dir='ltr'><strong>darem.</strong></span> <span class='ocrx_word' id='word_1_71' title='bbox 1745 944 1949 1009; x_wconf 89' lang='lat' dir='ltr'><strong>Valde</strong></span> <span class='ocrx_word' id='word_1_72' title='bbox 1990 950 2053 1008; x_wconf 90' lang='lat' dir='ltr'><strong>te</strong></span> <span class='ocrx_word' id='word_1_73' title='bbox 2091 944 2300 1008; x_wconf 88' lang='lat' dir='ltr'><strong>vendi-</strong></span> 
     </span>
     <span class='ocr_line' id='line_1_10' title="bbox 288 1031 2403 1119; baseline 0 -21"><span class='ocrx_word' id='word_1_74' title='bbox 288 1035 436 1098; x_wconf 82' lang='lat' dir='ltr'><strong>tavi.</strong></span> <span class='ocrx_word' id='word_1_75' title='bbox 548 1031 806 1098; x_wconf 87' lang='lat' dir='ltr'><strong>Cincius</strong></span> <span class='ocrx_word' id='word_1_76' title='bbox 871 1035 924 1097; x_wconf 92' lang='lat' dir='ltr'><strong>si</strong></span> <span class='ocrx_word' id='word_1_77' title='bbox 994 1034 1146 1118; x_wconf 91' lang='lat' dir='ltr'><strong>quid</strong></span> <span class='ocrx_word' id='word_1_78' title='bbox 1211 1034 1289 1097; x_wconf 91' lang='lat' dir='ltr'><strong>ad</strong></span> <span class='ocrx_word' id='word_1_79' title='bbox 1351 1055 1453 1097; x_wconf 92' lang='lat' dir='ltr'><strong>me</strong></span> <span class='ocrx_word' id='word_1_80' title='bbox 1513 1033 1612 1097; x_wconf 88' lang='lat' dir='ltr'><strong>tui</strong></span> <span class='ocrx_word' id='word_1_81' title='bbox 1673 1033 1919 1119; x_wconf 90' lang='lat' dir='ltr'><strong>negotii</strong></span> <span class='ocrx_word' id='word_1_82' title='bbox 1982 1033 2301 1118; x_wconf 89' lang='lat' dir='ltr'><strong>detulerit,</strong></span> <span class='ocrx_word' id='word_1_83' title='bbox 2344 1053 2403 1098; x_wconf 80' lang='lat'><strong>17</strong></span> 
     </span>
    </p>

    <p class='ocr_par' dir='ltr' id='par_1_4' title="bbox 205 1122 2405 1561">
     <span class='ocr_line' id='line_1_11' title="bbox 205 1122 2304 1207; baseline -0.003 -17"><span class='ocrx_word' id='word_1_84' title='bbox 205 1151 259 1190; x_wconf 84' lang='grc' dir='ltr'><strong>ιο</strong></span> <span class='ocrx_word' id='word_1_85' title='bbox 288 1122 658 1207; x_wconf 86' lang='lat' dir='ltr'><strong>suscipiam,</strong></span> <span class='ocrx_word' id='word_1_86' title='bbox 713 1122 823 1186; x_wconf 91' lang='lat' dir='ltr'><strong>sed</strong></span> <span class='ocrx_word' id='word_1_87' title='bbox 873 1144 1044 1187; x_wconf 89' lang='lat' dir='ltr'><strong>nunc</strong></span> <span class='ocrx_word' id='word_1_88' title='bbox 1096 1123 1301 1206; x_wconf 88' lang='lat' dir='ltr'><strong>magis</strong></span> <span class='ocrx_word' id='word_1_89' title='bbox 1362 1123 1432 1186; x_wconf 92' lang='lat' dir='ltr'><strong>in</strong></span> <span class='ocrx_word' id='word_1_90' title='bbox 1486 1144 1602 1186; x_wconf 91' lang='lat' dir='ltr'><strong>suo</strong></span> <span class='ocrx_word' id='word_1_91' title='bbox 1658 1126 1755 1186; x_wconf 91' lang='lat' dir='ltr'><strong>est</strong></span> <span class='ocrx_word' id='word_1_92' title='bbox 1807 1129 2178 1206; x_wconf 84' lang='lat' dir='ltr'><strong>occupatus3</strong></span> <span class='ocrx_word' id='word_1_93' title='bbox 2232 1122 2304 1184; x_wconf 93' lang='lat' dir='ltr'><strong>in</strong></span> 
     </span>
     <span class='ocr_line' id='line_1_12' title="bbox 289 1210 2302 1296; baseline -0.002 -20"><span class='ocrx_word' id='word_1_94' title='bbox 289 1233 415 1294; x_wconf 94' lang='lat' dir='ltr'><strong>quo</strong></span> <span class='ocrx_word' id='word_1_95' title='bbox 462 1232 580 1296; x_wconf 87' lang='lat' dir='ltr'><strong>ego</strong></span> <span class='ocrx_word' id='word_1_96' title='bbox 628 1211 687 1274; x_wconf 91' lang='lat' dir='ltr'><strong>ei</strong></span> <span class='ocrx_word' id='word_1_97' title='bbox 731 1232 861 1274; x_wconf 91' lang='lat' dir='ltr'><strong>non</strong></span> <span class='ocrx_word' id='word_1_98' title='bbox 903 1211 1138 1274; x_wconf 91' lang='lat' dir='ltr'><strong>desum.</strong></span> <span class='ocrx_word' id='word_1_99' title='bbox 1212 1210 1329 1292; x_wconf 87' lang='lat' dir='ltr'><strong>Tu,</strong></span> <span class='ocrx_word' id='word_1_100' title='bbox 1377 1211 1431 1274; x_wconf 91' lang='lat' dir='ltr'><strong>si</strong></span> <span class='ocrx_word' id='word_1_101' title='bbox 1470 1232 1597 1274; x_wconf 91' lang='lat' dir='ltr'><strong>uno</strong></span> <span class='ocrx_word' id='word_1_102' title='bbox 1636 1211 1706 1274; x_wconf 90' lang='lat' dir='ltr'><strong>in</strong></span> <span class='ocrx_word' id='word_1_103' title='bbox 1740 1211 1882 1277; x_wconf 90' lang='lat' dir='ltr'><strong>loco</strong></span> <span class='ocrx_word' id='word_1_104' title='bbox 1921 1232 1988 1273; x_wconf 91' lang='lat' dir='ltr'><strong>es</strong></span> <span class='ocrx_word' id='word_1_105' title='bbox 2024 1211 2302 1294; x_wconf 89' lang='lat' dir='ltr'><strong>futurus,</strong></span> 
     </span>
     <span class='ocr_line' id='line_1_13' title="bbox 287 1299 2303 1383; baseline -0.001 -20"><span class='ocrx_word' id='word_1_106' title='bbox 287 1300 543 1363; x_wconf 87' lang='lat' dir='ltr'><strong>crebras</strong></span> <span class='ocrx_word' id='word_1_107' title='bbox 604 1321 641 1362; x_wconf 85' lang='lat' dir='ltr'><strong>a</strong></span> <span class='ocrx_word' id='word_1_108' title='bbox 697 1299 888 1363; x_wconf 91' lang='lat' dir='ltr'><strong>nobis</strong></span> <span class='ocrx_word' id='word_1_109' title='bbox 949 1299 1199 1362; x_wconf 83' lang='lat' dir='ltr'><strong>litteras</strong></span> <span class='ocrx_word' id='word_1_110' title='bbox 1264 1306 1586 1383; x_wconf 80' lang='lat' dir='ltr'><strong>exspecta3</strong></span> <span class='ocrx_word' id='word_1_111' title='bbox 1662 1303 1763 1363; x_wconf 89' lang='lat' dir='ltr'><strong>ast</strong></span> <span class='ocrx_word' id='word_1_112' title='bbox 1828 1299 2043 1382; x_wconf 92' lang='lat' dir='ltr'><strong>plures</strong></span> <span class='ocrx_word' id='word_1_113' title='bbox 2107 1299 2303 1362; x_wconf 87' lang='lat' dir='ltr'><strong>etiam</strong></span> 
     </span>
     <span class='ocr_line' id='line_1_14' title="bbox 285 1385 2405 1472; baseline 0 -21"><span class='ocrx_word' id='word_1_114' title='bbox 285 1388 425 1472; x_wconf 92' lang='lat' dir='ltr'><strong>ipse</strong></span> <span class='ocrx_word' id='word_1_115' title='bbox 480 1387 746 1451; x_wconf 88' lang='lat' dir='ltr'><strong>mittito.</strong></span> <span class='ocrx_word' id='word_1_116' title='bbox 844 1385 1056 1450; x_wconf 91' lang='lat' dir='ltr'><strong>Velim</strong></span> <span class='ocrx_word' id='word_1_117' title='bbox 1111 1387 1191 1451; x_wconf 89' lang='lat' dir='ltr'><strong>ad</strong></span> <span class='ocrx_word' id='word_1_118' title='bbox 1243 1410 1345 1451; x_wconf 91' lang='lat' dir='ltr'><strong>me</strong></span> <span class='ocrx_word' id='word_1_119' title='bbox 1410 1388 1680 1472; x_wconf 89' lang='lat' dir='ltr'><strong>scribas,</strong></span> <span class='ocrx_word' id='word_1_120' title='bbox 1745 1388 1925 1451; x_wconf 89' lang='lat' dir='ltr'><strong>cuius</strong></span> <span class='ocrx_word' id='word_1_121' title='bbox 1989 1386 2161 1450; x_wconf 94' lang='lat' dir='ltr'><strong>modi</strong></span> <span class='ocrx_word' id='word_1_122' title='bbox 2216 1387 2301 1450; x_wconf 92' lang='lat' dir='ltr'><strong>sit</strong></span> <span class='ocrx_word' id='word_1_123' title='bbox 2340 1404 2405 1454; x_wconf 80' lang='lat'><strong>18</strong></span> 
     </span>
     <span class='ocr_line' id='line_1_15' title="bbox 280 1475 2301 1561; baseline -0.001 -20.994"><span class='ocrx_word' id='word_1_124' title='bbox 280 1475 679 1561; x_wconf 79' lang='grc' dir='ltr'><strong><em>Ἀμαλθεῑον</em></strong></span> <span class='ocrx_word' id='word_1_125' title='bbox 713 1479 918 1560; x_wconf 92' lang='lat' dir='ltr'><strong>tuum,</strong></span> <span class='ocrx_word' id='word_1_126' title='bbox 955 1497 1082 1558; x_wconf 89' lang='lat' dir='ltr'><strong>quo</strong></span> <span class='ocrx_word' id='word_1_127' title='bbox 1122 1480 1372 1560; x_wconf 87' lang='lat' dir='ltr'><strong>ornatu,</strong></span> <span class='ocrx_word' id='word_1_128' title='bbox 1419 1498 1545 1559; x_wconf 89' lang='lat' dir='ltr'><strong>qua</strong></span> <span class='ocrx_word' id='word_1_129' title='bbox 1581 1479 1964 1560; x_wconf 78' lang='grc' dir='ltr'><strong><em>τοποθεσίᾳ,</em></strong></span> <span class='ocrx_word' id='word_1_130' title='bbox 2011 1479 2094 1559; x_wconf 90' lang='lat' dir='ltr'><strong>et,</strong></span> <span class='ocrx_word' id='word_1_131' title='bbox 2139 1496 2301 1559; x_wconf 87' lang='lat' dir='ltr'><strong>quae</strong></span> 
     </span>
    </p>

    <p class='ocr_par' dir='ltr' id='par_1_5' title="bbox 203 1562 2302 1825">
     <span class='ocr_line' id='line_1_16' title="bbox 203 1562 2301 1716; baseline -0.002 -86"><span class='ocrx_word' id='word_1_132' title='bbox 203 1590 257 1630; x_wconf 67' lang='grc' dir='ltr'>ιε</span> <span class='ocrx_word' id='word_1_133' title='bbox 285 1567 584 1716; x_wconf 44' lang='lat' dir='ltr'><strong>po‘ieiznata</strong></span> <span class='ocrx_word' id='word_1_134' title='bbox 630 1562 1266 1716; x_wconf 42' lang='grc' dir='ltr'>Ἑιαξῖιιθῃξζὲοῗεε</span> <span class='ocrx_word' id='word_1_135' title='bbox 1312 1564 1389 1628; x_wconf 93' lang='lat' dir='ltr'><strong>de</strong></span> <span class='ocrx_word' id='word_1_136' title='bbox 1428 1562 1787 1716; x_wconf 55' lang='grc' dir='ltr'><strong><em>ἈμοᾹλθείᾳ</em></strong></span> <span class='ocrx_word' id='word_1_137' title='bbox 1801 1563 2041 1715; x_wconf 51' lang='lat' dir='ltr'><strong>¹3habesssi,</strong></span> <span class='ocrx_word' id='word_1_138' title='bbox 2086 1563 2165 1627; x_wconf 84' lang='lat' dir='ltr'><strong>ad</strong></span> <span class='ocrx_word' id='word_1_139' title='bbox 2177 1584 2301 1715; x_wconf 47' lang='grc' dir='ltr'>ὲιιιέθ</span> 
     </span>
     <span class='ocr_line' id='line_1_17' title="bbox 287 1673 2302 1717; baseline -0.001 0"><span class='ocrx_word' id='word_1_140' title='bbox 287 1676 377 1717; x_wconf 77' lang='lat' dir='ltr'><strong>mi</strong></span> <span class='ocrx_word' id='word_1_141' title='bbox 439 1674 508 1716; x_wconf 90' lang='lat' dir='ltr'><strong>as</strong></span> <span class='ocrx_word' id='word_1_142' title='bbox 692 1674 734 1714; x_wconf 96' lang='lat' dir='ltr'><strong>u</strong></span> <span class='ocrx_word' id='word_1_143' title='bbox 782 1673 816 1715; x_wconf 92' lang='lat' dir='ltr'><strong>e</strong></span> <span class='ocrx_word' id='word_1_144' title='bbox 1168 1673 1347 1716; x_wconf 87' lang='lat' dir='ltr'><strong>acere</strong></span> <span class='ocrx_word' id='word_1_145' title='bbox 1422 1674 1492 1715; x_wconf 85' lang='lat' dir='ltr'><strong>in</strong></span> <span class='ocrx_word' id='word_1_146' title='bbox 1615 1675 1647 1714; x_wconf 91' lang='lat' dir='ltr'><strong>r</strong></span> <span class='ocrx_word' id='word_1_147' title='bbox 1694 1675 1800 1715; x_wconf 79' lang='lat' dir='ltr'><strong>lna</strong></span> <span class='ocrx_word' id='word_1_148' title='bbox 1830 1675 1852 1715; x_wconf 90' lang='lat'>1</span> <span class='ocrx_word' id='word_1_149' title='bbox 2076 1673 2113 1715; x_wconf 93' lang='lat' dir='ltr'><strong>o</strong></span> <span class='ocrx_word' id='word_1_150' title='bbox 2278 1674 2302 1714; x_wconf 89' lang='lat'>1</span> 
     </span>
     <span class='ocr_line' id='line_1_18' title="bbox 286 1671 2301 1825; baseline -0.001 -20"><span class='ocrx_word' id='word_1_151' title='bbox 286 1741 532 1825; x_wconf 87' lang='lat' dir='ltr'><strong>aliquid</strong></span> <span class='ocrx_word' id='word_1_152' title='bbox 584 1741 662 1804; x_wconf 94' lang='lat' dir='ltr'><strong>de</strong></span> <span class='ocrx_word' id='word_1_153' title='bbox 715 1740 876 1804; x_wconf 92' lang='lat' dir='ltr'><strong>meis</strong></span> <span class='ocrx_word' id='word_1_154' title='bbox 923 1740 1180 1823; x_wconf 90' lang='lat' dir='ltr'><strong>scriptis</strong></span> <span class='ocrx_word' id='word_1_155' title='bbox 1226 1741 1498 1804; x_wconf 87' lang='lat' dir='ltr'><strong>mittam.</strong></span> <span class='ocrx_word' id='word_1_156' title='bbox 1589 1676 1774 1804; x_wconf 52' lang='lat' dir='ltr'><strong>Nihil</strong></span> <span class='ocrx_word' id='word_1_157' title='bbox 1820 1744 1957 1804; x_wconf 86' lang='lat' dir='ltr'><strong>erat</strong></span> <span class='ocrx_word' id='word_1_158' title='bbox 2003 1671 2301 1803; x_wconf 45' lang='lat' dir='ltr'><strong>affisoluti.</strong></span> 
     </span>
    </p>
   </div>
   <div class='ocr_carea' id='block_1_3' title="bbox 204 1914 1859 2232">
    <p class='ocr_par' dir='ltr' id='par_1_6' title="bbox 204 1914 1859 2232">
     <span class='ocr_line' id='line_1_19' title="bbox 1197 1914 1400 1980; baseline -0.005 0"><span class='ocrx_word' id='word_1_159' title='bbox 1197 1914 1400 1980; x_wconf 89' lang='lat' dir='ltr'>XVII.</span> 
     </span>
     <span class='ocr_line' id='line_1_20' title="bbox 728 2036 1859 2104; baseline -0.004 -11"><span class='ocrx_word' id='word_1_160' title='bbox 728 2036 843 2093; x_wconf 73' lang='lat' dir='ltr'><strong>Ser.</strong></span> <span class='ocrx_word' id='word_1_161' title='bbox 883 2037 1090 2092; x_wconf 79' lang='lat' dir='ltr'><strong>Romae</strong></span> <span class='ocrx_word' id='word_1_162' title='bbox 1125 2038 1273 2092; x_wconf 78' lang='lat' dir='ltr'><strong>Non.</strong></span> <span class='ocrx_word' id='word_1_163' title='bbox 1312 2038 1442 2092; x_wconf 83' lang='lat' dir='ltr'><strong>Dec.</strong></span> <span class='ocrx_word' id='word_1_164' title='bbox 1482 2054 1533 2091; x_wconf 84' lang='lat' dir='ltr'><strong>a.</strong></span> <span class='ocrx_word' id='word_1_165' title='bbox 1573 2040 1684 2092; x_wconf 83' lang='lat'><strong>693</strong></span> <span class='ocrx_word' id='word_1_166' title='bbox 1721 2039 1859 2104; x_wconf 83' lang='lat'><em>(61).</em></span> 
     </span>
     <span class='ocr_line' id='line_1_21' title="bbox 204 2159 1665 2232; baseline -0.003 -17"><span class='ocrx_word' id='word_1_167' title='bbox 204 2175 257 2215; x_wconf 60' lang='grc' dir='ltr'>ιο</span> <span class='ocrx_word' id='word_1_168' title='bbox 925 2159 1181 2215; x_wconf 84' lang='lat' dir='ltr'>CICERO</span> <span class='ocrx_word' id='word_1_169' title='bbox 1220 2159 1483 2215; x_wconf 83' lang='lat' dir='ltr'>ATTICO</span> <span class='ocrx_word' id='word_1_170' title='bbox 1522 2159 1665 2232; x_wconf 77' lang='lat' dir='ltr'><strong>SAL.</strong></span> 
     </span>
    </p>
   </div>
   <div class='ocr_carea' id='block_1_4' title="bbox 207 2268 2367 3588">
    <p class='ocr_par' dir='ltr' id='par_1_7' title="bbox 287 2268 2367 2615">
     <span class='ocr_line' id='line_1_22' title="bbox 420 2268 2367 2354; baseline 0 -21"><span class='ocrx_word' id='word_1_171' title='bbox 420 2268 657 2354; x_wconf 83' lang='lat' dir='ltr'><strong>Magna</strong></span> <span class='ocrx_word' id='word_1_172' title='bbox 719 2268 879 2332; x_wconf 90' lang='lat' dir='ltr'><strong>mihi</strong></span> <span class='ocrx_word' id='word_1_173' title='bbox 943 2270 1217 2332; x_wconf 86' lang='lat' dir='ltr'><strong>varietas</strong></span> <span class='ocrx_word' id='word_1_174' title='bbox 1289 2269 1644 2332; x_wconf 86' lang='lat' dir='ltr'><strong>voluntatis</strong></span> <span class='ocrx_word' id='word_1_175' title='bbox 1709 2273 1774 2332; x_wconf 91' lang='lat' dir='ltr'><strong>et</strong></span> <span class='ocrx_word' id='word_1_176' title='bbox 1845 2268 2305 2350; x_wconf 78' lang='lat' dir='ltr'><strong>dissimilitudo</strong></span> <span class='ocrx_word' id='word_1_177' title='bbox 2346 2289 2367 2333; x_wconf 89' lang='lat'>1</span> 
     </span>
     <span class='ocr_line' id='line_1_23' title="bbox 288 2355 2306 2441; baseline 0 -19"><span class='ocrx_word' id='word_1_178' title='bbox 288 2356 611 2441; x_wconf 84' lang='lat' dir='ltr'><strong>opinionis</strong></span> <span class='ocrx_word' id='word_1_179' title='bbox 657 2377 730 2420; x_wconf 87' lang='lat' dir='ltr'><strong>ac</strong></span> <span class='ocrx_word' id='word_1_180' title='bbox 765 2356 981 2420; x_wconf 87' lang='lat' dir='ltr'><strong>iudicii</strong></span> <span class='ocrx_word' id='word_1_181' title='bbox 1021 2355 1242 2431; x_wconf 83' lang='lat' dir='ltr'><strong>Quinti</strong></span> <span class='ocrx_word' id='word_1_182' title='bbox 1287 2357 1509 2420; x_wconf 85' lang='lat' dir='ltr'><strong>fratris</strong></span> <span class='ocrx_word' id='word_1_183' title='bbox 1554 2357 1680 2420; x_wconf 93' lang='lat' dir='ltr'><strong>mei</strong></span> <span class='ocrx_word' id='word_1_184' title='bbox 1726 2357 2161 2421; x_wconf 85' lang='lat' dir='ltr'><strong>demonstrata</strong></span> <span class='ocrx_word' id='word_1_185' title='bbox 2207 2362 2306 2422; x_wconf 91' lang='lat' dir='ltr'><strong>est</strong></span> 
     </span>
     <span class='ocr_line' id='line_1_24' title="bbox 288 2444 2304 2529; baseline 0 -20"><span class='ocrx_word' id='word_1_186' title='bbox 288 2467 366 2509; x_wconf 86' lang='lat' dir='ltr'><strong>ex</strong></span> <span class='ocrx_word' id='word_1_187' title='bbox 429 2444 667 2508; x_wconf 89' lang='lat' dir='ltr'><strong>litteris</strong></span> <span class='ocrx_word' id='word_1_188' title='bbox 722 2444 881 2529; x_wconf 92' lang='lat' dir='ltr'><strong>tuis,</strong></span> <span class='ocrx_word' id='word_1_189' title='bbox 942 2444 1012 2507; x_wconf 92' lang='lat' dir='ltr'><strong>in</strong></span> <span class='ocrx_word' id='word_1_190' title='bbox 1067 2445 1301 2528; x_wconf 90' lang='lat' dir='ltr'><strong>quibus</strong></span> <span class='ocrx_word' id='word_1_191' title='bbox 1356 2445 1433 2508; x_wconf 89' lang='lat' dir='ltr'><strong>ad</strong></span> <span class='ocrx_word' id='word_1_192' title='bbox 1497 2466 1599 2508; x_wconf 91' lang='lat' dir='ltr'><strong>me</strong></span> <span class='ocrx_word' id='word_1_193' title='bbox 1653 2446 2073 2528; x_wconf 87' lang='lat' dir='ltr'><strong>epistularum</strong></span> <span class='ocrx_word' id='word_1_194' title='bbox 2128 2445 2304 2509; x_wconf 89' lang='lat' dir='ltr'><strong>illius</strong></span> 
     </span>
     <span class='ocr_line' id='line_1_25' title="bbox 287 2530 2307 2615; baseline 0 -19"><span class='ocrx_word' id='word_1_195' title='bbox 287 2533 577 2615; x_wconf 84' lang='lat' dir='ltr'><strong>exempla</strong></span> <span class='ocrx_word' id='word_1_196' title='bbox 631 2532 884 2596; x_wconf 92' lang='lat' dir='ltr'><strong>misisti.</strong></span> <span class='ocrx_word' id='word_1_197' title='bbox 985 2530 1124 2606; x_wconf 83' lang='lat' dir='ltr'><strong>Qua</strong></span> <span class='ocrx_word' id='word_1_198' title='bbox 1182 2554 1259 2596; x_wconf 83' lang='lat' dir='ltr'><strong>ex</strong></span> <span class='ocrx_word' id='word_1_199' title='bbox 1318 2554 1387 2595; x_wconf 90' lang='lat' dir='ltr'><strong>re</strong></span> <span class='ocrx_word' id='word_1_200' title='bbox 1446 2537 1510 2596; x_wconf 91' lang='lat' dir='ltr'><strong>et</strong></span> <span class='ocrx_word' id='word_1_201' title='bbox 1571 2534 1865 2597; x_wconf 88' lang='lat' dir='ltr'><strong>molestia</strong></span> <span class='ocrx_word' id='word_1_202' title='bbox 1925 2556 2066 2597; x_wconf 92' lang='lat' dir='ltr'><strong>sum</strong></span> <span class='ocrx_word' id='word_1_203' title='bbox 2123 2537 2307 2597; x_wconf 85' lang='lat' dir='ltr'><strong>tanta</strong></span> 
     </span>
    </p>

    <p class='ocr_par' dir='ltr' id='par_1_8' title="bbox 207 2620 2309 3060">
     <span class='ocr_line' id='line_1_26' title="bbox 207 2620 2309 2706; baseline -0.001 -18"><span class='ocrx_word' id='word_1_204' title='bbox 207 2648 260 2689; x_wconf 74' lang='lat'><strong>85</strong></span> <span class='ocrx_word' id='word_1_205' title='bbox 288 2621 603 2706; x_wconf 86' lang='lat' dir='ltr'><strong>adfectus,</strong></span> <span class='ocrx_word' id='word_1_206' title='bbox 681 2624 986 2705; x_wconf 87' lang='lat' dir='ltr'><strong>quantam</strong></span> <span class='ocrx_word' id='word_1_207' title='bbox 1059 2620 1218 2684; x_wconf 88' lang='lat' dir='ltr'><strong>mihi</strong></span> <span class='ocrx_word' id='word_1_208' title='bbox 1289 2642 1470 2685; x_wconf 90' lang='lat' dir='ltr'><strong>meus</strong></span> <span class='ocrx_word' id='word_1_209' title='bbox 1543 2643 1721 2685; x_wconf 91' lang='lat' dir='ltr'><strong>amor</strong></span> <span class='ocrx_word' id='word_1_210' title='bbox 1795 2643 2080 2685; x_wconf 91' lang='lat' dir='ltr'><strong>summus</strong></span> <span class='ocrx_word' id='word_1_211' title='bbox 2154 2643 2309 2706; x_wconf 74' lang='lat' dir='ltr'><strong>erga</strong></span> 
     </span>
     <span class='ocr_line' id='line_1_27' title="bbox 288 2709 2305 2796; baseline 0 -22"><span class='ocrx_word' id='word_1_212' title='bbox 288 2714 633 2793; x_wconf 87' lang='lat' dir='ltr'><strong>utrumque</strong></span> <span class='ocrx_word' id='word_1_213' title='bbox 669 2713 953 2773; x_wconf 80' lang='lat' dir='ltr'><strong>vestrum</strong></span> <span class='ocrx_word' id='word_1_214' title='bbox 990 2709 1233 2772; x_wconf 89' lang='lat' dir='ltr'><strong>adferre</strong></span> <span class='ocrx_word' id='word_1_215' title='bbox 1270 2709 1510 2794; x_wconf 89' lang='lat' dir='ltr'><strong>debuit,</strong></span> <span class='ocrx_word' id='word_1_216' title='bbox 1554 2714 1618 2773; x_wconf 93' lang='lat' dir='ltr'><strong>et</strong></span> <span class='ocrx_word' id='word_1_217' title='bbox 1655 2709 2091 2796; x_wconf 88' lang='lat' dir='ltr'><strong>admiratione,</strong></span> <span class='ocrx_word' id='word_1_218' title='bbox 2129 2711 2305 2793; x_wconf 92' lang='lat' dir='ltr'><strong>quid·</strong></span> 
     </span>
     <span class='ocr_line' id='line_1_28' title="bbox 287 2796 2307 2882; baseline 0 -20"><span class='ocrx_word' id='word_1_219' title='bbox 287 2819 457 2866; x_wconf 81' lang='lat' dir='ltr'><strong>nam,</strong></span> <span class='ocrx_word' id='word_1_220' title='bbox 494 2797 854 2882; x_wconf 88' lang='lat' dir='ltr'><strong>accidisset,</strong></span> <span class='ocrx_word' id='word_1_221' title='bbox 910 2797 1079 2881; x_wconf 91' lang='lat' dir='ltr'><strong>quod</strong></span> <span class='ocrx_word' id='word_1_222' title='bbox 1134 2797 1412 2861; x_wconf 85' lang='lat' dir='ltr'><strong>adferret</strong></span> <span class='ocrx_word' id='word_1_223' title='bbox 1458 2796 1697 2873; x_wconf 83' lang='lat' dir='ltr'><strong>Quinto</strong></span> <span class='ocrx_word' id='word_1_224' title='bbox 1752 2798 1938 2861; x_wconf 86' lang='lat' dir='ltr'><strong>fratri</strong></span> <span class='ocrx_word' id='word_1_225' title='bbox 1996 2819 2138 2862; x_wconf 93' lang='lat' dir='ltr'><strong>meo</strong></span> <span class='ocrx_word' id='word_1_226' title='bbox 2196 2803 2307 2862; x_wconf 88' lang='lat' dir='ltr'><strong>aut</strong></span> 
     </span>
     <span class='ocr_line' id='line_1_29' title="bbox 290 2886 2307 2970; baseline 0.001 -21"><span class='ocrx_word' id='word_1_227' title='bbox 290 2886 705 2950; x_wconf 86' lang='lat' dir='ltr'><strong>offensionem</strong></span> <span class='ocrx_word' id='word_1_228' title='bbox 769 2890 902 2948; x_wconf 87' lang='lat' dir='ltr'><strong>tam</strong></span> <span class='ocrx_word' id='word_1_229' title='bbox 955 2906 1214 2970; x_wconf 82' lang='lat' dir='ltr'><strong>gravem</strong></span> <span class='ocrx_word' id='word_1_230' title='bbox 1272 2890 1385 2949; x_wconf 89' lang='lat' dir='ltr'><strong>aut</strong></span> <span class='ocrx_word' id='word_1_231' title='bbox 1440 2886 2002 2949; x_wconf 89' lang='lat' dir='ltr'><strong>commutationem</strong></span> <span class='ocrx_word' id='word_1_232' title='bbox 2057 2890 2307 2951; x_wconf 85' lang='lat' dir='ltr'><strong>tantam</strong></span> 
     </span>
     <span class='ocr_line' id='line_1_30' title="bbox 289 2972 2308 3060; baseline 0 -22"><span class='ocrx_word' id='word_1_233' title='bbox 289 2974 662 3039; x_wconf 88' lang='lat' dir='ltr'><strong>voluntatis.</strong></span> <span class='ocrx_word' id='word_1_234' title='bbox 734 2972 952 3057; x_wconf 89' lang='lat' dir='ltr'><strong>Atque</strong></span> <span class='ocrx_word' id='word_1_235' title='bbox 991 2973 1151 3037; x_wconf 90' lang='lat' dir='ltr'><strong>illud</strong></span> <span class='ocrx_word' id='word_1_236' title='bbox 1199 2996 1236 3037; x_wconf 86' lang='lat' dir='ltr'><strong>a</strong></span> <span class='ocrx_word' id='word_1_237' title='bbox 1278 2995 1380 3037; x_wconf 93' lang='lat' dir='ltr'><strong>me</strong></span> <span class='ocrx_word' id='word_1_238' title='bbox 1425 2974 1553 3037; x_wconf 91' lang='lat' dir='ltr'><strong>iam</strong></span> <span class='ocrx_word' id='word_1_239' title='bbox 1599 2978 1748 3037; x_wconf 88' lang='lat' dir='ltr'><strong>ante</strong></span> <span class='ocrx_word' id='word_1_240' title='bbox 1792 2974 2308 3060; x_wconf 85' lang='lat' dir='ltr'><strong>intellegebatur,</strong></span> 
     </span>
    </p>

    <p class='ocr_par' dir='ltr' id='par_1_9' title="bbox 210 3060 2308 3588">
     <span class='ocr_line' id='line_1_31' title="bbox 210 3060 2307 3147; baseline -0.001 -17"><span class='ocrx_word' id='word_1_241' title='bbox 210 3090 262 3130; x_wconf 75' lang='lat' dir='ltr'><strong>so</strong></span> <span class='ocrx_word' id='word_1_242' title='bbox 292 3062 461 3147; x_wconf 90' lang='lat' dir='ltr'><strong>quod</strong></span> <span class='ocrx_word' id='word_1_243' title='bbox 514 3066 582 3126; x_wconf 90' lang='lat' dir='ltr'><strong>te</strong></span> <span class='ocrx_word' id='word_1_244' title='bbox 637 3083 890 3146; x_wconf 91' lang='lat' dir='ltr'><strong>quoque</strong></span> <span class='ocrx_word' id='word_1_245' title='bbox 944 3062 1158 3145; x_wconf 93' lang='lat' dir='ltr'><strong>ipsum</strong></span> <span class='ocrx_word' id='word_1_246' title='bbox 1203 3062 1628 3125; x_wconf 88' lang='lat' dir='ltr'><strong>discedentem</strong></span> <span class='ocrx_word' id='word_1_247' title='bbox 1676 3085 1714 3126; x_wconf 89' lang='lat' dir='ltr'><strong>a</strong></span> <span class='ocrx_word' id='word_1_248' title='bbox 1757 3060 1946 3127; x_wconf 89' lang='lat' dir='ltr'><strong>nobis</strong></span> <span class='ocrx_word' id='word_1_249' title='bbox 1994 3063 2307 3147; x_wconf 89' lang='lat' dir='ltr'><strong>suspicari</strong></span> 
     </span>
     <span class='ocr_line' id='line_1_32' title="bbox 289 3150 2306 3233; baseline 0 -18"><span class='ocrx_word' id='word_1_250' title='bbox 289 3151 611 3233; x_wconf 84' lang='lat' dir='ltr'><strong>videbam,</strong></span> <span class='ocrx_word' id='word_1_251' title='bbox 675 3150 934 3214; x_wconf 91' lang='lat' dir='ltr'><strong>subesse</strong></span> <span class='ocrx_word' id='word_1_252' title='bbox 989 3151 1202 3215; x_wconf 91' lang='lat' dir='ltr'><strong>nescio</strong></span> <span class='ocrx_word' id='word_1_253' title='bbox 1269 3150 1422 3233; x_wconf 89' lang='lat' dir='ltr'><strong>quid</strong></span> <span class='ocrx_word' id='word_1_254' title='bbox 1488 3150 1809 3233; x_wconf 87' lang='lat' dir='ltr'><strong>opinionis</strong></span> <span class='ocrx_word' id='word_1_255' title='bbox 1869 3151 2306 3215; x_wconf 88' lang='lat' dir='ltr'><strong>incommodae</strong></span> 
     </span>
     <span class='ocr_line' id='line_1_33' title="bbox 291 3238 2305 3323; baseline -0 -20"><span class='ocrx_word' id='word_1_256' title='bbox 291 3240 702 3322; x_wconf 87' lang='lat' dir='ltr'><strong>sauciumque</strong></span> <span class='ocrx_word' id='word_1_257' title='bbox 765 3260 903 3303; x_wconf 90' lang='lat' dir='ltr'><strong>esse</strong></span> <span class='ocrx_word' id='word_1_258' title='bbox 957 3238 1093 3303; x_wconf 85' lang='lat' dir='ltr'><strong>eius</strong></span> <span class='ocrx_word' id='word_1_259' title='bbox 1149 3239 1431 3304; x_wconf 86' lang='lat' dir='ltr'><strong>animum</strong></span> <span class='ocrx_word' id='word_1_260' title='bbox 1500 3242 1564 3302; x_wconf 90' lang='lat' dir='ltr'><strong>et</strong></span> <span class='ocrx_word' id='word_1_261' title='bbox 1626 3238 1935 3303; x_wconf 90' lang='lat' dir='ltr'><strong>insedisse</strong></span> <span class='ocrx_word' id='word_1_262' title='bbox 2001 3240 2305 3323; x_wconf 86' lang='lat' dir='ltr'><strong>quasdam</strong></span> 
     </span>
     <span class='ocr_line' id='line_1_34' title="bbox 291 3326 2307 3412; baseline 0 -21"><span class='ocrx_word' id='word_1_263' title='bbox 291 3328 544 3391; x_wconf 88' lang='lat' dir='ltr'><strong>odiosas</strong></span> <span class='ocrx_word' id='word_1_264' title='bbox 589 3328 998 3411; x_wconf 88' lang='lat' dir='ltr'><strong>suspiciones.</strong></span> <span class='ocrx_word' id='word_1_265' title='bbox 1081 3326 1328 3403; x_wconf 82' lang='lat' dir='ltr'><strong>Quibus</strong></span> <span class='ocrx_word' id='word_1_266' title='bbox 1374 3347 1493 3412; x_wconf 88' lang='lat' dir='ltr'><strong>ego</strong></span> <span class='ocrx_word' id='word_1_267' title='bbox 1539 3327 1779 3392; x_wconf 88' lang='lat' dir='ltr'><strong>mederi</strong></span> <span class='ocrx_word' id='word_1_268' title='bbox 1824 3349 1968 3392; x_wconf 90' lang='lat' dir='ltr'><strong>cum</strong></span> <span class='ocrx_word' id='word_1_269' title='bbox 2013 3349 2307 3411; x_wconf 88' lang='lat' dir='ltr'><strong>cuperem</strong></span> 
     </span>
     <span class='ocr_line' id='line_1_35' title="bbox 290 3415 2308 3499; baseline 0 -20"><span class='ocrx_word' id='word_1_270' title='bbox 290 3422 479 3479; x_wconf 85' lang='lat' dir='ltr'><strong>antea</strong></span> <span class='ocrx_word' id='word_1_271' title='bbox 543 3437 730 3499; x_wconf 87' lang='lat' dir='ltr'><strong>saepe</strong></span> <span class='ocrx_word' id='word_1_272' title='bbox 793 3419 857 3479; x_wconf 92' lang='lat' dir='ltr'><strong>et</strong></span> <span class='ocrx_word' id='word_1_273' title='bbox 919 3415 1358 3479; x_wconf 84' lang='lat' dir='ltr'><strong>vehementius</strong></span> <span class='ocrx_word' id='word_1_274' title='bbox 1427 3415 1622 3479; x_wconf 90' lang='lat' dir='ltr'><strong>etiam</strong></span> <span class='ocrx_word' id='word_1_275' title='bbox 1684 3420 1835 3499; x_wconf 90' lang='lat' dir='ltr'><strong>post</strong></span> <span class='ocrx_word' id='word_1_276' title='bbox 1899 3415 2308 3479; x_wconf 87' lang='lat' dir='ltr'><strong>sortitionem</strong></span> 
     </span>
     <span class='ocr_line' id='line_1_36' title="bbox 212 3502 2305 3588; baseline -0.002 -20"><span class='ocrx_word' id='word_1_277' title='bbox 212 3527 263 3568; x_wconf 74' lang='lat'><strong>³5</strong></span> <span class='ocrx_word' id='word_1_278' title='bbox 290 3503 674 3588; x_wconf 84' lang='lat' dir='ltr'><strong>provinciae,</strong></span> <span class='ocrx_word' id='word_1_279' title='bbox 712 3525 828 3567; x_wconf 90' lang='lat' dir='ltr'><strong>nec</strong></span> <span class='ocrx_word' id='word_1_280' title='bbox 863 3507 1111 3567; x_wconf 89' lang='lat' dir='ltr'><strong>tantum</strong></span> <span class='ocrx_word' id='word_1_281' title='bbox 1154 3503 1606 3588; x_wconf 86' lang='lat' dir='ltr'><strong>intellegebam</strong></span> <span class='ocrx_word' id='word_1_282' title='bbox 1644 3505 1701 3567; x_wconf 91' lang='lat' dir='ltr'><strong>ei</strong></span> <span class='ocrx_word' id='word_1_283' title='bbox 1740 3525 1877 3567; x_wconf 91' lang='lat' dir='ltr'><strong>esse</strong></span> <span class='ocrx_word' id='word_1_284' title='bbox 1916 3502 2305 3580; x_wconf 73' lang='lat' dir='ltr'><strong>offensionis,‚</strong></span> 
     </span>
    </p>
   </div>
  </div>
 </body>
</html>
