<?xml version="1.0" encoding="UTF-8"?>
<!DOCTYPE html PUBLIC "-//W3C//DTD XHTML 1.0 Transitional//EN"
    "http://www.w3.org/TR/xhtml1/DTD/xhtml1-transitional.dtd">
<html xmlns="http://www.w3.org/1999/xhtml" xml:lang="en" lang="en">
 <head>
  <title>
</title>
<meta http-equiv="Content-Type" content="text/html;charset=utf-8" />
  <meta name='ocr-system' content='tesseract 3.04.00' />
  <meta name='ocr-capabilities' content='ocr_page ocr_carea ocr_par ocr_line ocrx_word'/>
</head>
<body>
  <div class='ocr_page' id='page_1' title='image "./scriptaquaemans00friegoog_0170.png"; bbox 0 0 2642 3923; ppageno 0'>
   <div class='ocr_carea' id='block_1_1' title="bbox 245 824 270 872">
    <p class='ocr_par' dir='ltr' id='par_1_1' title="bbox 245 824 270 872">
     <span class='ocr_line' id='line_1_1' title="bbox 245 824 270 872; baseline 0 0"><span class='ocrx_word' id='word_1_1' title='bbox 245 824 270 872; x_wconf 85' lang='lat'><em>1</em></span> 
     </span>
    </p>
   </div>
   <div class='ocr_carea' id='block_1_2' title="bbox 312 221 1692 287">
    <p class='ocr_par' dir='ltr' id='par_1_2' title="bbox 312 221 1692 287">
     <span class='ocr_line' id='line_1_2' title="bbox 312 221 1692 287; baseline -0.003 -8"><span class='ocrx_word' id='word_1_2' title='bbox 312 221 355 287; x_wconf 84' lang='lat'>6</span> <span class='ocrx_word' id='word_1_3' title='bbox 950 223 1024 277; x_wconf 85' lang='lat' dir='ltr'><strong>M.</strong></span> <span class='ocrx_word' id='word_1_4' title='bbox 1062 222 1276 277; x_wconf 91' lang='lat' dir='ltr'>TULLI</span> <span class='ocrx_word' id='word_1_5' title='bbox 1313 221 1692 277; x_wconf 82' lang='lat' dir='ltr'>CICERONIS</span> 
     </span>
    </p>
   </div>
   <div class='ocr_carea' id='block_1_3' title="bbox 590 452 2048 645">
    <p class='ocr_par' dir='ltr' id='par_1_3' title="bbox 590 452 2048 645">
     <span class='ocr_line' id='line_1_3' title="bbox 1279 452 1357 518; baseline 0 0"><span class='ocrx_word' id='word_1_6' title='bbox 1279 452 1357 518; x_wconf 82' lang='lat' dir='ltr'><strong>V.</strong></span> 
     </span>
     <span class='ocr_line' id='line_1_4' title="bbox 590 574 2048 645; baseline -0.001 -14"><span class='ocrx_word' id='word_1_7' title='bbox 590 575 704 631; x_wconf 78' lang='lat' dir='ltr'><strong>Ser.</strong></span> <span class='ocrx_word' id='word_1_8' title='bbox 745 576 950 630; x_wconf 76' lang='lat' dir='ltr'><strong>Romae</strong></span> <span class='ocrx_word' id='word_1_9' title='bbox 979 576 1153 645; x_wconf 75' lang='lat' dir='ltr'><strong>paulo</strong></span> <span class='ocrx_word' id='word_1_10' title='bbox 1189 581 1314 629; x_wconf 78' lang='lat' dir='ltr'><strong>ante</strong></span> <span class='ocrx_word' id='word_1_11' title='bbox 1343 574 1442 628; x_wconf 87' lang='lat' dir='ltr'><strong>IV</strong></span> <span class='ocrx_word' id='word_1_12' title='bbox 1472 575 1544 629; x_wconf 89' lang='lat' dir='ltr'><strong>K.</strong></span> <span class='ocrx_word' id='word_1_13' title='bbox 1584 576 1716 631; x_wconf 79' lang='lat' dir='ltr'><strong>Dec.</strong></span> <span class='ocrx_word' id='word_1_14' title='bbox 1757 579 1871 630; x_wconf 83' lang='grc'><strong>686</strong></span> <span class='ocrx_word' id='word_1_15' title='bbox 1908 578 2048 643; x_wconf 86' lang='grc'><strong>(68).</strong></span> 
     </span>
    </p>
   </div>
   <div class='ocr_carea' id='block_1_4' title="bbox 446 696 2325 891">
    <p class='ocr_par' dir='ltr' id='par_1_4' title="bbox 446 696 2325 891">
     <span class='ocr_line' id='line_1_5' title="bbox 949 696 1693 753; baseline 0 0"><span class='ocrx_word' id='word_1_16' title='bbox 949 696 1205 753; x_wconf 84' lang='lat' dir='ltr'>CICERO</span> <span class='ocrx_word' id='word_1_17' title='bbox 1243 696 1505 752; x_wconf 81' lang='lat' dir='ltr'><strong>ATTICO</strong></span> <span class='ocrx_word' id='word_1_18' title='bbox 1543 697 1693 753; x_wconf 88' lang='lat' dir='ltr'>SAL.</span> 
     </span>
     <span class='ocr_line' id='line_1_6' title="bbox 446 805 2325 891; baseline 0 -20"><span class='ocrx_word' id='word_1_19' title='bbox 446 805 768 882; x_wconf 84' lang='lat' dir='ltr'><strong>Quantum</strong></span> <span class='ocrx_word' id='word_1_20' title='bbox 823 807 1107 872; x_wconf 88' lang='lat' dir='ltr'><strong>dolorem</strong></span> <span class='ocrx_word' id='word_1_21' title='bbox 1154 807 1501 891; x_wconf 86' lang='lat' dir='ltr'><strong>acceperim</strong></span> <span class='ocrx_word' id='word_1_22' title='bbox 1547 810 1611 870; x_wconf 94' lang='lat' dir='ltr'><strong>et</strong></span> <span class='ocrx_word' id='word_1_23' title='bbox 1657 809 1898 890; x_wconf 85' lang='lat' dir='ltr'><strong>quanto</strong></span> <span class='ocrx_word' id='word_1_24' title='bbox 1944 808 2158 871; x_wconf 88' lang='lat' dir='ltr'><strong>fructu</strong></span> <span class='ocrx_word' id='word_1_25' title='bbox 2206 807 2325 871; x_wconf 91' lang='lat' dir='ltr'><strong>sim</strong></span> 
     </span>
    </p>
   </div>
   <div class='ocr_carea' id='block_1_5' title="bbox 303 893 2411 979">
    <p class='ocr_par' dir='ltr' id='par_1_5' title="bbox 303 893 2411 979">
     <span class='ocr_line' id='line_1_7' title="bbox 303 893 2411 979; baseline 0 -23"><span class='ocrx_word' id='word_1_26' title='bbox 303 894 602 979; x_wconf 68' lang='lat' dir='ltr'><strong>⁴privatus</strong></span> <span class='ocrx_word' id='word_1_27' title='bbox 662 898 729 960; x_wconf 90' lang='lat' dir='ltr'><strong>et</strong></span> <span class='ocrx_word' id='word_1_28' title='bbox 791 896 1030 959; x_wconf 86' lang='lat' dir='ltr'><strong>forensi</strong></span> <span class='ocrx_word' id='word_1_29' title='bbox 1090 899 1155 959; x_wconf 88' lang='lat' dir='ltr'><strong>et</strong></span> <span class='ocrx_word' id='word_1_30' title='bbox 1213 895 1561 960; x_wconf 92' lang='lat' dir='ltr'><strong>domestico</strong></span> <span class='ocrx_word' id='word_1_31' title='bbox 1621 893 1775 958; x_wconf 82' lang='lat' dir='ltr'><strong>Luci</strong></span> <span class='ocrx_word' id='word_1_32' title='bbox 1833 895 2054 958; x_wconf 86' lang='lat' dir='ltr'><strong>fratris</strong></span> <span class='ocrx_word' id='word_1_33' title='bbox 2119 897 2328 959; x_wconf 78' lang='lat' dir='ltr'><strong>nostri</strong></span> <span class='ocrx_word' id='word_1_34' title='bbox 2384 917 2411 957; x_wconf 69' lang='grc' dir='ltr'>ε</span> 
     </span>
    </p>
   </div>
   <div class='ocr_carea' id='block_1_6' title="bbox 310 982 2411 2461">
    <p class='ocr_par' dir='ltr' id='par_1_6' title="bbox 310 982 2411 1665">
     <span class='ocr_line' id='line_1_8' title="bbox 312 982 2326 1068; baseline 0.001 -22"><span class='ocrx_word' id='word_1_35' title='bbox 312 988 536 1068; x_wconf 88' lang='lat' dir='ltr'><strong>morte,</strong></span> <span class='ocrx_word' id='word_1_36' title='bbox 572 985 641 1047; x_wconf 91' lang='lat' dir='ltr'><strong>in</strong></span> <span class='ocrx_word' id='word_1_37' title='bbox 676 984 901 1067; x_wconf 86' lang='lat' dir='ltr'><strong>primis</strong></span> <span class='ocrx_word' id='word_1_38' title='bbox 937 1006 1057 1068; x_wconf 86' lang='lat' dir='ltr'><strong>pro</strong></span> <span class='ocrx_word' id='word_1_39' title='bbox 1092 988 1315 1047; x_wconf 89' lang='lat' dir='ltr'><strong>nostra</strong></span> <span class='ocrx_word' id='word_1_40' title='bbox 1354 982 1811 1048; x_wconf 88' lang='lat' dir='ltr'><strong>consuetudine</strong></span> <span class='ocrx_word' id='word_1_41' title='bbox 1847 988 1922 1047; x_wconf 90' lang='lat' dir='ltr'><strong>tu</strong></span> <span class='ocrx_word' id='word_1_42' title='bbox 1960 983 2326 1048; x_wconf 87' lang='lat' dir='ltr'><strong>existimare</strong></span> 
     </span>
     <span class='ocr_line' id='line_1_9' title="bbox 310 1069 2327 1157; baseline 0 -22"><span class='ocrx_word' id='word_1_43' title='bbox 310 1076 513 1155; x_wconf 91' lang='lat' dir='ltr'><strong>potes.</strong></span> <span class='ocrx_word' id='word_1_44' title='bbox 587 1069 756 1136; x_wconf 92' lang='lat' dir='ltr'><strong>Nam</strong></span> <span class='ocrx_word' id='word_1_45' title='bbox 792 1071 952 1136; x_wconf 93' lang='lat' dir='ltr'><strong>mihi</strong></span> <span class='ocrx_word' id='word_1_46' title='bbox 1000 1072 1233 1157; x_wconf 88' lang='lat' dir='ltr'><strong>omnia,</strong></span> <span class='ocrx_word' id='word_1_47' title='bbox 1279 1094 1441 1156; x_wconf 87' lang='lat' dir='ltr'><strong>quae</strong></span> <span class='ocrx_word' id='word_1_48' title='bbox 1487 1071 1760 1136; x_wconf 89' lang='lat' dir='ltr'><strong>iucunda</strong></span> <span class='ocrx_word' id='word_1_49' title='bbox 1806 1093 1881 1135; x_wconf 86' lang='lat' dir='ltr'><strong>ex</strong></span> <span class='ocrx_word' id='word_1_50' title='bbox 1926 1070 2327 1136; x_wconf 73' lang='lat' dir='ltr'><strong>humanitate</strong></span> 
     </span>
     <span class='ocr_line' id='line_1_10' title="bbox 313 1159 2327 1246; baseline 0.001 -24"><span class='ocrx_word' id='word_1_51' title='bbox 313 1159 576 1224; x_wconf 87' lang='lat' dir='ltr'><strong>alterius</strong></span> <span class='ocrx_word' id='word_1_52' title='bbox 631 1164 698 1224; x_wconf 87' lang='lat' dir='ltr'><strong>et</strong></span> <span class='ocrx_word' id='word_1_53' title='bbox 750 1161 1038 1224; x_wconf 88' lang='lat' dir='ltr'><strong>moribus</strong></span> <span class='ocrx_word' id='word_1_54' title='bbox 1092 1159 1340 1224; x_wconf 90' lang='lat' dir='ltr'><strong>homini</strong></span> <span class='ocrx_word' id='word_1_55' title='bbox 1397 1159 1671 1224; x_wconf 86' lang='lat' dir='ltr'><strong>accidere</strong></span> <span class='ocrx_word' id='word_1_56' title='bbox 1727 1164 2027 1246; x_wconf 76' lang='lat' dir='ltr'>possunt,</span> <span class='ocrx_word' id='word_1_57' title='bbox 2081 1183 2160 1225; x_wconf 85' lang='lat' dir='ltr'><strong>ex</strong></span> <span class='ocrx_word' id='word_1_58' title='bbox 2213 1161 2327 1225; x_wconf 91' lang='lat' dir='ltr'><strong>illo</strong></span> 
     </span>
     <span class='ocr_line' id='line_1_11' title="bbox 314 1247 2331 1334; baseline 0 -22"><span class='ocrx_word' id='word_1_59' title='bbox 314 1248 696 1312; x_wconf 84' lang='lat' dir='ltr'><strong>accidebant.</strong></span> <span class='ocrx_word' id='word_1_60' title='bbox 799 1247 1004 1324; x_wconf 81' lang='lat' dir='ltr'>Quare</span> <span class='ocrx_word' id='word_1_61' title='bbox 1058 1270 1191 1312; x_wconf 90' lang='lat' dir='ltr'><strong>non</strong></span> <span class='ocrx_word' id='word_1_62' title='bbox 1243 1248 1498 1334; x_wconf 91' lang='lat' dir='ltr'><strong>dubito,</strong></span> <span class='ocrx_word' id='word_1_63' title='bbox 1566 1248 1723 1332; x_wconf 91' lang='lat' dir='ltr'><strong>quin</strong></span> <span class='ocrx_word' id='word_1_64' title='bbox 1779 1247 1901 1312; x_wconf 90' lang='lat' dir='ltr'><strong>tibi</strong></span> <span class='ocrx_word' id='word_1_65' title='bbox 1954 1270 2210 1333; x_wconf 90' lang='lat' dir='ltr'><strong>quoque</strong></span> <span class='ocrx_word' id='word_1_66' title='bbox 2263 1249 2331 1313; x_wconf 91' lang='lat' dir='ltr'><strong>id</strong></span> 
     </span>
     <span class='ocr_line' id='line_1_12' title="bbox 312 1336 2411 1423; baseline -0.001 -23"><span class='ocrx_word' id='word_1_67' title='bbox 312 1336 656 1401; x_wconf 89' lang='lat' dir='ltr'><strong>molestum</strong></span> <span class='ocrx_word' id='word_1_68' title='bbox 721 1337 836 1423; x_wconf 86' lang='lat' dir='ltr'><strong>sit,</strong></span> <span class='ocrx_word' id='word_1_69' title='bbox 898 1359 1043 1401; x_wconf 88' lang='lat' dir='ltr'><strong>cum</strong></span> <span class='ocrx_word' id='word_1_70' title='bbox 1106 1341 1169 1401; x_wconf 92' lang='lat' dir='ltr'><strong>et</strong></span> <span class='ocrx_word' id='word_1_71' title='bbox 1223 1358 1364 1400; x_wconf 91' lang='lat' dir='ltr'><strong>meo</strong></span> <span class='ocrx_word' id='word_1_72' title='bbox 1430 1336 1648 1400; x_wconf 92' lang='lat' dir='ltr'><strong>dolore</strong></span> <span class='ocrx_word' id='word_1_73' title='bbox 1707 1357 1999 1400; x_wconf 82' lang='lat' dir='ltr'><strong>moveare</strong></span> <span class='ocrx_word' id='word_1_74' title='bbox 2063 1340 2128 1401; x_wconf 93' lang='lat' dir='ltr'><strong>et</strong></span> <span class='ocrx_word' id='word_1_75' title='bbox 2190 1337 2328 1421; x_wconf 91' lang='lat' dir='ltr'><strong>ipse</strong></span> <span class='ocrx_word' id='word_1_76' title='bbox 2356 1360 2411 1398; x_wconf 84' lang='lat'><strong>10</strong></span> 
     </span>
     <span class='ocr_line' id='line_1_13' title="bbox 316 1424 2329 1508; baseline 0 -20"><span class='ocrx_word' id='word_1_77' title='bbox 316 1424 488 1489; x_wconf 87' lang='lat' dir='ltr'><strong>omni</strong></span> <span class='ocrx_word' id='word_1_78' title='bbox 551 1425 791 1489; x_wconf 86' lang='lat' dir='ltr'><strong>virtute</strong></span> <span class='ocrx_word' id='word_1_79' title='bbox 856 1425 1195 1508; x_wconf 87' lang='lat' dir='ltr'><strong>officioque</strong></span> <span class='ocrx_word' id='word_1_80' title='bbox 1260 1424 1742 1489; x_wconf 90' lang='lat' dir='ltr'><strong>ornatissimum</strong></span> <span class='ocrx_word' id='word_1_81' title='bbox 1806 1424 2029 1507; x_wconf 89' lang='lat' dir='ltr'><strong>tuique</strong></span> <span class='ocrx_word' id='word_1_82' title='bbox 2089 1428 2153 1488; x_wconf 94' lang='lat' dir='ltr'><strong>et</strong></span> <span class='ocrx_word' id='word_1_83' title='bbox 2214 1447 2329 1489; x_wconf 86' lang='lat' dir='ltr'><strong>sua</strong></span> 
     </span>
     <span class='ocr_line' id='line_1_14' title="bbox 315 1512 2327 1597; baseline 0 -21"><span class='ocrx_word' id='word_1_84' title='bbox 315 1516 542 1596; x_wconf 87' lang='lat' dir='ltr'><strong>sponte</strong></span> <span class='ocrx_word' id='word_1_85' title='bbox 596 1517 661 1577; x_wconf 92' lang='lat' dir='ltr'><strong>et</strong></span> <span class='ocrx_word' id='word_1_86' title='bbox 715 1535 854 1577; x_wconf 92' lang='lat' dir='ltr'><strong>meo</strong></span> <span class='ocrx_word' id='word_1_87' title='bbox 908 1535 1200 1578; x_wconf 84' lang='lat' dir='ltr'><strong>sermone</strong></span> <span class='ocrx_word' id='word_1_88' title='bbox 1245 1518 1564 1577; x_wconf 86' lang='lat' dir='ltr'><strong>amantem</strong></span> <span class='ocrx_word' id='word_1_89' title='bbox 1610 1512 1883 1576; x_wconf 88' lang='lat' dir='ltr'><strong>adfinem</strong></span> <span class='ocrx_word' id='word_1_90' title='bbox 1928 1513 2327 1597; x_wconf 88' lang='lat' dir='ltr'><strong>amicumque</strong></span> 
     </span>
     <span class='ocr_line' id='line_1_15' title="bbox 314 1601 619 1665; baseline -0.003 0"><span class='ocrx_word' id='word_1_91' title='bbox 314 1601 619 1665; x_wconf 88' lang='lat' dir='ltr'><strong>amiseris.</strong></span> 
     </span>
    </p>

    <p class='ocr_par' dir='ltr' id='par_1_7' title="bbox 312 1688 2411 2394">
     <span class='ocr_line' id='line_1_16' title="bbox 446 1688 2328 1775; baseline -0.001 -22"><span class='ocrx_word' id='word_1_92' title='bbox 446 1688 627 1765; x_wconf 85' lang='lat' dir='ltr'><strong>Quod</strong></span> <span class='ocrx_word' id='word_1_93' title='bbox 674 1689 750 1754; x_wconf 92' lang='lat' dir='ltr'><strong>ad</strong></span> <span class='ocrx_word' id='word_1_94' title='bbox 798 1711 897 1754; x_wconf 90' lang='lat' dir='ltr'><strong>me</strong></span> <span class='ocrx_word' id='word_1_95' title='bbox 944 1689 1168 1754; x_wconf 90' lang='lat' dir='ltr'><strong>scribis</strong></span> <span class='ocrx_word' id='word_1_96' title='bbox 1216 1688 1291 1753; x_wconf 91' lang='grc'><strong>(18</strong></span> <span class='ocrx_word' id='word_1_97' title='bbox 1341 1710 1558 1752; x_wconf 89' lang='grc'><strong>801018</strong></span> <span class='ocrx_word' id='word_1_98' title='bbox 1604 1692 1743 1775; x_wconf 92' lang='lat' dir='ltr'><strong>tua,</strong></span> <span class='ocrx_word' id='word_1_99' title='bbox 1802 1689 1989 1753; x_wconf 88' lang='lat' dir='ltr'><strong>testis</strong></span> <span class='ocrx_word' id='word_1_100' title='bbox 2035 1690 2159 1753; x_wconf 91' lang='lat' dir='ltr'><strong>erit</strong></span> <span class='ocrx_word' id='word_1_101' title='bbox 2204 1689 2328 1753; x_wconf 88' lang='lat' dir='ltr'><strong>tibi</strong></span> 
     </span>
     <span class='ocr_line' id='line_1_17' title="bbox 313 1775 2411 1863; baseline 0 -23"><span class='ocrx_word' id='word_1_102' title='bbox 313 1778 478 1862; x_wconf 91' lang='lat' dir='ltr'><strong>ipsa,</strong></span> <span class='ocrx_word' id='word_1_103' title='bbox 526 1783 799 1861; x_wconf 92' lang='lat' dir='ltr'><strong>quantae</strong></span> <span class='ocrx_word' id='word_1_104' title='bbox 845 1778 1006 1842; x_wconf 91' lang='lat' dir='ltr'><strong>mihi</strong></span> <span class='ocrx_word' id='word_1_105' title='bbox 1052 1800 1238 1842; x_wconf 88' lang='lat' dir='ltr'><strong>curae</strong></span> <span class='ocrx_word' id='word_1_106' title='bbox 1283 1777 1497 1863; x_wconf 84' lang='lat' dir='ltr'><strong>fuerit,</strong></span> <span class='ocrx_word' id='word_1_107' title='bbox 1543 1781 1616 1841; x_wconf 91' lang='lat' dir='ltr'><strong>ut</strong></span> <span class='ocrx_word' id='word_1_108' title='bbox 1662 1775 1884 1853; x_wconf 82' lang='lat' dir='ltr'><strong>Quinti</strong></span> <span class='ocrx_word' id='word_1_109' title='bbox 1929 1777 2150 1841; x_wconf 87' lang='lat' dir='ltr'><strong>fratris</strong></span> <span class='ocrx_word' id='word_1_110' title='bbox 2200 1777 2329 1841; x_wconf 88' lang='lat' dir='ltr'><strong>ani-</strong></span> <span class='ocrx_word' id='word_1_111' title='bbox 2357 1802 2411 1840; x_wconf 84' lang='lat'><strong>15</strong></span> 
     </span>
     <span class='ocr_line' id='line_1_18' title="bbox 314 1863 2327 1950; baseline 0 -21"><span class='ocrx_word' id='word_1_112' title='bbox 314 1889 456 1930; x_wconf 92' lang='lat' dir='ltr'><strong>mus</strong></span> <span class='ocrx_word' id='word_1_113' title='bbox 515 1866 583 1929; x_wconf 92' lang='lat' dir='ltr'><strong>in</strong></span> <span class='ocrx_word' id='word_1_114' title='bbox 637 1888 776 1930; x_wconf 88' lang='lat' dir='ltr'><strong>eam</strong></span> <span class='ocrx_word' id='word_1_115' title='bbox 831 1870 998 1931; x_wconf 90' lang='lat' dir='ltr'><strong>esset</strong></span> <span class='ocrx_word' id='word_1_116' title='bbox 1052 1866 1136 1950; x_wconf 89' lang='lat' dir='ltr'><strong>is,</strong></span> <span class='ocrx_word' id='word_1_117' title='bbox 1192 1865 1302 1949; x_wconf 92' lang='lat' dir='ltr'><strong>qui</strong></span> <span class='ocrx_word' id='word_1_118' title='bbox 1360 1887 1498 1929; x_wconf 90' lang='lat' dir='ltr'><strong>esse</strong></span> <span class='ocrx_word' id='word_1_119' title='bbox 1553 1865 1826 1930; x_wconf 88' lang='lat' dir='ltr'><strong>deberet.</strong></span> <span class='ocrx_word' id='word_1_120' title='bbox 1927 1863 2129 1940; x_wconf 84' lang='lat' dir='ltr'><strong>Quem</strong></span> <span class='ocrx_word' id='word_1_121' title='bbox 2183 1887 2327 1930; x_wconf 91' lang='lat' dir='ltr'><strong>cum</strong></span> 
     </span>
     <span class='ocr_line' id='line_1_19' title="bbox 313 1953 2330 2041; baseline 0 -23"><span class='ocrx_word' id='word_1_122' title='bbox 313 1977 449 2019; x_wconf 77' lang='lat' dir='ltr'><strong>esse</strong></span> <span class='ocrx_word' id='word_1_123' title='bbox 505 1955 909 2019; x_wconf 86' lang='lat' dir='ltr'><strong>offensiorem</strong></span> <span class='ocrx_word' id='word_1_124' title='bbox 964 1954 1336 2039; x_wconf 85' lang='lat' dir='ltr'><strong>arbitrarer,</strong></span> <span class='ocrx_word' id='word_1_125' title='bbox 1395 1976 1500 2019; x_wconf 86' lang='lat' dir='ltr'><strong>eas</strong></span> <span class='ocrx_word' id='word_1_126' title='bbox 1549 1954 1797 2018; x_wconf 87' lang='lat' dir='ltr'><strong>litteras</strong></span> <span class='ocrx_word' id='word_1_127' title='bbox 1845 1953 1924 2018; x_wconf 91' lang='lat' dir='ltr'><strong>ad</strong></span> <span class='ocrx_word' id='word_1_128' title='bbox 1972 1976 2116 2018; x_wconf 92' lang='grc'><strong>811111</strong></span> <span class='ocrx_word' id='word_1_129' title='bbox 2162 1954 2330 2041; x_wconf 87' lang='grc'><strong>111181,</strong></span> 
     </span>
     <span class='ocr_line' id='line_1_20' title="bbox 315 2043 2329 2127; baseline 0 -20"><span class='ocrx_word' id='word_1_130' title='bbox 315 2044 547 2127; x_wconf 88' lang='lat' dir='ltr'><strong>quibus</strong></span> <span class='ocrx_word' id='word_1_131' title='bbox 603 2048 668 2108; x_wconf 88' lang='lat' dir='ltr'><strong>et</strong></span> <span class='ocrx_word' id='word_1_132' title='bbox 721 2044 1036 2127; x_wconf 88' lang='lat' dir='ltr'><strong>placarem</strong></span> <span class='ocrx_word' id='word_1_133' title='bbox 1092 2048 1165 2107; x_wconf 92' lang='lat' dir='ltr'><strong>ut</strong></span> <span class='ocrx_word' id='word_1_134' title='bbox 1216 2043 1480 2106; x_wconf 70' lang='lat' dir='ltr'><strong>fratrem</strong></span> <span class='ocrx_word' id='word_1_135' title='bbox 1528 2046 1592 2106; x_wconf 92' lang='lat' dir='ltr'><strong>et</strong></span> <span class='ocrx_word' id='word_1_136' title='bbox 1636 2064 1962 2107; x_wconf 91' lang='lat' dir='ltr'><strong>monerem</strong></span> <span class='ocrx_word' id='word_1_137' title='bbox 2007 2047 2082 2107; x_wconf 91' lang='lat' dir='ltr'><strong>ut</strong></span> <span class='ocrx_word' id='word_1_138' title='bbox 2127 2043 2329 2107; x_wconf 92' lang='lat' dir='ltr'><strong>mino-</strong></span> 
     </span>
     <span class='ocr_line' id='line_1_21' title="bbox 313 2129 2328 2217; baseline 0 -23"><span class='ocrx_word' id='word_1_139' title='bbox 313 2153 445 2196; x_wconf 88' lang='lat' dir='ltr'><strong>rem</strong></span> <span class='ocrx_word' id='word_1_140' title='bbox 500 2136 564 2195; x_wconf 92' lang='lat' dir='ltr'><strong>et</strong></span> <span class='ocrx_word' id='word_1_141' title='bbox 619 2132 1024 2216; x_wconf 84' lang='lat' dir='ltr'><strong>obiurgarem</strong></span> <span class='ocrx_word' id='word_1_142' title='bbox 1079 2136 1152 2195; x_wconf 91' lang='lat' dir='ltr'><strong>ut</strong></span> <span class='ocrx_word' id='word_1_143' title='bbox 1198 2136 1532 2195; x_wconf 88' lang='lat' dir='ltr'><strong>errantem.</strong></span> <span class='ocrx_word' id='word_1_144' title='bbox 1624 2129 1850 2215; x_wconf 87' lang='lat' dir='ltr'><strong>Itaque</strong></span> <span class='ocrx_word' id='word_1_145' title='bbox 1896 2152 1974 2195; x_wconf 87' lang='lat' dir='ltr'><strong>ex</strong></span> <span class='ocrx_word' id='word_1_146' title='bbox 2021 2131 2120 2217; x_wconf 88' lang='lat' dir='ltr'><strong>iis,</strong></span> <span class='ocrx_word' id='word_1_147' title='bbox 2166 2154 2328 2216; x_wconf 87' lang='lat' dir='ltr'><strong>quae</strong></span> 
     </span>
     <span class='ocr_line' id='line_1_22' title="bbox 312 2219 2411 2305; baseline -0.001 -21"><span class='ocrx_word' id='word_1_148' title='bbox 312 2224 537 2303; x_wconf 85' lang='lat' dir='ltr'><strong>postea</strong></span> <span class='ocrx_word' id='word_1_149' title='bbox 592 2242 778 2303; x_wconf 85' lang='lat' dir='ltr'><strong>saepe</strong></span> <span class='ocrx_word' id='word_1_150' title='bbox 832 2220 913 2284; x_wconf 88' lang='lat' dir='ltr'><strong>ab</strong></span> <span class='ocrx_word' id='word_1_151' title='bbox 969 2241 1043 2284; x_wconf 89' lang='grc'><strong>80</strong></span> <span class='ocrx_word' id='word_1_152' title='bbox 1100 2220 1178 2283; x_wconf 85' lang='grc'><strong>3(1</strong></span> <span class='ocrx_word' id='word_1_153' title='bbox 1233 2242 1334 2283; x_wconf 91' lang='grc'><strong>1118</strong></span> <span class='ocrx_word' id='word_1_154' title='bbox 1390 2220 1628 2302; x_wconf 89' lang='lat' dir='ltr'><strong>scripta</strong></span> <span class='ocrx_word' id='word_1_155' title='bbox 1684 2224 1863 2305; x_wconf 87' lang='lat' dir='ltr'><strong>sunt,</strong></span> <span class='ocrx_word' id='word_1_156' title='bbox 1925 2219 2173 2283; x_wconf 89' lang='lat' dir='ltr'><strong>confido</strong></span> <span class='ocrx_word' id='word_1_157' title='bbox 2234 2220 2328 2284; x_wconf 86' lang='lat' dir='ltr'><strong>ita</strong></span> <span class='ocrx_word' id='word_1_158' title='bbox 2357 2243 2411 2282; x_wconf 73' lang='lat' dir='ltr'><strong>zo</strong></span> 
     </span>
     <span class='ocr_line' id='line_1_23' title="bbox 314 2308 1741 2394; baseline 0 -23"><span class='ocrx_word' id='word_1_159' title='bbox 314 2330 450 2372; x_wconf 91' lang='lat' dir='ltr'><strong>esse</strong></span> <span class='ocrx_word' id='word_1_160' title='bbox 498 2308 730 2394; x_wconf 92' lang='lat' dir='ltr'><strong>omnia,</strong></span> <span class='ocrx_word' id='word_1_161' title='bbox 774 2312 848 2371; x_wconf 88' lang='lat' dir='ltr'><strong>ut</strong></span> <span class='ocrx_word' id='word_1_162' title='bbox 894 2312 959 2372; x_wconf 97' lang='lat' dir='ltr'><strong>et</strong></span> <span class='ocrx_word' id='word_1_163' title='bbox 1005 2311 1299 2391; x_wconf 85' lang='lat' dir='ltr'><strong>oporteat</strong></span> <span class='ocrx_word' id='word_1_164' title='bbox 1345 2312 1409 2371; x_wconf 88' lang='lat' dir='ltr'><strong>et</strong></span> <span class='ocrx_word' id='word_1_165' title='bbox 1453 2308 1741 2371; x_wconf 79' lang='lat' dir='ltr'><strong>velimus,</strong></span> 
     </span>
    </p>

    <p class='ocr_par' dir='ltr' id='par_1_8' title="bbox 445 2395 2326 2461">
     <span class='ocr_line' id='line_1_24' title="bbox 445 2395 2326 2461; baseline 0.001 -2"><span class='ocrx_word' id='word_1_166' title='bbox 445 2395 540 2459; x_wconf 91' lang='lat' dir='ltr'><strong>De</strong></span> <span class='ocrx_word' id='word_1_167' title='bbox 585 2396 947 2460; x_wconf 88' lang='lat' dir='ltr'><strong>litterarum</strong></span> <span class='ocrx_word' id='word_1_168' title='bbox 995 2396 1295 2460; x_wconf 89' lang='lat' dir='ltr'><strong>missione</strong></span> <span class='ocrx_word' id='word_1_169' title='bbox 1353 2396 1489 2461; x_wconf 90' lang='lat' dir='ltr'><strong>sine</strong></span> <span class='ocrx_word' id='word_1_170' title='bbox 1543 2417 1732 2460; x_wconf 86' lang='lat' dir='ltr'><strong>causa</strong></span> <span class='ocrx_word' id='word_1_171' title='bbox 1778 2396 1893 2460; x_wconf 86' lang='lat' dir='ltr'><strong>abs</strong></span> <span class='ocrx_word' id='word_1_172' title='bbox 1937 2400 2003 2460; x_wconf 88' lang='lat' dir='ltr'><strong>te</strong></span> <span class='ocrx_word' id='word_1_173' title='bbox 2050 2418 2326 2461; x_wconf 86' lang='lat' dir='ltr'><strong>accusor.</strong></span> 
     </span>
    </p>
   </div>
   <div class='ocr_carea' id='block_1_7' title="bbox 198 2483 2328 2568">
    <p class='ocr_par' dir='ltr' id='par_1_9' title="bbox 198 2483 2328 2568">
     <span class='ocr_line' id='line_1_25' title="bbox 198 2483 2328 2568; baseline 0 -20"><span class='ocrx_word' id='word_1_174' title='bbox 198 2522 204 2527; x_wconf 94' lang='lat'><em>-</em></span> <span class='ocrx_word' id='word_1_175' title='bbox 312 2483 680 2568; x_wconf 89' lang='lat' dir='ltr'><strong>Numquam</strong></span> <span class='ocrx_word' id='word_1_176' title='bbox 718 2484 888 2549; x_wconf 90' lang='lat' dir='ltr'><strong>enim</strong></span> <span class='ocrx_word' id='word_1_177' title='bbox 926 2508 962 2548; x_wconf 92' lang='grc'><strong>3</strong></span> <span class='ocrx_word' id='word_1_178' title='bbox 997 2483 1352 2568; x_wconf 88' lang='lat' dir='ltr'><strong>Pomponia</strong></span> <span class='ocrx_word' id='word_1_179' title='bbox 1387 2489 1610 2548; x_wconf 88' lang='lat' dir='ltr'><strong>nostra</strong></span> <span class='ocrx_word' id='word_1_180' title='bbox 1651 2484 1884 2548; x_wconf 78' lang='lat' dir='ltr'><strong>certior</strong></span> <span class='ocrx_word' id='word_1_181' title='bbox 1932 2507 2074 2548; x_wconf 88' lang='lat' dir='ltr'><strong>sum</strong></span> <span class='ocrx_word' id='word_1_182' title='bbox 2120 2485 2328 2549; x_wconf 85' lang='lat' dir='ltr'><strong>factus</strong></span> 
     </span>
    </p>
   </div>
   <div class='ocr_carea' id='block_1_8' title="bbox 311 2573 2410 3628">
    <p class='ocr_par' dir='ltr' id='par_1_10' title="bbox 311 2573 2410 3628">
     <span class='ocr_line' id='line_1_26' title="bbox 312 2573 2325 2675; baseline 0 -39"><span class='ocrx_word' id='word_1_183' title='bbox 312 2595 468 2657; x_wconf 84' lang='lat' dir='ltr'><strong>esse,</strong></span> <span class='ocrx_word' id='word_1_184' title='bbox 513 2573 615 2637; x_wconf 91' lang='lat' dir='ltr'><strong>cui</strong></span> <span class='ocrx_word' id='word_1_185' title='bbox 653 2573 800 2637; x_wconf 83' lang='lat' dir='ltr'><strong>dare</strong></span> <span class='ocrx_word' id='word_1_186' title='bbox 836 2574 1087 2637; x_wconf 85' lang='lat' dir='ltr'><strong>litteras</strong></span> <span class='ocrx_word' id='word_1_187' title='bbox 1123 2595 1398 2675; x_wconf 78' lang='lat' dir='ltr'><strong>possem,</strong></span> <span class='ocrx_word' id='word_1_188' title='bbox 1444 2594 1634 2656; x_wconf 89' lang='lat' dir='ltr'><strong>porro</strong></span> <span class='ocrx_word' id='word_1_189' title='bbox 1674 2577 1887 2637; x_wconf 88' lang='lat' dir='ltr'><strong>autem</strong></span> <span class='ocrx_word' id='word_1_190' title='bbox 1922 2595 2129 2657; x_wconf 90' lang='lat' dir='ltr'><strong>neque</strong></span> <span class='ocrx_word' id='word_1_191' title='bbox 2167 2573 2325 2637; x_wconf 88' lang='grc'><strong>1111111</strong></span> 
     </span>
     <span class='ocr_line' id='line_1_27' title="bbox 313 2626 2409 2746; baseline -0 -21"><span class='ocrx_word' id='word_1_192' title='bbox 313 2626 554 2745; x_wconf 82' lang='lat' dir='ltr'><strong>accidit,</strong></span> <span class='ocrx_word' id='word_1_193' title='bbox 602 2666 674 2725; x_wconf 92' lang='lat' dir='ltr'><strong>ut</strong></span> <span class='ocrx_word' id='word_1_194' title='bbox 710 2661 1030 2746; x_wconf 86' lang='lat' dir='ltr'><strong>haberem,</strong></span> <span class='ocrx_word' id='word_1_195' title='bbox 1075 2661 1186 2745; x_wconf 90' lang='lat' dir='ltr'><strong>qui</strong></span> <span class='ocrx_word' id='word_1_196' title='bbox 1232 2661 1301 2725; x_wconf 91' lang='lat' dir='ltr'><strong>in</strong></span> <span class='ocrx_word' id='word_1_197' title='bbox 1340 2660 1609 2744; x_wconf 88' lang='lat' dir='ltr'><strong>Epirum</strong></span> <span class='ocrx_word' id='word_1_198' title='bbox 1654 2660 2179 2746; x_wconf 87' lang='lat' dir='ltr'><strong>proficisceretur,</strong></span> <span class='ocrx_word' id='word_1_199' title='bbox 2222 2684 2329 2726; x_wconf 92' lang='lat' dir='ltr'><strong>ne·</strong></span> <span class='ocrx_word' id='word_1_200' title='bbox 2356 2685 2409 2724; x_wconf 76' lang='lat'><strong>25</strong></span> 
     </span>
     <span class='ocr_line' id='line_1_28' title="bbox 312 2748 2327 2834; baseline 0.001 -22"><span class='ocrx_word' id='word_1_201' title='bbox 312 2749 586 2834; x_wconf 87' lang='lat' dir='ltr'><strong>quedum</strong></span> <span class='ocrx_word' id='word_1_202' title='bbox 641 2753 704 2814; x_wconf 91' lang='lat' dir='ltr'><strong>te</strong></span> <span class='ocrx_word' id='word_1_203' title='bbox 759 2748 1032 2813; x_wconf 89' lang='lat' dir='ltr'><strong>Athenis</strong></span> <span class='ocrx_word' id='word_1_204' title='bbox 1089 2770 1226 2813; x_wconf 91' lang='grc'><strong>8888</strong></span> <span class='ocrx_word' id='word_1_205' title='bbox 1286 2749 1714 2813; x_wconf 71' lang='lat' dir='ltr'><strong>audiebamus</strong></span> <span class='ocrx_word' id='word_1_206' title='bbox 1807 2748 1903 2813; x_wconf 88' lang='lat' dir='ltr'><strong>De</strong></span> <span class='ocrx_word' id='word_1_207' title='bbox 1959 2748 2327 2814; x_wconf 82' lang='lat' dir='ltr'><strong>Acutiliano</strong></span> 
     </span>
     <span class='ocr_line' id='line_1_29' title="bbox 313 2837 2328 2923; baseline 0 -22"><span class='ocrx_word' id='word_1_208' title='bbox 313 2843 525 2902; x_wconf 89' lang='lat' dir='ltr'><strong>autem</strong></span> <span class='ocrx_word' id='word_1_209' title='bbox 562 2838 824 2923; x_wconf 83' lang='lat' dir='ltr'><strong>negotio</strong></span> <span class='ocrx_word' id='word_1_210' title='bbox 865 2839 1033 2921; x_wconf 91' lang='lat' dir='ltr'><strong>quod</strong></span> <span class='ocrx_word' id='word_1_211' title='bbox 1079 2837 1240 2901; x_wconf 91' lang='lat' dir='ltr'><strong>mihi</strong></span> <span class='ocrx_word' id='word_1_212' title='bbox 1287 2837 1641 2922; x_wconf 85' lang='lat' dir='ltr'><strong>mandaras,</strong></span> <span class='ocrx_word' id='word_1_213' title='bbox 1687 2841 1760 2901; x_wconf 91' lang='lat' dir='ltr'><strong>ut</strong></span> <span class='ocrx_word' id='word_1_214' title='bbox 1805 2838 2084 2921; x_wconf 87' lang='lat' dir='ltr'><strong>primum</strong></span> <span class='ocrx_word' id='word_1_215' title='bbox 2131 2861 2168 2902; x_wconf 88' lang='lat' dir='ltr'><strong>a</strong></span> <span class='ocrx_word' id='word_1_216' title='bbox 2212 2843 2328 2902; x_wconf 88' lang='lat' dir='ltr'><strong>tuo</strong></span> 
     </span>
     <span class='ocr_line' id='line_1_30' title="bbox 313 2924 2329 3012; baseline 0.002 -24"><span class='ocrx_word' id='word_1_217' title='bbox 313 2926 603 3010; x_wconf 84' lang='lat' dir='ltr'><strong>digressu</strong></span> <span class='ocrx_word' id='word_1_218' title='bbox 651 2924 921 2990; x_wconf 87' lang='lat' dir='ltr'><strong>Romam</strong></span> <span class='ocrx_word' id='word_1_219' title='bbox 978 2926 1151 3012; x_wconf 81' lang='lat' dir='ltr'><strong>veni,</strong></span> <span class='ocrx_word' id='word_1_220' title='bbox 1204 2926 1626 3010; x_wconf 82' lang='lat' dir='ltr'><strong>confeceram3</strong></span> <span class='ocrx_word' id='word_1_221' title='bbox 1674 2925 1785 2990; x_wconf 89' lang='lat' dir='ltr'><strong>sed</strong></span> <span class='ocrx_word' id='word_1_222' title='bbox 1830 2926 2085 3012; x_wconf 88' lang='lat' dir='ltr'><strong>accidit,</strong></span> <span class='ocrx_word' id='word_1_223' title='bbox 2143 2931 2218 2991; x_wconf 90' lang='lat' dir='ltr'><strong>ut</strong></span> <span class='ocrx_word' id='word_1_224' title='bbox 2265 2932 2329 2992; x_wconf 91' lang='lat' dir='ltr'><strong>et</strong></span> 
     </span>
     <span class='ocr_line' id='line_1_31' title="bbox 313 3014 2330 3099; baseline 0.001 -22"><span class='ocrx_word' id='word_1_225' title='bbox 313 3014 721 3078; x_wconf 87' lang='lat' dir='ltr'><strong>contentione</strong></span> <span class='ocrx_word' id='word_1_226' title='bbox 765 3014 929 3077; x_wconf 89' lang='lat' dir='ltr'><strong>nihil</strong></span> <span class='ocrx_word' id='word_1_227' title='bbox 975 3035 1136 3098; x_wconf 87' lang='lat' dir='ltr'><strong>opus</strong></span> <span class='ocrx_word' id='word_1_228' title='bbox 1184 3017 1380 3099; x_wconf 90' lang='lat' dir='ltr'><strong>esset,</strong></span> <span class='ocrx_word' id='word_1_229' title='bbox 1429 3018 1494 3078; x_wconf 90' lang='lat' dir='ltr'><strong>et</strong></span> <span class='ocrx_word' id='word_1_230' title='bbox 1540 3018 1612 3078; x_wconf 90' lang='lat' dir='ltr'><strong>ut</strong></span> <span class='ocrx_word' id='word_1_231' title='bbox 1658 3034 1777 3099; x_wconf 86' lang='lat' dir='ltr'><strong>ego</strong></span> <span class='ocrx_word' id='word_1_232' title='bbox 1789 3066 1806 3099; x_wconf 95' lang='lat'><strong>,</strong></span> <span class='ocrx_word' id='word_1_233' title='bbox 1852 3014 1964 3097; x_wconf 91' lang='lat' dir='ltr'><strong>qui</strong></span> <span class='ocrx_word' id='word_1_234' title='bbox 2009 3015 2080 3078; x_wconf 93' lang='lat' dir='ltr'><strong>in</strong></span> <span class='ocrx_word' id='word_1_235' title='bbox 2122 3019 2188 3079; x_wconf 87' lang='lat' dir='ltr'><strong>te</strong></span> <span class='ocrx_word' id='word_1_236' title='bbox 2235 3037 2330 3079; x_wconf 84' lang='lat' dir='ltr'><strong>sa-</strong></span> 
     </span>
     <span class='ocr_line' id='line_1_32' title="bbox 311 3101 2410 3189; baseline 0 -24"><span class='ocrx_word' id='word_1_237' title='bbox 311 3103 400 3165; x_wconf 91' lang='lat' dir='ltr'><strong>tis</strong></span> <span class='ocrx_word' id='word_1_238' title='bbox 470 3102 721 3166; x_wconf 90' lang='lat' dir='ltr'><strong>consilii</strong></span> <span class='ocrx_word' id='word_1_239' title='bbox 792 3102 1126 3167; x_wconf 86' lang='lat' dir='ltr'><strong>statuerim</strong></span> <span class='ocrx_word' id='word_1_240' title='bbox 1191 3124 1358 3189; x_wconf 87' lang='lat' dir='ltr'><strong>esse,</strong></span> <span class='ocrx_word' id='word_1_241' title='bbox 1428 3102 1684 3166; x_wconf 90' lang='lat' dir='ltr'><strong>mallem</strong></span> <span class='ocrx_word' id='word_1_242' title='bbox 1747 3101 2140 3167; x_wconf 89' lang='lat' dir='ltr'><strong>Peducaeum</strong></span> <span class='ocrx_word' id='word_1_243' title='bbox 2204 3103 2328 3168; x_wconf 88' lang='lat' dir='ltr'><strong>tibi</strong></span> <span class='ocrx_word' id='word_1_244' title='bbox 2357 3126 2410 3166; x_wconf 74' lang='lat'><strong>³0</strong></span> 
     </span>
     <span class='ocr_line' id='line_1_33' title="bbox 313 3189 2330 3277; baseline 0.001 -24"><span class='ocrx_word' id='word_1_245' title='bbox 313 3190 651 3253; x_wconf 91' lang='lat' dir='ltr'><strong>consilium</strong></span> <span class='ocrx_word' id='word_1_246' title='bbox 704 3213 819 3273; x_wconf 90' lang='lat' dir='ltr'><strong>per</strong></span> <span class='ocrx_word' id='word_1_247' title='bbox 871 3189 1122 3254; x_wconf 87' lang='lat' dir='ltr'><strong>litteras</strong></span> <span class='ocrx_word' id='word_1_248' title='bbox 1181 3212 1371 3273; x_wconf 89' lang='lat' dir='ltr'><strong>quam</strong></span> <span class='ocrx_word' id='word_1_249' title='bbox 1428 3213 1528 3254; x_wconf 92' lang='lat' dir='ltr'><strong>me</strong></span> <span class='ocrx_word' id='word_1_250' title='bbox 1583 3191 1746 3254; x_wconf 86' lang='lat' dir='ltr'><strong>dare.</strong></span> <span class='ocrx_word' id='word_1_251' title='bbox 1844 3190 2131 3277; x_wconf 84' lang='lat' dir='ltr'><strong>Etenim,</strong></span> <span class='ocrx_word' id='word_1_252' title='bbox 2184 3213 2330 3256; x_wconf 91' lang='lat' dir='ltr'><strong>cum</strong></span> 
     </span>
     <span class='ocr_line' id='line_1_34' title="bbox 313 3277 2331 3365; baseline 0.002 -25"><span class='ocrx_word' id='word_1_253' title='bbox 313 3278 551 3341; x_wconf 87' lang='lat' dir='ltr'><strong>multos</strong></span> <span class='ocrx_word' id='word_1_254' title='bbox 609 3278 743 3341; x_wconf 88' lang='lat' dir='ltr'><strong>dies</strong></span> <span class='ocrx_word' id='word_1_255' title='bbox 799 3301 982 3342; x_wconf 89' lang='lat' dir='ltr'><strong>aures</strong></span> <span class='ocrx_word' id='word_1_256' title='bbox 1030 3301 1202 3342; x_wconf 89' lang='lat' dir='ltr'><strong>meas</strong></span> <span class='ocrx_word' id='word_1_257' title='bbox 1251 3277 1535 3343; x_wconf 90' lang='lat' dir='ltr'><strong>Acutilio</strong></span> <span class='ocrx_word' id='word_1_258' title='bbox 1583 3279 1925 3365; x_wconf 83' lang='lat' dir='ltr'><strong>dedissem,</strong></span> <span class='ocrx_word' id='word_1_259' title='bbox 1977 3280 2158 3344; x_wconf 92' lang='lat' dir='ltr'><strong>cuius</strong></span> <span class='ocrx_word' id='word_1_260' title='bbox 2206 3302 2331 3344; x_wconf 89' lang='lat' dir='ltr'><strong>ser-</strong></span> 
     </span>
     <span class='ocr_line' id='line_1_35' title="bbox 313 3365 2329 3454; baseline 0.002 -25"><span class='ocrx_word' id='word_1_261' title='bbox 313 3365 521 3429; x_wconf 89' lang='lat' dir='ltr'><strong>monis</strong></span> <span class='ocrx_word' id='word_1_262' title='bbox 569 3386 769 3451; x_wconf 83' lang='lat' dir='ltr'><strong>genus</strong></span> <span class='ocrx_word' id='word_1_263' title='bbox 818 3365 941 3430; x_wconf 92' lang='lat' dir='ltr'><strong>tibi</strong></span> <span class='ocrx_word' id='word_1_264' title='bbox 984 3371 1213 3431; x_wconf 91' lang='lat' dir='ltr'><strong>notum</strong></span> <span class='ocrx_word' id='word_1_265' title='bbox 1251 3389 1392 3432; x_wconf 92' lang='lat' dir='ltr'><strong>esse</strong></span> <span class='ocrx_word' id='word_1_266' title='bbox 1429 3367 1725 3451; x_wconf 86' lang='lat' dir='ltr'><strong>arbitror,</strong></span> <span class='ocrx_word' id='word_1_267' title='bbox 1771 3390 1903 3431; x_wconf 90' lang='lat' dir='ltr'><strong>non</strong></span> <span class='ocrx_word' id='word_1_268' title='bbox 1939 3368 2097 3433; x_wconf 90' lang='lat' dir='ltr'><strong>mihi</strong></span> <span class='ocrx_word' id='word_1_269' title='bbox 2136 3390 2329 3454; x_wconf 84' lang='lat' dir='ltr'><strong>grave</strong></span> 
     </span>
     <span class='ocr_line' id='line_1_36' title="bbox 314 3452 2327 3543; baseline 0.003 -28"><span class='ocrx_word' id='word_1_270' title='bbox 314 3452 466 3517; x_wconf 82' lang='lat' dir='ltr'><strong>duxi</strong></span> <span class='ocrx_word' id='word_1_271' title='bbox 528 3454 802 3518; x_wconf 90' lang='lat' dir='ltr'><strong>scribere</strong></span> <span class='ocrx_word' id='word_1_272' title='bbox 867 3454 947 3518; x_wconf 92' lang='lat' dir='ltr'><strong>ad</strong></span> <span class='ocrx_word' id='word_1_273' title='bbox 1010 3458 1073 3518; x_wconf 90' lang='lat' dir='ltr'><strong>te</strong></span> <span class='ocrx_word' id='word_1_274' title='bbox 1138 3454 1214 3518; x_wconf 93' lang='grc'><strong>(18</strong></span> <span class='ocrx_word' id='word_1_275' title='bbox 1276 3456 1452 3519; x_wconf 87' lang='grc'><strong>1111118</strong></span> <span class='ocrx_word' id='word_1_276' title='bbox 1515 3455 1961 3543; x_wconf 90' lang='lat' dir='ltr'><strong>querimoniis,</strong></span> <span class='ocrx_word' id='word_1_277' title='bbox 2023 3479 2167 3521; x_wconf 91' lang='lat' dir='ltr'><strong>cum</strong></span> <span class='ocrx_word' id='word_1_278' title='bbox 2222 3479 2327 3521; x_wconf 87' lang='lat' dir='ltr'><strong>eas</strong></span> 
     </span>
     <span class='ocr_line' id='line_1_37' title="bbox 316 3540 2410 3628; baseline 0.004 -25"><span class='ocrx_word' id='word_1_279' title='bbox 316 3540 557 3626; x_wconf 87' lang='lat' dir='ltr'><strong>audire,</strong></span> <span class='ocrx_word' id='word_1_280' title='bbox 622 3543 792 3625; x_wconf 89' lang='lat' dir='ltr'><strong>quod</strong></span> <span class='ocrx_word' id='word_1_281' title='bbox 857 3545 993 3605; x_wconf 91' lang='lat' dir='ltr'><strong>erat</strong></span> <span class='ocrx_word' id='word_1_282' title='bbox 1057 3542 1502 3627; x_wconf 88' lang='lat' dir='ltr'><strong>subodiosum,</strong></span> <span class='ocrx_word' id='word_1_283' title='bbox 1565 3543 1701 3608; x_wconf 85' lang='lat' dir='ltr'><strong>leve</strong></span> <span class='ocrx_word' id='word_1_284' title='bbox 1761 3549 2103 3628; x_wconf 87' lang='lat' dir='ltr'><strong>putassem.</strong></span> <span class='ocrx_word' id='word_1_285' title='bbox 2206 3542 2330 3609; x_wconf 88' lang='lat' dir='ltr'><strong>Sed</strong></span> <span class='ocrx_word' id='word_1_286' title='bbox 2357 3571 2410 3611; x_wconf 74' lang='lat'><strong>³5</strong></span> 
     </span>
    </p>
   </div>
  </div>
 </body>
</html>
