2642 3923
714 202 1226 258 EPISTULARUM
1262 203 1364 257 AD
1401 203 1726 258 ATTICUM
1763 203 1814 257 X
1850 211 1900 258 4.
2179 202 2308 265 299

299 345 468 429 quit)
533 345 680 410 ‘tibi
741 347 1178 411 concessisset.
1267 346 1508 412 Verum
1575 350 1733 428 puta
1790 350 1856 411 te
1909 346 2311 429 impetrasse3

298 454 418 517 ego
467 434 638 498 enim
681 434 760 497 ad
806 457 951 499 eum
997 435 1291 520 scribam,
1336 439 1411 499 ut
1456 439 1529 498 tu
1574 435 1713 517 ipse
1757 435 1954 518 voleS,
1999 435 2076 498 de
2123 456 2198 497 ea
2242 455 2311 497 re

296 542 416 586 nos
454 522 623 586 inter
655 543 775 586 nos
812 522 1080 587 locutos.
1148 521 1313 598 Quid
1352 527 1565 587 autem
1595 521 1770 586 illius
1798 523 2085 606 interest,
2114 543 2312 606 quon-

296 609 426 673 iam
470 610 541 674 in
586 614 878 675 senatum
927 633 1061 675 non
1102 611 1301 698 venis,
1345 611 1458 675 ubi
1496 611 1628 675 sis?
1692 609 1861 686 Quin
1894 631 2065 674 nunc
2099 611 2313 693 ipsum

248 722 275 763 ις
302 698 564 762 minime
610 698 981 764 offendisses
1028 699 1165 763 eius
1212 721 1487 782 causam,
1535 700 1591 763 si
1634 699 1704 763 in
1748 696 1940 762 Italia
1983 720 2116 763 non
2160 698 2313 761 fuis·

300 807 414 850 ses.
420 786 441 815 '
519 785 625 850 Ad
670 809 832 871 quae
877 808 996 872 ego
1042 809 1144 852 me
1188 809 1507 852 recessum
1553 791 1617 852 et
1665 786 2079 852 solitudinem
2126 807 2313 886 quae-

298 895 454 958 rere,
497 875 771 939 maxime
818 875 990 959 quod
1033 875 1292 940 lictores
1339 874 1659 939 haberem.
1751 873 2065 939 Laudavit
2110 875 2312 938 consi·

298 962 474 1026 lium.
576 961 766 1038 ‘Quid
829 962 1051 1049 ergo?
1132 964 1422 1048 inquam3
1496 964 1668 1027 ‘nam
1730 962 1892 1027 mihi
1955 984 2178 1027 cursus
2243 963 2313 1025 in

301 1049 630 1115 Graeciam
674 1073 788 1134 per
833 1055 1012 1115 tuam
1059 1052 1457 1135 provinciam
1503 1056 1621 1134 est,
1669 1051 1972 1135 quoniam
2018 1052 2099 1115 ad
2136 1072 2311 1114 mare

217 1164 273 1204 ιο
301 1160 602 1222 superum
645 1140 885 1203 milites
932 1140 1123 1204 sunt.'
1190 1138 1380 1215 ‘Quid
1423 1140 1626 1225 mihi',
1662 1139 1894 1224 inquit,
1932 1139 2241 1223 ‘optatius
2254 1138 2310 1202 ’θ’

299 1225 442 1291 Hoc
495 1227 637 1292 loco
692 1228 898 1292 multa
941 1228 1427 1312 perliberaliter.
1516 1227 1696 1313 Ergo
1742 1228 1867 1292 hoc
1913 1228 2169 1312 quidem
2213 1230 2311 1290 est

300 1315 676 1401 profectum,
720 1320 795 1380 ut
844 1337 979 1380 non
1026 1317 1218 1380 modo
1255 1320 1422 1403 tuto,
1465 1338 1688 1382 verum
1726 1317 1921 1380 etiam
1957 1315 2172 1399 palam
2205 1336 2313 1379 na-

301 1403 677 1487 vigaremus,
777 1403 1050 1487 Reliqua
1111 1405 1179 1469 in
1242 1408 1576 1489 posterum
1640 1405 1807 1468 diem
1871 1403 2150 1488 distulit3
2233 1426 2311 1467 ex

302 1492 533 1575 quibus
598 1492 873 1556 scribam
942 1493 1024 1557 ad
1075 1496 1141 1557 te
1197 1494 1253 1556 si
1308 1492 1468 1576 quid
1518 1493 1641 1558 erit
1697 1492 1974 1576 epistula
2027 1493 2310 1576 dignum.

218 1603 273 1644 ιε
302 1578 466 1661 Sunt
522 1584 765 1667 autem,
819 1602 980 1664 quae
1037 1580 1366 1666 praeterii,
1418 1581 1939 1666 interregnumne
1993 1584 2163 1644 esset
2210 1601 2313 1643 ex-

302 1671 729 1752 spectaturus,
785 1690 868 1732 an
917 1669 964 1751 †
994 1690 1120 1751 quo
1174 1669 1365 1732 modo
1422 1669 1690 1733 dixerim
1742 1669 1853 1733 ille
1900 1669 2156 1752 quidem
2203 1668 2314 1731 sed

301 1755 529 1819 deferri
574 1755 998 1840 consulatum,
1045 1756 1155 1820 sed
1200 1778 1268 1820 se
1310 1756 1485 1820 nolle
1531 1757 1601 1821 in
1645 1757 2010 1840 proximum
2056 1778 2312 1820 annum.

301 1844 389 1907 Et
455 1844 579 1907 alia
635 1848 814 1927 sunt,
875 1866 1037 1927 quae
1091 1846 1437 1927 exquiram.
1529 1843 1792 1909 Iurabat
1847 1845 1925 1908 ad
1981 1866 2314 1927 summam,

301 1932 471 2017 quod
506 1932 687 1998 nullo
721 1933 983 2018 negotio
1021 1932 1225 1997 facere
1259 1933 1429 2012 solet,
1475 1932 1929 1998 amicissimum
1964 1932 2126 1996 mihi
2164 1930 2314 1997 Cae-

215 2045 273 2085 so
301 2043 507 2085 sarem
566 2042 719 2086 esse.
813 2019 1080 2086 ‘Dubito
1127 2022 1464 2108 equidem'‚
1516 2022 1796 2106 inquam.
1889 2019 2185 2104 ‘Scripsit
2233 2021 2313 2085 ad

299 2131 402 2174 me
463 2108 840 2174 Dolabella.’
941 2108 1108 2194 ‘Dic,
1173 2110 1391 2194 quid?
1483 2109 1888 2174 Adfirmabat
1950 2131 2096 2174 eum
2166 2110 2314 2172 scri·

301 2198 528 2282 psisse,
556 2197 728 2282 quod
763 2220 865 2263 me
900 2202 1160 2282 cuperet
1196 2198 1278 2264 ad
1313 2199 1537 2263 urbem
1574 2198 1809 2282 venire,
1834 2199 2019 2262 illum
2057 2198 2315 2281 quidem

301 2287 546 2370 gratias
584 2307 770 2371 agere
805 2288 1117 2351 maximas
1156 2291 1221 2351 et
1256 2307 1391 2351 non
1427 2286 1617 2351 modo
1653 2286 1946 2372 probare,
1973 2287 2083 2351 sed
2119 2287 2314 2350 etiam

301 2374 593 2458 gaudere.
684 2373 851 2451 Quid
916 2375 1215 2458 quaeris?
1286 2375 1591 2459 acquievi.
1683 2373 1923 2440 Levata
1981 2378 2080 2439 est
2144 2375 2314 2438 enim

218 2484 275 2526 ιε
302 2462 579 2546 suspicio
659 2463 773 2527 illa
854 2462 1187 2528 domestici
1259 2463 1416 2528 mali
1487 2467 1553 2528 et
1625 2464 1939 2528 sermonis
2009 2461 2313 2527 Hirtiani

303 2549 507 2625 Quam
571 2551 757 2634 cupio
814 2551 998 2614 illum
1054 2551 1321 2635 dignum
1377 2573 1515 2615 esse
1567 2552 1758 2616 nobis
1815 2556 1880 2617 et
1938 2574 2129 2635 quam
2177 2553 2315 2634 ipse

303 2660 404 2703 me
449 2638 676 2723 invito,
719 2640 766 2722 †
786 2661 948 2722 quae
992 2660 1111 2721 pro
1157 2639 1272 2703 illo
1311 2640 1398 2703 sit
1437 2640 1914 2722 suspicandum!
1992 2637 2115 2704 Sed
2153 2660 2313 2723 opus

302 2727 429 2790 fuit
481 2725 700 2791 Hirtio
757 2727 1116 2791 convento?
1186 2726 1312 2791 Est
1367 2727 1659 2811 profecto
1717 2729 1932 2792 nescio
1982 2728 2151 2811 quid,
2207 2729 2316 2792 sed

304 2813 496 2878 velim
543 2836 735 2899 quam
780 2815 1064 2879 minimo.
1156 2814 1246 2879 Et
1291 2819 1508 2879 tamen
1554 2836 1701 2881 eum
1746 2816 2032 2881 nondum
2077 2816 2315 2881 redisse

221 2927 278 2967 zo
305 2903 629 2967 miramur
722 2899 846 2967 Sed
889 2902 1046 2968 haec
1089 2902 1466 2968 videbimus.

436 2989 536 3054 Tu
601 2989 845 3075 Oppios
900 2990 1237 3055 Terentiae
1291 2990 1615 3074 deleyabis
1714 2990 1852 3055 Iam
1908 2993 2078 3056 enim
2132 2993 2314 3057 urbis

302 3077 555 3144 nullum
597 3078 953 3161 periculum
997 3082 1114 3144 est.
1204 3079 1309 3143 Me
1355 3083 1573 3144 tamen
1616 3080 1886 3144 consilio
1932 3080 2098 3166 iuva,
2144 3080 2318 3165 pedi-

304 3167 509 3231 busue
554 3165 843 3252 Regium
903 3189 986 3232 an
1037 3165 1190 3231 hinc
1254 3168 1479 3231 statim
1531 3167 1601 3232 in
1652 3190 1908 3253 navem,
1972 3172 2036 3231 et
2091 3173 2317 3251 cetera,

306 3255 609 3339 quoniam
653 3276 1027 3320 commoror.
1100 3255 1244 3340 Ego
1291 3256 1372 3320 ad
1405 3261 1474 3320 te
1511 3255 1790 3341 [statim]
1830 3256 2102 3343 habebo,
2149 3220 2319 3339 quod

224 3367 278 3409 ss
306 3343 599 3427 scribam,
654 3343 847 3408 simul
890 3348 965 3408 ut
1011 3344 1227 3408 videro
1276 3341 1637 3409 Curionem.
1728 3342 1825 3408 De
1870 3344 2107 3409 Tirone
2149 3366 2321 3431 cura,

306 3453 561 3519 quae80‚
606 3431 780 3516 quod
823 3433 1000 3516 facis,
1043 3436 1118 3497 ut
1164 3432 1380 3519 sciam,
1424 3432 1580 3517 quid
1622 3433 1680 3496 is
1727 3436 1893 3517 agat.

2351 1420 2412 1468 11

2356 3010 2419 3056 12
