2642 3923
696 949 809 1031 Μ.
858 949 1241 1030 TULLI
1291 947 1971 1034 CICERONIS

582 1108 1352 1182 EPISTULARUM
1406 1108 1544 1181 AD
1598 1110 2083 1184 ATTIOUM

939 1261 1205 1328 LIBER
1251 1262 1733 1330 SECUNDUS.

1312 1562 1361 1629 Ι.

269 1696 296 1738 5
812 1683 927 1740 Ser.
967 1685 1174 1739 Romae
1209 1702 1277 1738 m.
1316 1685 1445 1738 Iwn.
1486 1702 1537 1739 a.
1578 1689 1687 1740 694
1725 1690 1866 1754 (60).

964 1805 1220 1862 CICERO
1259 1805 1520 1862 ATTICO
1559 1807 1707 1862 SAL.

459 1915 598 1982 Kal.
629 1914 834 1982 Iuniis
872 1917 1052 1982 eunti
1088 1915 1250 1981 mihi
1274 1914 1548 1980 Antium
1585 1919 1650 1981 et
1678 1915 2062 2002 gladiatores
2100 1916 2185 1982 M.
2217 1917 2344 1982 Me·
2388 1940 2404 1981 1

326 2005 468 2069 telli
527 2005 752 2088 cupide
812 2006 1202 2090 relinquenti
1259 2006 1438 2069 venit
1489 2004 1745 2070 obviam
1804 2009 1955 2070 tuus
2017 2027 2190 2089 puer.
2279 2004 2344 2070 Is

326 2093 487 2158 mihi
532 2093 786 2158 litteras
835 2094 951 2158 abs
997 2098 1066 2158 te
1120 2098 1186 2158 et
1230 2094 1759 2158 commentarium
1804 2094 2175 2158 consulatus
2222 2095 2345 2158 mei

247 2209 299 2248 10
327 2179 568 2247 Graece
628 2182 938 2266 scriptum
995 2181 1284 2248 reddidit.
1385 2179 1464 2246 In
1522 2204 1650 2267 quo
1712 2182 1989 2246 laetatus
2050 2204 2191 2246 sum
2244 2204 2348 2247 me

330 2270 658 2354 aliquanto
707 2274 856 2334 ante
910 2271 986 2336 de
1046 2271 1246 2335 isdem
1304 2270 1497 2335 rebus
1546 2268 1783 2335 Graece
1835 2271 1989 2334 item
2037 2271 2346 2354 scriptum

329 2358 568 2423 librum
618 2357 687 2422 L.
739 2356 1033 2424 Cossinio
1093 2358 1171 2423 ad
1225 2362 1290 2423 te
1347 2359 1797 2442 perferundum
1851 2358 2121 2445 dedisse3
2178 2381 2348 2445 nam,

331 2446 1383 2619 zssgffssssfflssffagfflzznsseffiffffffia
1413 2447 2155 2622 ὃὲῗῖἓῗῑωωιῗὴέἒιὶιξθ
2144 2469 2347 2600 1235?ss

249 2649 302 2689 16
331 2622 483 2687 dula
528 2624 688 2687 mihi
735 2628 929 2707 atque
973 2623 1299 2707 incompta
1344 2624 1483 2687 visa
1529 2628 1706 2707 sunt,
1754 2623 1862 2688 sed
1908 2628 2122 2688 tamen
2166 2627 2348 2688 erant

331 2715 559 2776 ornata
616 2711 739 2776 hoc
798 2712 967 2795 ipsc,
1029 2711 1199 2796 quod
1247 2716 1622 2776 ornamenta
1665 2712 2107 2797 neglexerant,
2165 2716 2230 2777 et
2273 2715 2348 2776 ut

329 2800 627 2864 mulieres
674 2799 817 2865 ideo
865 2800 1024 2864 bene
1073 2799 1270 2885 olere,
1316 2800 1469 2883 quia
1512 2799 1678 2864 nihil
1723 2800 2008 2878 olebant,
2052 2800 2346 2864 videban-

328 2891 453 2952 tur.
543 2886 728 2952 Meus
788 2892 1003 2952 autem
1062 2887 1228 2952 liber
1288 2892 1502 2952 totum
1556 2885 1825 2952 Isocrati
1882 2888 2347 2973 myrothecium

331 2980 523 3059 atque
571 2997 790 3041 omnes
846 2976 983 3040 eius
1038 2976 1498 3060 discipulorum
1558 2977 1803 3041 arculas
1864 2998 1937 3041 ac
1992 2997 2128 3041 non
2182 2976 2348 3041 nihil

218 3091 303 3146 ,πο
332 3065 527 3129 etiam
563 3064 944 3129 Aristotelia
980 3065 1311 3149 pigmenta
1348 3065 1761 3149 consumpsit.
1837 3064 2040 3140 Quem
2084 3068 2158 3129 tu
2198 3063 2348 3130 Cor·

330 3174 536 3238 cyrae,
581 3157 654 3217 ut
699 3152 861 3216 mihi
896 3153 1041 3216 aliis
1078 3152 1316 3217 litteris
1348 3153 1690 3238 significaS‚
1735 3152 2014 3218 strictim
2050 3154 2348 3240 attigisti,

330 3245 481 3325 post
525 3245 765 3326 autem,
820 3244 896 3305 ut
941 3241 1250 3324 arbitror,
1306 3263 1345 3305 a
1391 3239 1686 3306 Cossinio
1735 3242 2050 3325 accepisti.
2145 3240 2345 3319 Quem

330 3328 456 3393 tibi
502 3350 621 3415 ego
667 3351 801 3393 non
846 3351 1046 3394 essem
1093 3350 1287 3393 ausus
1344 3329 1626 3415 mittere,
1678 3330 1809 3395 nisi
1862 3351 2008 3395 eum
2061 3329 2232 3394 lente
2278 3351 2350 3394 ac

329 3417 663 3482 fastidiose
696 3417 1154 3502 probavissem.
1229 3415 1631 3502 Quamquam
1670 3417 1749 3482 ad
1784 3440 1886 3482 me
1925 3417 2183 3500 scripsit
2220 3418 2344 3482 iam
2383 3434 2413 3479 2

249 3531 302 3571 25
329 3504 560 3570 Rhodo
618 3504 1000 3570 Posidonius
1065 3528 1160 3586 se,
1222 3510 1520 3570 nostrum
1578 3506 1739 3569 illud
1797 3504 2153 3589 ὑπόμνημα
2210 3525 2348 3568 cwm
