2642 3923
634 159 1144 216 EPISTULARUM
1171 161 1272 215 AD
1308 160 1633 216 ATTICUM
1669 161 1747 214 XI
1788 166 1989 215 16-17
2010 177 2057 214 a.
2233 160 2362 224 343

352 303 812 386 providendum
876 307 992 368 est.
1083 303 1180 368 De
1245 303 1545 368 omnibus
1610 304 1800 369 rebus
1862 304 2056 368 velim
2122 303 2203 367 ad
2265 325 2366 367 me

351 391 609 477 scribaS,
654 396 720 455 et
763 393 1039 455 maxime
1085 391 1241 476 quid
1279 392 1518 456 sentias
1557 392 1634 456 de
1671 415 1763 478 ea,
1798 393 1866 456 in
1905 414 2031 476 qua
2068 396 2182 456 tuo
2222 413 2366 457 con-

353 480 497 545 silio
546 501 720 565 ege0,
765 481 959 545 etiam
1005 481 1060 544 si
1103 480 1269 544 nihil
1316 480 1656 565 excogitas,
1729 480 1805 544 Id
1843 482 2013 545 enim
2047 480 2210 545 milu·
2244 480 2367 544 erit

349 589 467 653 pro
517 568 869 651 desperato.
961 586 1039 632 ΙΙΙ
1083 568 1251 634 Non.
1290 566 1428 632 Iun.

298 776 323 816 ⁵
1256 760 1462 827 XVII.

600 881 713 938 Sor.
744 884 1024 938 Bmmdisi
1052 884 1202 952 prid.
1230 884 1319 938 Id.
1352 890 1452 939 aut
1484 884 1573 939 Id.
1603 885 1734 939 Iwn.
1762 902 1812 938 a.
1846 885 1957 939 707
1994 886 2134 953 (47).

986 1004 1242 1061 CICERO
1280 1004 1541 1060 ATTICO
1581 1006 1729 1061 SAL.

481 1113 985 1198 Properantibus
1058 1115 1414 1179 tabellariis
1489 1114 1712 1179 alienis
1786 1115 1954 1180 hanc
2021 1115 2366 1199 epistulam
2406 1131 2430 1178 1

351 1202 510 1267 dedi.
581 1201 682 1267 Eo
726 1203 983 1268 brevior
1027 1207 1144 1288 est,
1189 1207 1253 1268 et
1300 1204 1473 1287 quod
1519 1226 1691 1268 eram
1734 1204 2046 1268 missurus
2084 1208 2358 1269 nostros,

273 1305 323 1345 ιο
350 1290 563 1355 Tullia
625 1312 766 1354 mea
828 1293 1003 1355 venit
1068 1292 1147 1355 ad
1202 1313 1305 1355 me
1360 1314 1454 1375 pr.
1508 1289 1660 1355 Idus
1715 1290 1932 1356 Iunias
1995 1292 2197 1376 deque
2251 1296 2366 1356 tua

350 1400 501 1464 erga
554 1400 623 1443 se
668 1379 1075 1444 observantia
1118 1380 1690 1464 benevolentiaque
1733 1380 1895 1444 mihi
1940 1379 2218 1482 plurima
2262 1402 2365 1444 ex-

349 1468 567 1551 posuit
600 1468 977 1551 litterasque
1014 1468 1289 1532 reddidit
1326 1469 1544 1532 trinaS.
1617 1468 1762 1553 Ego
1801 1473 2015 1533 autem
2052 1490 2129 1532 ex
2161 1469 2365 1553 ipsius

348 1556 607 1640 virtute,
651 1554 1072 1641 humanitate,
1117 1557 1357 1640 pietate
1390 1578 1525 1621 non
1558 1557 1750 1621 modo
1789 1579 1929 1621 eam
1966 1558 2366 1640 voluptatem

348 1665 481 1709 non
535 1644 699 1730 cepi,
764 1666 956 1728 quam
1011 1665 1234 1727 capeie
1288 1666 1366 1707 ex
1425 1645 1737 1729 singulari
1791 1645 1925 1709 filia
1971 1645 2190 1729 debui,
2255 1645 2365 1709 sed

271 1745 322 1786 15
349 1734 543 1796 etiam
588 1732 947 1796 incredibili
994 1755 1137 1796 sum
1184 1732 1405 1797 dolore
1442 1734 1725 1797 adfectus
1761 1733 1947 1798 tale
1928 1734 2259 1818 mgenium
2295 1733 2364 1797 in

348 1824 482 1885 tam
528 1822 760 1885 misera
803 1821 1064 1885 fortuna
1106 1821 1348 1886 versari
1392 1820 1586 1904 idque
1623 1822 1903 1886 accidere
1938 1821 2119 1885 nullo
2156 1822 2361 1905 ipsius

352 1909 583 1976 delicto
631 1931 880 1974 summa
924 1910 1112 1993 culpa
1155 1930 1311 1974 mea.
1387 1908 1615 1994 Itaque
1650 1932 1688 1974 a
1733 1914 1798 1975 te
1833 1931 2041 1994 neque
2078 1910 2364 1975 consola-

349 1999 593 2064 tionem
646 1998 804 2084 iam,
858 2020 986 2083 qua
1043 2020 1272 2082 cupere
1327 2001 1393 2062 te
1439 1998 1539 2063 uti
1583 1998 1794 2084 vide0,
1846 2021 1964 2064 nec
2009 1999 2362 2084 consilium,

350 2088 522 2172 quod
577 2087 717 2170 capi
770 2087 1023 2151 nullum
1077 2090 1321 2173 potest,
1377 2091 1676 2171 exspecto
1721 2090 1910 2171 teque
1958 2088 2174 2152 omnia
2218 2109 2363 2152 cum

271 2189 325 2228 2⁰
350 2174 786 2259 superioribus
832 2196 1020 2259 saepe
1064 2175 1302 2239 litteris
1349 2178 1490 2239 tum
1533 2176 1844 2259 proximis
1888 2180 2236 2260 temptasse
2271 2176 2363 2239 in-

350 2265 603 2351 tellegO.

973 2480 982 2493 .
1144 2422 1265 2507 Ep.
1310 2420 1499 2486 XVII
1519 2444 1572 2487 a.

670 2543 783 2600 Ser.
814 2542 1095 2598 Brwndisi
1131 2543 1327 2597 XVII
1355 2543 1427 2596 K.
1466 2543 1650 2612 Quint.
1679 2561 1733 2598 a.
1764 2547 1875 2599 707
1913 2545 2050 2610 (47).

955 2665 1243 2720 CICERO
1278 2665 1570 2721 ATTICO
1606 2666 1770 2721 SAL.

270 2805 321 2844 25
481 2775 627 2860 Ego
674 2796 817 2840 cum
856 2771 1160 2839 Sallustio
1200 2772 1571 2838 Ciceronem
1615 2774 1694 2837 ad
1732 2772 2066 2838 Caesarem
2104 2773 2363 2839 mittere
2404 2795 2428 2838 1

350 2864 739 2948 cogitabam3
802 2862 1082 2926 Tulliam
1135 2866 1352 2926 autem
1409 2884 1542 2926 non
1586 2861 1881 2926 videbam
1926 2883 2064 2927 esse
2108 2884 2365 2927 causam

350 2974 463 3017 cur
515 2951 757 3015 diutius
800 2972 1050 3015 mecum
1095 2955 1276 3015 tanto
1324 2950 1391 3013 in
1437 2950 1760 3015 communi
1805 2972 2092 3015 maerore
2136 2952 2366 3016 retine·

351 3063 503 3105 rem.
575 3039 804 3123 Itaque
847 3039 1040 3103 matri
1087 3060 1243 3118 eam,
1290 3061 1437 3102 cum
1480 3039 1762 3122 primum
1807 3060 1921 3122 per
1966 3039 2175 3121 ipsam
2220 3039 2366 3103 lice-

351 3132 475 3214 ret,
532 3150 703 3192 eram
749 3127 1149 3192 remissurus.
1222 3126 1426 3210 Paete,
1474 3148 1664 3210 quem
1707 3126 1786 3190 ad
1830 3127 2094 3191 modum
2140 3149 2365 3191 consu·

273 3245 324 3286 ³0
349 3217 512 3281 lenti
560 3217 898 3299 scripsisti,
952 3219 1181 3299 putato
1229 3236 1302 3280 ea
1347 3237 1450 3279 me
1498 3215 1851 3302 scripsisse,
1899 3237 2063 3299 quae
2107 3219 2182 3279 tu
2227 3216 2365 3299 ipse

348 3305 673 3391 intellegis
720 3305 1090 3388 responderi
1135 3303 1441 3387 potuisse.

482 3393 665 3470 Quod
702 3391 981 3494 Oppium
1026 3397 1237 3456 tecum
1275 3391 1502 3456 scribis
1539 3392 1846 3475 locutum,
1891 3414 2021 3455 non
2058 3391 2365 3456 abhorret
2402 3410 2432 3456 2

287 3520 290 3523 >
352 3507 389 3547 a
445 3505 587 3547 mea
642 3482 1002 3564 suspicione
1049 3481 1184 3544 eius
1233 3481 1457 3545 oratio.
1550 3477 1677 3544 Sed
1719 3501 1852 3543 non
1897 3479 2152 3562 dubito,
2207 3481 2366 3562 quin
