2642 3923
585 213 1099 269 EPISTULARUM
1136 213 1234 268 AD
1270 213 1596 269 ATTICUM
1630 214 1709 269 IV
1746 220 1981 270 8a—11.
2168 216 2295 279 115

196 380 203 388 ·
275 358 439 424 velle
512 357 675 422 mihi
751 358 930 423 visus
1003 360 1102 421 est
1182 378 1376 439 quam
1451 356 1819 422 Messallam
1891 359 2296 425 consulatum

276 451 509 531 petere.
599 444 697 510 De
745 467 872 531 quo
918 445 1062 528 ipso
1111 445 1167 508 si
1213 445 1369 529 quid
1414 445 1568 529 scis,
1613 446 1804 510 velim
1851 447 2027 511 scire.

411 532 594 610 Quod
639 532 908 598 Lucceio
955 531 1182 598 scribis
1226 537 1293 597 te
1335 537 1626 598 nostram
1672 535 1946 619 gloriam
1983 555 2295 599 commen·
2333 549 2363 595 2

278 622 603 706 daturum,
657 627 723 686 et
776 620 1134 685 aedificium
1197 625 1493 686 nostrum
1548 622 1720 705 quod
1773 623 1996 687 crebro
2052 623 2294 706 invisis,

224 737 249 776 5
361 714 555 775 atum.
648 707 924 785 Quintus
979 710 1179 773 frater
1232 710 1311 773 ad
1365 731 1467 774 me
1522 710 1781 793 scripsit
1834 732 1927 795 se,
1992 711 2294 795 quoniam

281 731 652 864 Ciceronem
712 797 1161 862 suavissimum
1214 799 1427 862 tecum
1479 797 1776 885 haberes,
1832 799 1913 863 ad
1966 803 2031 863 te
2084 799 2294 863 Nonis

282 887 470 952 Maiis
508 890 864 951 venturum.
938 883 1082 970 Ego
1128 906 1231 949 me
1276 885 1353 949 de
1392 883 1677 950 Cumano
1724 887 1896 951 movi
1942 891 2091 951 ante
2130 887 2292 951 diem

181 988 186 992 '
285 994 326 1039 v
362 974 503 1039 Kal.
559 973 778 1038 MaiaS.
876 972 977 1037 Eo
1034 973 1135 1037 die
1190 971 1466 1058 Neapoli
1525 974 1696 1057 apud
1747 973 2033 1040 Paetum.
2123 975 2295 1040 Ante

282 1063 448 1128 diem
491 1080 595 1127 1111
638 1061 779 1127 Kal.
825 1060 1031 1127 Maias
1077 1061 1215 1126 iens
1272 1062 1341 1125 in
1384 1060 1845 1146 Pompeianum
1897 1063 2059 1128 bene
2111 1085 2295 1128 mane

203 1180 252 1218 ιο
279 1151 436 1216 haec
481 1151 727 1235 scripsi.

1252 1289 1311 1354 X

617 1393 729 1449 Ser.
768 1395 831 1447 in
869 1392 1113 1447 Cumano
1148 1393 1247 1446 IX
1281 1393 1356 1446 K.
1397 1393 1542 1448 Mai.
1582 1411 1633 1448 a.
1674 1397 1784 1447 699
1822 1397 1960 1463 (55).

917 1478 1172 1535 CICERO
1210 1479 1475 1536 ATTICO
1517 1480 1664 1536 SAL.

370 1606 374 1611 ·
413 1571 698 1637 Puteolis
760 1591 1032 1655 magnus
1095 1573 1194 1635 est
1255 1592 1476 1634 rumor
1531 1571 1974 1636 Ptolomaeum
2037 1594 2176 1638 esse
2228 1572 2295 1638 in
2336 1590 2361 1637 1

205 1688 253 1728 ιε
281 1681 496 1746 regn0.
591 1658 660 1725 Si
715 1659 868 1743 quid
912 1657 1110 1723 habes
1165 1659 1432 1744 certiuS,
1486 1659 1678 1723 velim
1734 1660 1909 1725 scire.
2000 1659 2146 1745 Ego
2192 1661 2297 1725 hic

282 1771 509 1833 pascor
569 1747 962 1813 bibliotheca
1023 1745 1265 1811 Fausti.
1358 1744 1654 1812 Fortasse
1718 1751 1792 1811 tu
1855 1749 2131 1831 putabas
2194 1748 2297 1813 his

282 1838 473 1902 rebus
525 1835 896 1901 Puteolanis
959 1838 1024 1899 et
1076 1833 1591 1899 Lucrinensibus.
1682 1834 1783 1900 Ne
1849 1836 1976 1900 ista
2041 1837 2297 1921 quidem

283 1925 529 1991 desunt.
622 1922 745 1990 Sed
787 1923 1142 1988 mehercule
1189 1945 1227 1987 a
1272 1922 1500 1987 ceteris
1540 1923 2078 1989 oblectationibus
2127 1926 2296 1990 dese-

282 2036 392 2080 ror
436 2018 502 2078 et
543 2013 590 2097 †
617 2013 1023 2097 voluptatum
1068 2015 1334 2095 propter
1368 2033 1502 2076 rem
1549 2012 1884 2096 publicam.
1979 2013 2083 2079 Sic
2127 2014 2296 2079 litte-

203 2131 256 2169 πο
284 2102 375 2168 ris
420 2105 748 2166 sustentor
793 2104 858 2164 et
901 2121 1148 2164 recreor
1203 2100 1500 2184 maloque
1555 2101 1626 2164 in
1670 2101 1783 2164 illa
1827 2105 1941 2165 tua
1987 2102 2295 2185 sedecula,

286 2203 477 2276 quam
519 2189 720 2254 habes
764 2188 884 2252 sub
940 2188 1217 2273 imagine
1263 2186 1664 2271 Aristotelis,
1719 2189 1933 2253 sedere
1990 2212 2183 2274 quam
2228 2190 2297 2254 in

284 2279 558 2343 istorum
605 2278 759 2342 sella
803 2277 1007 2340 curuli
1049 2281 1388 2359 tecumque
1425 2277 1593 2360 apud
1629 2280 1693 2340 te
1730 2277 2055 2341 ambulare
2102 2300 2295 2363 quam

284 2386 904 2519 {nuffar-33⁰⁰?
936 2364 1868 2539 ῗῗὲἓήὲῗεέῃῖωξῗζῖῗᾜ,
1893 2363 2044 2538 8331
2063 2366 2297 2538 dssufflss

203 2570 256 2610 25
286 2540 466 2624 deus3
500 2545 788 2607 nostram
827 2541 1326 2605 ambulationem
1364 2542 1429 2603 et
1456 2538 1841 2605 Laconicum
1879 2563 2096 2627 eaque,
2134 2565 2294 2626 quae
2334 2559 2363 2606 2

286 2629 491 2715 Cyrea
519 2631 668 2713 sint,
702 2629 912 2712 velim,
949 2629 1120 2712 quod
1153 2628 1414 2711 poteriS,
1452 2629 1691 2692 invisas
1728 2633 1794 2693 et
1828 2651 2058 2715 urgeas
2085 2631 2297 2694 Philo-

286 2721 535 2802 timum,
580 2723 654 2782 ut
696 2720 1012 2802 properet,
1056 2720 1131 2780 ut
1166 2716 1410 2801 possim
1438 2717 1561 2781 tibi
1588 2716 1831 2800 aliquid
1858 2718 1928 2781 in
1955 2739 2030 2783 eo
2068 2739 2297 2804 genere

292 2807 679 2891 respondere.
776 2804 1121 2889 Pompeius
1183 2804 1255 2869 in
1308 2801 1668 2868 Cumanum
1722 2804 2044 2871 Parilibus
2103 2808 2296 2871 venit.

292 2894 469 2960 Misit
514 2895 594 2959 ad
637 2916 740 2959 me
785 2894 1034 2975 statim,
1092 2892 1202 2977 qui
1249 2892 1523 2956 salutem
1568 2893 1911 2958 nuntiaret.
2003 2892 2108 2958 Ad
2153 2917 2298 2960 eum

206 3012 259 3050 ao
287 2983 594 3067 postridie
639 3004 824 3047 mane
871 2981 1193 3064 vadebam,
1241 3002 1387 3044 cum
1431 2980 1589 3068 haec
1635 2981 1882 3066 scripsi.

1238 3155 1349 3221 XI.

628 3261 741 3317 Ser.
780 3263 842 3315 in
882 3261 1126 3315 Cumano
1163 3277 1242 3315 ex.
1282 3278 1350 3313 m.
1394 3259 1539 3314 Mai.
1579 3278 1628 3313 a.
1671 3264 1780 3315 699
1818 3264 1955 3330 (55).

922 3347 1177 3405 CICERO
1215 3345 1478 3401 ATTICO
1519 3347 1665 3403 SAL.

419 3439 833 3505 Delectarunt
896 3461 999 3504 me
1063 3438 1377 3522 epistulae
1441 3442 1617 3522 tuae,
1683 3461 1841 3522 quas
1906 3440 2116 3522 accepi
2171 3460 2300 3502 uno
2342 3456 2367 3503 1

205 3554 258 3596 ³5
285 3533 573 3612 tempore
617 3529 774 3594 duas
816 3532 965 3592 ante
1001 3528 1170 3592 diem
1208 3546 1254 3590 v
1290 3526 1431 3591 Kal.
1506 3526 1708 3613 Perge
1744 3527 2004 3611 reliqua.
2081 3525 2300 3589 Gestio

1912 3627 1983 3678 8*
