2642 3923
299 3426 330 3477 1

381 183 508 249 198
1014 185 1088 240 M.
1127 185 1342 241 TULLI
1377 184 1754 242 CICERONIS

375 326 621 413 igitur?
635 327 653 354 '
719 327 952 413 inquis,
1042 327 1230 394 Nihil
1294 329 1540 395 scilicet
1591 329 1722 395 nisi
1774 329 1851 393 de
1905 328 2226 394 sententia
2276 332 2396 392 tua

375 436 493 481 nec
536 416 717 516 prius
763 416 1048 501 quidem,
1102 438 1296 519 quam
1347 421 1646 483 nostrum
1699 416 2034 520 negotium
2088 420 2202 482 aut
2246 437 2394 481 con-

375 503 742 745 {iffgeffio
765 504 2394 746 “Jssdfffffiussffissfimffffiaffffigessssi21⁷³ssssss

375 701 445 743 m
601 701 853 746 summa
895 703 964 747 es
998 733 1010 746 .
2450 706 2479 747 a

1327 819 1439 886 VI.

471 940 587 997 Ser.
624 943 690 996 in
724 941 1029 997 Formiano
1064 940 1224 996 XIV
1255 941 1331 995 K.
1368 942 1517 1009 Ian„
1550 947 1617 997 ut
1647 942 1881 1009 videtum,
1914 959 1966 997 α.
2007 946 2115 997 704
2151 945 2291 1010 (50).

1010 1061 1267 1120 CICERO
1305 1061 1570 1120 ATTICO
1607 1063 1756 1119 SAL.

505 1170 704 1238 Plane
749 1172 927 1237 deest
998 1172 1170 1256 quod
1215 1172 1295 1237 ad
1339 1176 1406 1237 te
1451 1172 1753 1257 scribam;
1804 1177 1963 1237 nota
2009 1173 2225 1238 omnia
2267 1174 2393 1239 tibi

374 1264 554 1345 sunt3
596 1282 713 1325 nec
757 1262 895 1345 ipse
935 1225 1175 1345 ilabeo,
1230 1282 1269 1323 a
1313 1264 1379 1325 te
1425 1261 1598 1344 quod
1643 1265 2019 1345 exspectem.
2110 1260 2391 1327 Tantum
2420 1289 2475 1328 ιο

372 1348 577 1432 igitur
626 1352 925 1413 nostrum
977 1348 1139 1412 illud
1192 1348 1500 1413 sollemne
1545 1369 1870 1414 servemus
1952 1353 2028 1414 ut
2068 1371 2151 1416 ne
2198 1373 2388 1435 quem

375 1436 545 1502 istuc
587 1441 846 1502 euntem
889 1436 1026 1501 sine
1076 1437 1314 1501 litteris
1358 1436 1776 1501 dimittamus,
1866 1402 1964 1502 be
2017 1459 2089 1502 re
2132 1439 2393 1522 publica

374 1524 559 1591 valde
603 1525 800 1590 timeo
845 1546 963 1590 nec
1008 1524 1213 1590 adhuc
1256 1525 1391 1590 fere
1434 1526 1672 1611 inveni,
1716 1526 1828 1609 qui
1873 1548 2007 1590 non
2052 1526 2392 1592 conceden-

373 1612 525 1677 dum
577 1615 836 1696 putaret
890 1611 1176 1697 Caesari,
1239 1612 1412 1698 quod
1472 1613 1862 1698 postularet,
1921 1614 2140 1697 potius
2196 1637 2389 1699 quam

374 1700 884 1786 depugnandum.
973 1701 1099 1765 Est
1150 1700 1265 1766 illa
1324 1700 1583 1786 quidem
1634 1701 1972 1786 impudens
2034 1704 2388 1786 postulatio
2418 1730 2472 1771 ιο

372 1790 419 1873 †
465 1789 765 1873 opinione
825 1788 1158 1854 valentior.
1269 1788 1402 1855 Cur
1472 1793 1689 1856 autem
1749 1811 1919 1856 nunc
1987 1791 2267 1874 primum
2331 1792 2389 1858 ei

372 1878 746 1943 resistamus
761 1877 797 1942 Ῥ

692 2001 827 2066 τΟὐ
873 2003 1000 2085 γὰρ
1046 2002 1129 2085 δὴ
1174 2003 1329 2067 τόδε
1373 2005 1596 2086 μεῖξον
1640 2005 1752 2068 ἔπι
1794 2001 2064 2085 παιών’,

372 2163 567 2227 quam
611 2164 757 2208 cum
802 2142 1312 2227 quinquennium
1358 2143 1896 2229 prorogabamus,
1939 2147 2054 2208 aut
2098 2165 2271 2229 cum,
2315 2149 2390 2210 ut

372 2231 659 2296 absentis
711 2231 880 2296 ratio
934 2229 1307 2316 haberetur,
1369 2231 1760 2315 ferebamus,
1822 2231 1951 2297 nisi
2002 2231 2171 2297 forte
2233 2233 2389 2298 haec
2418 2261 2470 2300 20

370 2319 471 2384 iffi
536 2318 1434 2483 simxmnssfflsffizss
1471 2341 1666 2472 Ψ
1695 2320 2387 2474 -30022213-12522222

370 2427 728 2567 §effidem
754 2458 926 2580 quod
962 2456 1277 2581 dicturus3
1312 2496 1587 2560 sentiam
1618 2427 1796 2560 fflim
1832 2496 2049 2561 omnia
2081 2496 2387 2582 facienda,

371 2606 451 2648 ne
487 2584 684 2649 armis
720 2583 1097 2668 decertetur,
1142 2583 1351 2649 dicam
1384 2583 1556 2650 idem
1591 2585 1764 2668 quod
1801 2583 2144 2668 Pompeius
2180 2607 2386 2670 neque

370 2671 438 2737 id
480 2672 713 2737 faciam
754 2670 987 2737 humili
1032 2671 1264 2736 animo.
1359 2670 1483 2737 Sed
1528 2695 1753 2737 rursus
1796 2672 1922 2737 hoc
1966 2694 2385 2759 permagnum
2414 2700 2465 2741 ιε

370 2760 464 2826 rei
509 2760 803 2845 publicae
845 2760 1087 2825 malum
1130 2764 1249 2846 est,
1293 2763 1359 2824 et
1396 2761 1674 2845 quodam
1709 2761 1900 2825 modo
1938 2761 2099 2826 mihi
2134 2768 2386 2846 praeter

370 2853 616 2914 ceteros
677 2869 810 2913 non
871 2853 1119 2914 rectum
1179 2869 1284 2914 me
1346 2848 1417 2913 in
1476 2848 1680 2914 tantis
1744 2849 1936 2915 rebus
1990 2872 2029 2914 a
2081 2849 2386 2934 Pompeio

370 2937 690 3003 dissidere.
1507 3012 1514 3021 ‚

1303 3055 1449 3124 VH„

466 3181 580 3238 Sor.
619 3183 684 3236 in
721 3181 1026 3236 Formiano
1061 3182 1207 3237 &nter
1243 3181 1417 3236 Xffl
1443 3187 1496 3237 et
1530 3181 1595 3236 X
1629 3181 1702 3236 K.
1741 3184 1868 3237 Ian.
1907 3201 1959 3237 a.
2001 3188 2109 3240 704
2147 3187 2286 3251 (50).
2414 3197 2466 3237 so

1001 3303 1258 3361 CICERO
1297 3303 1560 3360 ATTICO
1600 3304 1747 3360 SAL.

504 3409 920 3497 ‘Dionysius,
962 3412 1063 3477 vir
1108 3418 1442 3497 optumus,
1486 3416 1561 3476 ut
1605 3413 1767 3478 mihi
1813 3435 2069 3499 quoque
2114 3420 2213 3481 est
2248 3439 2387 3500 per·

369 3501 624 3580 spectus
634 3550 652 3582 ,
696 3503 762 3562 et
807 3498 1233 3565 doctissumus
1280 3501 1505 3585 tuique
1542 3502 2068 3589 amantissumus,
2113 3502 2389 3570 Romam
