2642 3923
756 1035 871 1120 Μ.
919 1035 1301 1118 TULLI
1351 1034 2030 1148 CICERONIS

649 1212 1415 1286 EPISTULARUM
1470 1211 1608 1285 AD
1666 1212 2148 1287 ATTIOUM

1026 1383 1292 1450 LIBER
1339 1381 1761 1460 QUARTUS.

1371 1683 1421 1751 L

771 1806 886 1864 Ser.
925 1806 1132 1862 Romae
1166 1807 1301 1862 med.
1340 1824 1410 1862 m.
1449 1806 1591 1875 Sept.
1628 1824 1680 1863 a.
1722 1810 1834 1861 697
1872 1810 2012 1876 (57).
2461 1818 2490 1862 ὅ

1022 1928 1276 1986 CICERO
1315 1928 1578 1986 ATTICO
1618 1929 1767 1986 SAL.

316 2057 342 2107 1
517 2037 682 2107 Cum
733 2039 1014 2124 primum
1060 2037 1333 2104 Romam
1379 2039 1554 2125 veni,
1610 2040 1891 2126 fuitque,
1948 2039 2053 2105 cui
2108 2045 2279 2107 recte
2324 2042 2402 2106 ad

386 2133 449 2196 te
493 2128 744 2193 litteras
798 2128 1040 2213 darem,
1093 2127 1261 2192 nihil
1314 2127 1492 2211 prius
1546 2127 1904 2192 faciendum
1956 2127 2117 2192 mihi
2162 2129 2403 2214 putavi,

429 2239 577 2282 uam
647 2221 723 2281 ut
793 2216 917 2281 tibi
989 2216 1240 2280 absenti
1312 2216 1389 2280 de
1462 2215 1673 2280 reditu
1734 2220 1960 2280 nostro
2025 2217 2400 2302 gratularer.

385 2326 760 2459 dgngdigri'itdlc
794 2305 1131 2457 {olrltlllorgin
1145 2326 1291 2458 ῒέἓ
1317 2303 2209 2477 ἔξιξέἷῖᾞοτξᾍᾞυᾘδὲῗ
2189 2306 2403 2477 11)ῗὲ
2432 2333 2484 2372 ω

383 2504 502 2547 nec
529 2482 722 2547 etiam
750 2503 868 2566 pro
895 2480 1243 2566 praeterita
1286 2502 1429 2545 mea
1472 2481 1542 2544 in
1584 2484 1651 2544 te
1689 2480 2096 2546 observantia
2130 2482 2403 2547 nimium

386 2571 457 2635 in
491 2569 782 2636 custodia
816 2569 1043 2635 salutis
1078 2591 1255 2635 meae
1292 2569 1682 2656 diligentem,
1728 2569 2125 2654 eundemque
2159 2573 2244 2653 te,
2290 2570 2403 2654 qui

386 2659 610 2745 primis
667 2657 1067 2742 temporibus
1137 2657 1373 2722 erroris
1438 2658 1646 2722 nostri
1704 2657 1816 2722 aut
1882 2658 2099 2743 potius
2166 2620 2402 2724 fliroris

387 2747 706 2834 particeps
766 2751 831 2812 et
888 2746 1038 2811 falsi
1096 2745 1351 2811 timoris
1411 2746 1621 2811 socius
1679 2745 1939 2832 fuisses,
1995 2747 2401 2812 acerbissime
2432 2774 2481 2814 15

388 2835 722 2901 discidium
765 2839 1063 2900 nostrum
1106 2834 1333 2899 tulisse
1380 2833 1856 2918 plurimumque
1892 2856 2142 2922 operae,
2185 2835 2402 2922 studii,

389 2923 776 3009 diligentiae,
811 2922 1052 2988 laboris
1080 2923 1161 2987 ad
1196 2922 1657 2987 conficiendum
1692 2923 1971 2987 reditum
2008 2945 2222 2988 meum
2259 2945 2401 2990 con-

320 3028 351 3076 2
388 3012 633 3077 tulisse.
718 3009 947 3096 Itaque
988 3012 1113 3076 hoc
1156 3010 1281 3076 tibi
1326 3032 1472 3076 vere
1517 3010 1801 3097 adfirmo,
1846 3011 1914 3075 in
1958 3012 2236 3076 maxima
2279 3012 2402 3078 lae-

389 3100 539 3165 titia
585 3103 650 3164 et
694 3099 1180 3184 exoptatissima
1225 3100 1658 3185 gratulatione
1701 3121 1902 3164 unum
1948 3100 2026 3164 ad
2080 3100 2401 3164 cumulan-

390 3188 541 3252 dum
587 3188 891 3274 gaudium
935 3192 1344 3273 conspectum
1380 3190 1493 3252 aut
1536 3188 1754 3273 potius
1792 3188 2194 3272 complexum
2240 3188 2400 3252 mihi
2428 3215 2483 3255 20
2591 3175 2592 3194 ¹

389 3279 575 3340 tuum
604 3276 891 3342 defuisse.
957 3275 1158 3352 Quem
1195 3276 1393 3341 semel
1426 3281 1652 3339 nactus
1690 3276 1745 3340 si
1771 3298 2077 3360 umquam
2104 3276 2400 3342 dimisero

391 3386 463 3428 ac
520 3364 648 3428 nisi
718 3364 911 3428 etiam
979 3364 1463 3447 praetermissos
1529 3364 1776 3428 fructus
1844 3368 1995 3431 tuae
2064 3365 2403 3430 suavitatis
2587 3363 2588 3400 ¹

390 3452 723 3534 praeteriti
769 3452 1078 3537 temporis
1120 3473 1341 3517 omnes
1387 3471 1681 3538 exegero,
1728 3453 2014 3536 profecto
2058 3452 2178 3518 hac
2222 3453 2405 3519 resti·
2585 3449 2586 3502 1

389 3539 642 3604 tutione
698 3539 996 3605 fortunae
1050 3560 1154 3605 me
1207 3540 1344 3624 ipse
1394 3561 1527 3605 11011
1577 3541 1735 3606 satis
1780 3539 2047 3627 dignum
2090 3541 2401 3608 iudicabo.
2577 3537 2584 3606 1
