2642 3923
357 198 489 263 350
994 198 1069 253 Μ.
1108 196 1324 252 TULLI
1360 197 1737 253 CICERONIS

356 342 513 427 quid
559 342 778 428 egerit.
869 341 1130 427 Epheso
1176 341 1287 425 qui
1335 341 1621 426 veniunt,
1668 341 1762 405 ibi
1808 362 1878 405 se
1923 363 2070 407 eum
2116 342 2192 406 de
2239 342 2376 408 suis

357 429 812 496 controversiis
865 431 938 494 in
989 431 1090 494 ius
1152 430 1492 495 adeuntem
1536 430 1772 494 vidisse
1815 430 2147 514 nuntiant3
2212 452 2378 514 quae

357 519 615 603 quidem
661 515 785 605 (ita
829 519 1000 583 enim
1044 518 1181 583 veri
1226 518 1436 583 simile
1481 516 1611 605 est)
1656 519 1726 582 in
1772 518 2112 583 adventum
2150 515 2374 584 Caesa-

355 607 448 672 ris
493 607 768 673 fortasse
804 607 1174 672 reiciantur.
1244 606 1351 671 Ita
1387 610 1500 671 aut
1533 606 1701 670 nihil
1735 610 1895 691 puto
1934 628 2082 672 eum
2118 606 2376 692 habere,

357 694 531 780 quod
575 699 760 779 putet
806 696 885 759 ad
930 717 1033 760 me
1074 695 1343 759 celerius
1390 694 1855 781 perferendum,
1899 698 2012 759 aut
2058 697 2218 761 adeo
2268 717 2376 760 me
2434 723 2460 765 5

354 787 428 849 in
478 784 668 848 malis
724 804 863 849 esse
915 784 1312 886 despectum,
1365 787 1466 868 ut,
1521 784 1768 848 etiamsi
1824 782 1980 867 quid
2029 782 2255 870 habet,
2306 784 2377 848 id

355 872 485 937 nisi
532 872 829 937 omnibus
876 872 1012 937 suis
1055 871 1337 958 negotiis
1374 871 1682 938 confectis
1719 872 1798 935 ad
1833 892 1936 936 me
1972 872 2209 937 referre
2242 894 2375 937 non

356 965 550 1026 curet.
642 960 746 1025 Ex
793 982 921 1045 quo
967 980 1274 1046 magnum
1320 960 1616 1044 equidem
1661 960 1844 1044 capio
1891 960 2178 1025 dolorem
2192 1012 2211 1046 ,
2264 961 2376 1025 sed

355 1071 489 1114 non
531 1053 805 1133 tantum,
852 1053 1165 1133 quantum
1208 1046 1432 1113 videor
1475 1049 1719 1113 debere.
1792 1046 1978 1113 Nihil
2024 1049 2193 1113 enim
2232 1070 2377 1113 mea

354 1138 568 1204 minus
611 1138 920 1203 interesse
963 1140 1143 1222 puto,
1198 1158 1392 1220 quam
1438 1135 1593 1221 quid
1636 1136 1816 1201 illinc
1859 1136 2199 1202 adferatur.
2299 1135 2379 1202 Id
2410 1165 2462 1205 ιο

356 1248 545 1310 quam
596 1226 681 1291 ob
726 1248 881 1312 rem,
922 1229 989 1289 te
1032 1224 1406 1310 intellegere
1451 1229 1627 1290 certo
1673 1225 1820 1289 scio.

489 1313 675 1391 Quod
725 1336 829 1379 me
882 1335 1104 1378 mones
1158 1313 1235 1377 de
1293 1313 1481 1377 vultu
1540 1317 1605 1377 et
1659 1314 1945 1378 oratione
1992 1313 2072 1378 ad
2118 1318 2375 1398 tempus

355 1402 909 1488 accommodanda,
936 1401 1059 1466 etsi
1095 1401 1355 1466 difficile
1393 1406 1509 1487 est,
1544 1401 1805 1466 tamen
1786 1423 2168 1486 1mperarem
2194 1402 2377 1491 mihi,

356 1491 412 1555 si
449 1513 589 1554 mea
626 1490 967 1575 quicquam
1005 1490 1317 1555 interesse
1353 1494 1668 1573 putarem.
1714 1489 1900 1566 Quod
1937 1490 2164 1555 scribis
2202 1456 2377 1556 litte-

353 1579 445 1644 ris
492 1583 717 1664 putare
763 1584 818 1643 te
843 1578 1221 1643 Africanum
1253 1578 1590 1663 negotium
1627 1578 1851 1643 confici
1889 1601 2099 1664 posse,
2143 1579 2373 1644 vellem
2408 1606 2460 1646 ιε

356 1668 682 1751 scriberes,
730 1689 842 1732 cur
887 1667 980 1732 ita
1024 1671 1309 1751 putares3
1368 1666 1529 1730 mihi
1576 1666 1832 1750 quidem
1875 1665 2044 1732 nihil
2086 1668 2157 1732 in
2200 1690 2374 1732 men-

354 1760 487 1820 tem
531 1720 725 1840 venit,
773 1777 968 1839 quare
1012 1756 1079 1820 id
1123 1759 1345 1839 putem
1387 1755 1528 1819 fieri
1573 1776 1779 1838 posse.
1866 1754 1966 1820 Tu
2009 1759 2226 1820 tamen
2272 1778 2374 1821 ve-

353 1845 496 1928 lim,
560 1844 615 1908 si
673 1844 828 1928 quid
881 1844 1029 1928 erit,
1095 1843 1267 1928 quod
1319 1843 1778 1907 consolationis
1834 1844 2079 1928 aliquid
2121 1843 2375 1927 habeat,

356 1932 597 1998 scribas
643 1933 723 1997 ad
767 1953 896 2017 me3
958 1933 1077 2018 sin,
1122 1937 1195 1997 ut
1239 1932 1579 2019 perspici0,
1621 1931 1787 1997 nihil
1833 1935 1975 2020 erit,
2018 1932 2262 1998 scribas
2308 1898 2375 1998 id'

353 2023 585 2106 ipsum.
673 2021 818 2107 Ego
875 2022 955 2085 ad
1009 2026 1101 2107 te,
1164 2021 1220 2085 si
1274 2021 1431 2105 quid
1493 2021 1751 2086 audiero
1797 2021 2018 2107 citius,
2080 2021 2372 2087 scribam.
2403 2051 2459 2089 20

353 2109 533 2175 Vale.
622 2128 748 2175 vm
792 2108 945 2174 Idus
993 2109 1214 2174 Sextil.

684 2353 797 2409 Ser.
826 2354 1107 2410 Brwndisi
1140 2353 1253 2408 III
1281 2354 1430 2408 Non.
1469 2353 1656 2423 Quint.
1686 2372 1737 2409 a.
1769 2357 1879 2408 707
1917 2357 2053 2420 (47).

994 2457 1247 2513 CICERO
1286 2456 1548 2514 ATTICO
1588 2458 1737 2513 SAL.

487 2549 699 2614 Facile
745 2550 1071 2615 adsentior
1114 2550 1247 2615 tuis
1292 2550 1552 2635 litteris,
1597 2550 1832 2633 quibus
1871 2550 2138 2634 exponis
2174 2550 2372 2634 pluri·
2399 2580 2455 2618 25

353 2639 476 2704 bus
514 2639 727 2703 verbis
774 2639 1025 2703 nullum
1073 2643 1350 2704 constare
1385 2639 1741 2723 consilium,
1787 2660 1914 2722 quo
1953 2662 1990 2702 a
2027 2643 2092 2702 te
2128 2640 2370 2722 possim

354 2727 577 2792 iuvari.
671 2725 1046 2791 Consolatio
1093 2731 1262 2791 certe
1305 2726 1486 2791 nulla
1531 2730 1649 2812 est,
1700 2748 1863 2810 quae
1908 2726 2119 2791 levare
2164 2728 2367 2812 possit

354 2815 640 2880 dolorem
685 2837 913 2880 meum.
986 2813 1173 2880 Nihil
1217 2819 1316 2880 est
1363 2816 1534 2880 enim
1569 2819 1968 2880 contractum
2005 2836 2157 2880 casu
2193 2816 2368 2901 (nam

354 2903 422 2968 id
467 2908 636 2969 esset
680 2901 1059 2991 ferendum),
1104 2904 1214 2968 sed
1260 2904 1476 2968 omnia
1519 2904 1785 2968 fecimus
1825 2904 1907 2968 iis
1943 2904 2268 2968 erroribus
2305 2909 2371 2969 et

352 2992 630 3056 miseriis
687 2997 752 3057 et
798 2993 995 3056 animi
1041 2995 1107 3056 et
1151 2992 1439 3075 corporis
1450 3043 1468 3077 ,
1518 2992 1753 3076 quibus
1798 2992 2080 3076 proximi
2123 2993 2370 3056 utinam
2397 3020 2455 3059 so

353 3081 594 3146 mederi
657 3081 1060 3146 maluissent!
1145 3078 1350 3155 Quam
1414 3080 1497 3144 ob
1561 3101 1725 3163 rem,
1798 3080 2102 3164 quoniam
2165 3103 2369 3165 neque

354 3169 610 3234 consilii
667 3168 768 3233 tui
829 3189 1038 3252 neque
1091 3168 1550 3233 consolationis
1604 3168 1984 3252 cuiusquam
2038 3189 2182 3252 spes
2237 3169 2369 3234 ulla

352 3257 514 3322 mihi
562 3256 940 3340 ostenditur,
983 3278 1117 3321 non
1162 3278 1462 3340 quaeram
1504 3255 1663 3321 haec
1706 3281 1744 3321 a
1789 3260 1856 3322 te
1891 3256 2189 3341 posthac3
2233 3261 2370 3322 tan·

354 3349 495 3408 tum
547 3342 768 3429 velim,
828 3366 910 3408 ne
962 3345 1385 3431 intermittas,
1448 3344 1688 3410 scribas
1750 3345 1830 3410 ad
1872 3367 2003 3430 me,
2067 3346 2364 3429 quicquid

353 3431 566 3496 veniet
609 3431 733 3496 tibi
778 3431 847 3495 in
891 3437 1200 3519 mentem,
1253 3455 1398 3498 cum
1441 3433 1729 3520 habebis,
1784 3435 1887 3499 cui
1930 3434 2062 3520 des,
2105 3438 2170 3499 et
2216 3435 2363 3499 dum
2398 3462 2453 3503 ιι.

354 3519 493 3603 erit,
540 3518 618 3582 ad
665 3540 855 3603 quem
901 3519 1037 3606 des3
1085 3522 1256 3605 quod
1299 3521 1568 3607 longum
1609 3544 1742 3588 non
1786 3522 1924 3588 erit.
