<?xml version="1.0" encoding="UTF-8"?>
<!DOCTYPE html PUBLIC "-//W3C//DTD XHTML 1.0 Transitional//EN"
    "http://www.w3.org/TR/xhtml1/DTD/xhtml1-transitional.dtd">
<html xmlns="http://www.w3.org/1999/xhtml" xml:lang="en" lang="en">
 <head>
  <title>
</title>
<meta http-equiv="Content-Type" content="text/html;charset=utf-8" />
  <meta name='ocr-system' content='tesseract 3.04.00' />
  <meta name='ocr-capabilities' content='ocr_page ocr_carea ocr_par ocr_line ocrx_word'/>
</head>
<body>
  <div class='ocr_page' id='page_1' title='image "./scriptaquaemans00friegoog_0582.png"; bbox 0 0 2642 3923; ppageno 0'>
   <div class='ocr_carea' id='block_1_1' title="bbox 298 386 330 433">
    <p class='ocr_par' dir='ltr' id='par_1_1' title="bbox 298 386 330 433">
     <span class='ocr_line' id='line_1_1' title="bbox 298 386 330 433; baseline 0 0"><span class='ocrx_word' id='word_1_1' title='bbox 298 386 330 433; x_wconf 78' lang='lat'>2</span> 
     </span>
    </p>
   </div>
   <div class='ocr_carea' id='block_1_2' title="bbox 304 2681 331 2729">
    <p class='ocr_par' dir='ltr' id='par_1_2' title="bbox 304 2681 331 2729">
     <span class='ocr_line' id='line_1_2' title="bbox 304 2681 331 2729; baseline 0 0"><span class='ocrx_word' id='word_1_2' title='bbox 304 2681 331 2729; x_wconf 85' lang='lat'><strong>1</strong></span> 
     </span>
    </p>
   </div>
   <div class='ocr_carea' id='block_1_3' title="bbox 364 220 1748 288">
    <p class='ocr_par' dir='ltr' id='par_1_3' title="bbox 364 220 1748 288">
     <span class='ocr_line' id='line_1_3' title="bbox 364 220 1748 288; baseline 0.001 -14"><span class='ocrx_word' id='word_1_3' title='bbox 364 222 496 288; x_wconf 85' lang='lat'><strong>418</strong></span> <span class='ocrx_word' id='word_1_4' title='bbox 1008 221 1083 277; x_wconf 76' lang='lat' dir='ltr'><strong>M.</strong></span> <span class='ocrx_word' id='word_1_5' title='bbox 1121 221 1335 276; x_wconf 88' lang='lat' dir='ltr'>TULLI</span> <span class='ocrx_word' id='word_1_6' title='bbox 1370 220 1748 277; x_wconf 85' lang='lat' dir='ltr'>CICERONIS</span> 
     </span>
    </p>
   </div>
   <div class='ocr_carea' id='block_1_4' title="bbox 365 361 2483 2217">
    <p class='ocr_par' dir='ltr' id='par_1_4' title="bbox 367 361 2392 539">
     <span class='ocr_line' id='line_1_4' title="bbox 368 361 2392 451; baseline -0.001 -20"><span class='ocrx_word' id='word_1_7' title='bbox 368 364 685 442; x_wconf 80' lang='lat' dir='ltr'><strong>Quoniam</strong></span> <span class='ocrx_word' id='word_1_8' title='bbox 729 366 1080 431; x_wconf 89' lang='lat' dir='ltr'><strong>etiamnum</strong></span> <span class='ocrx_word' id='word_1_9' title='bbox 1126 366 1305 449; x_wconf 88' lang='lat' dir='ltr'><strong>abes,</strong></span> <span class='ocrx_word' id='word_1_10' title='bbox 1360 365 1755 451; x_wconf 81' lang='lat' dir='ltr'><strong>Dicaearchi,</strong></span> <span class='ocrx_word' id='word_1_11' title='bbox 1802 386 1965 448; x_wconf 88' lang='lat' dir='ltr'><strong>quos</strong></span> <span class='ocrx_word' id='word_1_12' title='bbox 2013 364 2260 450; x_wconf 75' lang='lat' dir='ltr'><strong>scribiS,</strong></span> <span class='ocrx_word' id='word_1_13' title='bbox 2315 361 2392 429; x_wconf 81' lang='lat' dir='ltr'><strong>h·-</strong></span> 
     </span>
     <span class='ocr_line' id='line_1_5' title="bbox 367 453 2392 539; baseline -0 -20"><span class='ocrx_word' id='word_1_14' title='bbox 367 454 523 520; x_wconf 89' lang='lat' dir='ltr'><strong>bros</strong></span> <span class='ocrx_word' id='word_1_15' title='bbox 579 475 731 519; x_wconf 89' lang='lat' dir='ltr'><strong>sane</strong></span> <span class='ocrx_word' id='word_1_16' title='bbox 788 454 982 518; x_wconf 83' lang='lat' dir='ltr'><strong>velim</strong></span> <span class='ocrx_word' id='word_1_17' title='bbox 1036 453 1129 518; x_wconf 85' lang='lat' dir='ltr'><strong>mi</strong></span> <span class='ocrx_word' id='word_1_18' title='bbox 1172 454 1419 539; x_wconf 89' lang='lat' dir='ltr'><strong>mittas,</strong></span> <span class='ocrx_word' id='word_1_19' title='bbox 1474 454 1667 518; x_wconf 82' lang='lat' dir='ltr'><strong>addas</strong></span> <span class='ocrx_word' id='word_1_20' title='bbox 1715 453 1911 518; x_wconf 88' lang='lat' dir='ltr'><strong>etiam</strong></span> <span class='ocrx_word' id='word_1_21' title='bbox 1955 455 2392 536; x_wconf 79' lang='grc' dir='ltr'><strong><em>καταβάσεως.</em></strong></span> 
     </span>
    </p>

    <p class='ocr_par' dir='ltr' id='par_1_5' title="bbox 369 540 2483 1226">
     <span class='ocr_line' id='line_1_6' title="bbox 500 540 2391 627; baseline 0 -21"><span class='ocrx_word' id='word_1_22' title='bbox 500 542 599 607; x_wconf 90' lang='lat' dir='ltr'><strong>De</strong></span> <span class='ocrx_word' id='word_1_23' title='bbox 642 542 921 626; x_wconf 75' lang='lat' dir='ltr'><strong>epistula</strong></span> <span class='ocrx_word' id='word_1_24' title='bbox 960 542 1041 607; x_wconf 94' lang='lat' dir='ltr'><strong>ad</strong></span> <span class='ocrx_word' id='word_1_25' title='bbox 1079 540 1414 607; x_wconf 85' lang='lat' dir='ltr'><strong>Caesarem</strong></span> <span class='ocrx_word' id='word_1_26' title='bbox 1458 541 1754 627; x_wconf 75' lang='grc' dir='ltr'><strong><em>κέκρικα;</em></strong></span> <span class='ocrx_word' id='word_1_27' title='bbox 1799 546 1992 627; x_wconf 87' lang='lat' dir='ltr'><strong>atque</strong></span> <span class='ocrx_word' id='word_1_28' title='bbox 2043 541 2109 605; x_wconf 92' lang='lat' dir='ltr'><strong>id</strong></span> <span class='ocrx_word' id='word_1_29' title='bbox 2153 542 2391 626; x_wconf 89' lang='lat' dir='ltr'><strong>ipsum,</strong></span> 
     </span>
     <span class='ocr_line' id='line_1_7' title="bbox 371 630 2391 715; baseline -0 -20"><span class='ocrx_word' id='word_1_30' title='bbox 371 631 543 715; x_wconf 90' lang='lat' dir='ltr'><strong>quod</strong></span> <span class='ocrx_word' id='word_1_31' title='bbox 593 631 707 696; x_wconf 88' lang='lat' dir='ltr'><strong>isti</strong></span> <span class='ocrx_word' id='word_1_32' title='bbox 760 631 943 694; x_wconf 91' lang='lat' dir='ltr'><strong>aiunt</strong></span> <span class='ocrx_word' id='word_1_33' title='bbox 998 630 1183 694; x_wconf 89' lang='lat' dir='ltr'><strong>illum</strong></span> <span class='ocrx_word' id='word_1_34' title='bbox 1230 630 1535 715; x_wconf 90' lang='lat' dir='ltr'><strong>scribere,</strong></span> <span class='ocrx_word' id='word_1_35' title='bbox 1593 652 1662 695; x_wconf 91' lang='lat' dir='ltr'><strong>se</strong></span> <span class='ocrx_word' id='word_1_36' title='bbox 1704 630 1833 694; x_wconf 90' lang='lat' dir='ltr'><strong>nisi</strong></span> <span class='ocrx_word' id='word_1_37' title='bbox 1878 630 2249 695; x_wconf 86' lang='lat' dir='ltr'><strong>constitutis</strong></span> <span class='ocrx_word' id='word_1_38' title='bbox 2295 652 2391 694; x_wconf 87' lang='lat' dir='ltr'><strong>re·</strong></span> 
     </span>
     <span class='ocr_line' id='line_1_8' title="bbox 369 718 2483 804; baseline 0.001 -20"><span class='ocrx_word' id='word_1_39' title='bbox 369 719 492 784; x_wconf 89' lang='lat' dir='ltr'><strong>bus</strong></span> <span class='ocrx_word' id='word_1_40' title='bbox 549 740 683 783; x_wconf 87' lang='lat' dir='ltr'><strong>non</strong></span> <span class='ocrx_word' id='word_1_41' title='bbox 740 719 986 783; x_wconf 89' lang='lat' dir='ltr'><strong>iturum</strong></span> <span class='ocrx_word' id='word_1_42' title='bbox 1038 719 1106 783; x_wconf 91' lang='lat' dir='ltr'><strong>in</strong></span> <span class='ocrx_word' id='word_1_43' title='bbox 1150 718 1459 802; x_wconf 88' lang='lat' dir='ltr'><strong>Parthos,</strong></span> <span class='ocrx_word' id='word_1_44' title='bbox 1522 719 1690 783; x_wconf 91' lang='lat' dir='ltr'><strong>idem</strong></span> <span class='ocrx_word' id='word_1_45' title='bbox 1746 739 1865 804; x_wconf 90' lang='lat' dir='ltr'><strong>ego</strong></span> <span class='ocrx_word' id='word_1_46' title='bbox 1922 718 2266 783; x_wconf 82' lang='lat' dir='ltr'><strong>suadebam</strong></span> <span class='ocrx_word' id='word_1_47' title='bbox 2318 718 2391 782; x_wconf 89' lang='lat' dir='ltr'><strong>in</strong></span> <span class='ocrx_word' id='word_1_48' title='bbox 2448 744 2483 786; x_wconf 71' lang='grc' dir='ltr'><strong><em>ε</em></strong></span> 
     </span>
     <span class='ocr_line' id='line_1_9' title="bbox 371 806 2389 892; baseline 0 -20"><span class='ocrx_word' id='word_1_49' title='bbox 371 808 484 872; x_wconf 89' lang='lat' dir='ltr'><strong>illa</strong></span> <span class='ocrx_word' id='word_1_50' title='bbox 530 807 821 891; x_wconf 77' lang='lat' dir='ltr'><strong>epistula.</strong></span> <span class='ocrx_word' id='word_1_51' title='bbox 912 806 1150 872; x_wconf 89' lang='lat' dir='ltr'><strong>Utrum</strong></span> <span class='ocrx_word' id='word_1_52' title='bbox 1195 806 1447 892; x_wconf 89' lang='lat' dir='ltr'><strong>liberet,</strong></span> <span class='ocrx_word' id='word_1_53' title='bbox 1490 807 1695 872; x_wconf 88' lang='lat' dir='ltr'><strong>facere</strong></span> <span class='ocrx_word' id='word_1_54' title='bbox 1739 828 1928 892; x_wconf 90' lang='lat' dir='ltr'><strong>posse</strong></span> <span class='ocrx_word' id='word_1_55' title='bbox 1963 810 2223 871; x_wconf 88' lang='lat' dir='ltr'><strong>auctore</strong></span> <span class='ocrx_word' id='word_1_56' title='bbox 2266 828 2389 872; x_wconf 89' lang='lat' dir='ltr'><strong>me.</strong></span> 
     </span>
     <span class='ocr_line' id='line_1_10' title="bbox 370 895 2388 979; baseline 0 -20"><span class='ocrx_word' id='word_1_57' title='bbox 370 895 514 961; x_wconf 90' lang='lat' dir='ltr'><strong>Hoc</strong></span> <span class='ocrx_word' id='word_1_58' title='bbox 567 896 738 961; x_wconf 91' lang='lat' dir='ltr'><strong>enim</strong></span> <span class='ocrx_word' id='word_1_59' title='bbox 790 895 900 959; x_wconf 89' lang='lat' dir='ltr'><strong>ille</strong></span> <span class='ocrx_word' id='word_1_60' title='bbox 954 898 1280 979; x_wconf 85' lang='lat' dir='ltr'><strong>exspectat</strong></span> <span class='ocrx_word' id='word_1_61' title='bbox 1335 895 1631 961; x_wconf 85' lang='lat' dir='ltr'><strong>videlicet</strong></span> <span class='ocrx_word' id='word_1_62' title='bbox 1687 916 1894 979; x_wconf 89' lang='lat' dir='ltr'><strong>neque</strong></span> <span class='ocrx_word' id='word_1_63' title='bbox 1949 899 2047 959; x_wconf 88' lang='lat' dir='ltr'><strong>est</strong></span> <span class='ocrx_word' id='word_1_64' title='bbox 2100 895 2388 959; x_wconf 88' lang='lat' dir='ltr'><strong>facturus</strong></span> 
     </span>
     <span class='ocr_line' id='line_1_11' title="bbox 372 982 2389 1069; baseline -0 -21"><span class='ocrx_word' id='word_1_65' title='bbox 372 984 713 1069; x_wconf 89' lang='lat' dir='ltr'><strong>quicquam</strong></span> <span class='ocrx_word' id='word_1_66' title='bbox 769 984 898 1049; x_wconf 91' lang='lat' dir='ltr'><strong>nisi</strong></span> <span class='ocrx_word' id='word_1_67' title='bbox 953 984 1029 1048; x_wconf 92' lang='lat' dir='ltr'><strong>de</strong></span> <span class='ocrx_word' id='word_1_68' title='bbox 1081 1005 1223 1049; x_wconf 89' lang='lat' dir='ltr'><strong>meo</strong></span> <span class='ocrx_word' id='word_1_69' title='bbox 1279 983 1566 1049; x_wconf 88' lang='lat' dir='ltr'><strong>consilio.</strong></span> <span class='ocrx_word' id='word_1_70' title='bbox 1665 982 1945 1048; x_wconf 85' lang='lat' dir='ltr'><strong>Obsecro</strong></span> <span class='ocrx_word' id='word_1_71' title='bbox 1956 1035 1975 1069; x_wconf 91' lang='lat'><strong>,</strong></span> <span class='ocrx_word' id='word_1_72' title='bbox 2037 983 2389 1048; x_wconf 86' lang='lat' dir='ltr'><strong>abiciamus</strong></span> 
     </span>
     <span class='ocr_line' id='line_1_12' title="bbox 370 1071 2390 1157; baseline -0 -21"><span class='ocrx_word' id='word_1_73' title='bbox 370 1072 500 1136; x_wconf 90' lang='lat' dir='ltr'><strong>ista</strong></span> <span class='ocrx_word' id='word_1_74' title='bbox 553 1077 618 1137; x_wconf 91' lang='lat' dir='ltr'><strong>et</strong></span> <span class='ocrx_word' id='word_1_75' title='bbox 673 1072 1009 1137; x_wconf 88' lang='lat' dir='ltr'><strong>similiberi</strong></span> <span class='ocrx_word' id='word_1_76' title='bbox 1069 1072 1296 1137; x_wconf 89' lang='lat' dir='ltr'><strong>saltem</strong></span> <span class='ocrx_word' id='word_1_77' title='bbox 1344 1072 1575 1157; x_wconf 79' lang='lat' dir='ltr'><strong>simus3</strong></span> <span class='ocrx_word' id='word_1_78' title='bbox 1639 1071 1811 1156; x_wconf 88' lang='lat' dir='ltr'><strong>quod</strong></span> <span class='ocrx_word' id='word_1_79' title='bbox 1856 1072 2277 1156; x_wconf 87' lang='lat' dir='ltr'><strong>adsequemur</strong></span> <span class='ocrx_word' id='word_1_80' title='bbox 2321 1076 2390 1135; x_wconf 83' lang='lat' dir='ltr'><strong>et</strong></span> 
     </span>
     <span class='ocr_line' id='line_1_13' title="bbox 370 1161 2480 1226; baseline 0 -1"><span class='ocrx_word' id='word_1_81' title='bbox 370 1161 639 1226; x_wconf 87' lang='lat' dir='ltr'><strong>tacendo</strong></span> <span class='ocrx_word' id='word_1_82' title='bbox 687 1165 753 1224; x_wconf 89' lang='lat' dir='ltr'><strong>et</strong></span> <span class='ocrx_word' id='word_1_83' title='bbox 796 1161 1071 1225; x_wconf 87' lang='lat' dir='ltr'><strong>latendo.</strong></span> <span class='ocrx_word' id='word_1_84' title='bbox 2418 1187 2480 1226; x_wconf 80' lang='grc' dir='ltr'><strong>ιο</strong></span> 
     </span>
    </p>

    <p class='ocr_par' dir='ltr' id='par_1_6' title="bbox 365 1245 2471 2217">
     <span class='ocr_line' id='line_1_14' title="bbox 505 1245 2387 1335; baseline -0.001 -22"><span class='ocrx_word' id='word_1_85' title='bbox 505 1247 630 1313; x_wconf 87' lang='lat' dir='ltr'><strong>Sed</strong></span> <span class='ocrx_word' id='word_1_86' title='bbox 688 1249 1029 1334; x_wconf 85' lang='lat' dir='ltr'><strong>adgredere</strong></span> <span class='ocrx_word' id='word_1_87' title='bbox 1073 1247 1423 1335; x_wconf 77' lang='lat' dir='ltr'><strong>Othonem,</strong></span> <span class='ocrx_word' id='word_1_88' title='bbox 1485 1253 1561 1313; x_wconf 88' lang='lat' dir='ltr'><strong>ut</strong></span> <span class='ocrx_word' id='word_1_89' title='bbox 1614 1249 1859 1314; x_wconf 68' lang='lat' dir='ltr'><strong>scribis</strong></span> <span class='ocrx_word' id='word_1_90' title='bbox 1953 1245 2236 1334; x_wconf 88' lang='lat' dir='ltr'><strong>Confice,</strong></span> <span class='ocrx_word' id='word_1_91' title='bbox 2297 1251 2387 1312; x_wconf 92' lang='lat' dir='ltr'><strong>mi</strong></span> 
     </span>
     <span class='ocr_line' id='line_1_15' title="bbox 370 1335 2385 1424; baseline 0 -24"><span class='ocrx_word' id='word_1_92' title='bbox 370 1335 606 1422; x_wconf 86' lang='lat' dir='ltr'><strong>Attice,</strong></span> <span class='ocrx_word' id='word_1_93' title='bbox 646 1338 841 1401; x_wconf 88' lang='lat' dir='ltr'><strong>istam</strong></span> <span class='ocrx_word' id='word_1_94' title='bbox 885 1359 1038 1402; x_wconf 89' lang='lat' dir='ltr'><strong>rem.</strong></span> <span class='ocrx_word' id='word_1_95' title='bbox 1110 1335 1297 1400; x_wconf 90' lang='lat' dir='ltr'><strong>Nihil</strong></span> <span class='ocrx_word' id='word_1_96' title='bbox 1335 1338 1506 1401; x_wconf 89' lang='lat' dir='ltr'><strong>enim</strong></span> <span class='ocrx_word' id='word_1_97' title='bbox 1543 1336 1718 1402; x_wconf 89' lang='lat' dir='ltr'><strong>aliud</strong></span> <span class='ocrx_word' id='word_1_98' title='bbox 1753 1337 2023 1424; x_wconf 83' lang='lat' dir='ltr'><strong>reperio,</strong></span> <span class='ocrx_word' id='word_1_99' title='bbox 2067 1337 2179 1401; x_wconf 87' lang='lat' dir='ltr'><strong>ubi</strong></span> <span class='ocrx_word' id='word_1_100' title='bbox 2218 1341 2284 1401; x_wconf 89' lang='lat' dir='ltr'><strong>et</strong></span> <span class='ocrx_word' id='word_1_101' title='bbox 2318 1338 2385 1400; x_wconf 93' lang='lat' dir='ltr'><strong>in</strong></span> 
     </span>
     <span class='ocr_line' id='line_1_16' title="bbox 368 1425 2391 1511; baseline 0 -23"><span class='ocrx_word' id='word_1_102' title='bbox 368 1426 511 1489; x_wconf 89' lang='lat' dir='ltr'><strong>foro</strong></span> <span class='ocrx_word' id='word_1_103' title='bbox 564 1447 696 1489; x_wconf 90' lang='lat' dir='ltr'><strong>non</strong></span> <span class='ocrx_word' id='word_1_104' title='bbox 751 1426 871 1490; x_wconf 91' lang='lat' dir='ltr'><strong>sim</strong></span> <span class='ocrx_word' id='word_1_105' title='bbox 927 1429 992 1491; x_wconf 91' lang='lat' dir='ltr'><strong>et</strong></span> <span class='ocrx_word' id='word_1_106' title='bbox 1045 1429 1258 1491; x_wconf 91' lang='lat' dir='ltr'><strong>tecum</strong></span> <span class='ocrx_word' id='word_1_107' title='bbox 1314 1447 1453 1490; x_wconf 90' lang='lat' dir='ltr'><strong>esse</strong></span> <span class='ocrx_word' id='word_1_108' title='bbox 1510 1426 1769 1511; x_wconf 89' lang='lat' dir='ltr'><strong>possim.</strong></span> <span class='ocrx_word' id='word_1_109' title='bbox 1863 1425 2101 1502; x_wconf 83' lang='lat' dir='ltr'><strong>Quanti</strong></span> <span class='ocrx_word' id='word_1_110' title='bbox 2156 1429 2391 1511; x_wconf 87' lang='lat' dir='ltr'><strong>autem,</strong></span> 
     </span>
     <span class='ocr_line' id='line_1_17' title="bbox 368 1512 2390 1598; baseline 0 -21"><span class='ocrx_word' id='word_1_111' title='bbox 368 1512 491 1577; x_wconf 90' lang='lat' dir='ltr'><strong>hoc</strong></span> <span class='ocrx_word' id='word_1_112' title='bbox 535 1512 698 1577; x_wconf 83' lang='lat' dir='ltr'><strong>mihi</strong></span> <span class='ocrx_word' id='word_1_113' title='bbox 743 1514 920 1577; x_wconf 87' lang='lat' dir='ltr'><strong>venit</strong></span> <span class='ocrx_word' id='word_1_114' title='bbox 963 1514 1033 1577; x_wconf 91' lang='lat' dir='ltr'><strong>in</strong></span> <span class='ocrx_word' id='word_1_115' title='bbox 1078 1518 1374 1579; x_wconf 88' lang='lat' dir='ltr'><strong>mentem.</strong></span> <span class='ocrx_word' id='word_1_116' title='bbox 1452 1513 1517 1579; x_wconf 85' lang='lat' dir='ltr'><strong>C.</strong></span> <span class='ocrx_word' id='word_1_117' title='bbox 1555 1513 1874 1579; x_wconf 73' lang='lat' dir='ltr'><strong>Albanius</strong></span> <span class='ocrx_word' id='word_1_118' title='bbox 1920 1514 2256 1598; x_wconf 83' lang='lat' dir='ltr'><strong>proximus</strong></span> <span class='ocrx_word' id='word_1_119' title='bbox 2292 1518 2390 1578; x_wconf 90' lang='lat' dir='ltr'><strong>est</strong></span> 
     </span>
     <span class='ocr_line' id='line_1_18' title="bbox 368 1600 2471 1688; baseline 0.002 -23"><span class='ocrx_word' id='word_1_120' title='bbox 368 1601 633 1666; x_wconf 84' lang='lat' dir='ltr'><strong>vicinus.</strong></span> <span class='ocrx_word' id='word_1_121' title='bbox 732 1600 799 1666; x_wconf 90' lang='lat' dir='ltr'><strong>Is</strong></span> <span class='ocrx_word' id='word_1_122' title='bbox 865 1619 974 1666; x_wconf 82' lang='lat' dir='ltr'><strong>clo</strong></span> <span class='ocrx_word' id='word_1_123' title='bbox 1040 1603 1336 1688; x_wconf 88' lang='lat' dir='ltr'><strong>iugerum</strong></span> <span class='ocrx_word' id='word_1_124' title='bbox 1390 1602 1467 1667; x_wconf 92' lang='lat' dir='ltr'><strong>de</strong></span> <span class='ocrx_word' id='word_1_125' title='bbox 1522 1602 1608 1667; x_wconf 90' lang='lat' dir='ltr'><strong>M.</strong></span> <span class='ocrx_word' id='word_1_126' title='bbox 1654 1602 1821 1667; x_wconf 90' lang='lat' dir='ltr'><strong>Pilio</strong></span> <span class='ocrx_word' id='word_1_127' title='bbox 1876 1602 2060 1687; x_wconf 90' lang='lat' dir='ltr'><strong>emit,</strong></span> <span class='ocrx_word' id='word_1_128' title='bbox 2118 1607 2193 1668; x_wconf 84' lang='lat' dir='ltr'><strong>ut</strong></span> <span class='ocrx_word' id='word_1_129' title='bbox 2247 1624 2389 1667; x_wconf 89' lang='lat' dir='ltr'><strong>mea</strong></span> <span class='ocrx_word' id='word_1_130' title='bbox 2417 1629 2471 1669; x_wconf 83' lang='lat'><strong>15</strong></span> 
     </span>
     <span class='ocr_line' id='line_1_19' title="bbox 368 1688 2386 1774; baseline 0 -20"><span class='ocrx_word' id='word_1_131' title='bbox 368 1692 675 1755; x_wconf 89' lang='lat' dir='ltr'><strong>memoria</strong></span> <span class='ocrx_word' id='word_1_132' title='bbox 728 1695 853 1774; x_wconf 91' lang='lat' dir='ltr'><strong>est,</strong></span> <span class='ocrx_word' id='word_1_133' title='bbox 907 1689 1018 1755; x_wconf 90' lang='lat' dir='ltr'><strong>HS</strong></span> <span class='ocrx_word' id='word_1_134' title='bbox 1063 1694 1220 1756; x_wconf 59' lang='lat' dir='ltr'><strong>‹TI-V.</strong></span> <span class='ocrx_word' id='word_1_135' title='bbox 1314 1688 1546 1755; x_wconf 90' lang='lat' dir='ltr'><strong>Omnia</strong></span> <span class='ocrx_word' id='word_1_136' title='bbox 1601 1691 1844 1756; x_wconf 86' lang='lat' dir='ltr'><strong>scilicet</strong></span> <span class='ocrx_word' id='word_1_137' title='bbox 1887 1713 2059 1756; x_wconf 89' lang='lat' dir='ltr'><strong>nunc</strong></span> <span class='ocrx_word' id='word_1_138' title='bbox 2102 1691 2386 1756; x_wconf 70' lang='lat' dir='ltr'><strong>minoris</strong></span> 
     </span>
     <span class='ocr_line' id='line_1_20' title="bbox 371 1778 2387 1864; baseline 0 -21"><span class='ocrx_word' id='word_1_139' title='bbox 371 1778 494 1844; x_wconf 87' lang='lat' dir='ltr'><strong>Sed</strong></span> <span class='ocrx_word' id='word_1_140' title='bbox 553 1778 794 1843; x_wconf 86' lang='lat' dir='ltr'><strong>accedit</strong></span> <span class='ocrx_word' id='word_1_141' title='bbox 852 1778 1198 1863; x_wconf 89' lang='lat' dir='ltr'><strong>cupiditas,</strong></span> <span class='ocrx_word' id='word_1_142' title='bbox 1257 1780 1328 1843; x_wconf 92' lang='lat' dir='ltr'><strong>in</strong></span> <span class='ocrx_word' id='word_1_143' title='bbox 1386 1801 1513 1864; x_wconf 89' lang='lat' dir='ltr'><strong>qua</strong></span> <span class='ocrx_word' id='word_1_144' title='bbox 1572 1784 1826 1863; x_wconf 85' lang='lat' dir='ltr'><strong>praeter</strong></span> <span class='ocrx_word' id='word_1_145' title='bbox 1881 1779 2205 1846; x_wconf 76' lang='lat' dir='ltr'><strong>Othonem</strong></span> <span class='ocrx_word' id='word_1_146' title='bbox 2254 1801 2387 1844; x_wconf 84' lang='lat' dir='ltr'><strong>non</strong></span> 
     </span>
     <span class='ocr_line' id='line_1_21' title="bbox 368 1867 2385 1952; baseline 0 -21"><span class='ocrx_word' id='word_1_147' title='bbox 368 1871 526 1951; x_wconf 91' lang='lat' dir='ltr'><strong>puto</strong></span> <span class='ocrx_word' id='word_1_148' title='bbox 580 1888 699 1932; x_wconf 92' lang='lat' dir='ltr'><strong>nos</strong></span> <span class='ocrx_word' id='word_1_149' title='bbox 755 1867 961 1932; x_wconf 83' lang='lat' dir='ltr'><strong>ullum</strong></span> <span class='ocrx_word' id='word_1_150' title='bbox 1007 1867 1442 1932; x_wconf 84' lang='lat' dir='ltr'><strong>adversarium</strong></span> <span class='ocrx_word' id='word_1_151' title='bbox 1487 1867 1843 1933; x_wconf 87' lang='lat' dir='ltr'><strong>habituros.</strong></span> <span class='ocrx_word' id='word_1_152' title='bbox 1937 1868 2062 1934; x_wconf 87' lang='lat' dir='ltr'><strong>Sed</strong></span> <span class='ocrx_word' id='word_1_153' title='bbox 2107 1891 2251 1933; x_wconf 90' lang='lat' dir='ltr'><strong>eum</strong></span> <span class='ocrx_word' id='word_1_154' title='bbox 2296 1869 2385 1952; x_wconf 87' lang='lat' dir='ltr'><strong>ip·-</strong></span> 
     </span>
     <span class='ocr_line' id='line_1_22' title="bbox 368 1954 2385 2042; baseline -0.001 -21"><span class='ocrx_word' id='word_1_155' title='bbox 368 1978 512 2021; x_wconf 89' lang='lat' dir='ltr'><strong>sum</strong></span> <span class='ocrx_word' id='word_1_156' title='bbox 557 1959 632 2020; x_wconf 91' lang='lat' dir='ltr'><strong>tu</strong></span> <span class='ocrx_word' id='word_1_157' title='bbox 676 1955 918 2040; x_wconf 90' lang='lat' dir='ltr'><strong>poteris</strong></span> <span class='ocrx_word' id='word_1_158' title='bbox 963 1978 1249 2042; x_wconf 85' lang='lat' dir='ltr'><strong>movere,</strong></span> <span class='ocrx_word' id='word_1_159' title='bbox 1301 1955 1558 2021; x_wconf 82' lang='lat' dir='ltr'><strong>facilius</strong></span> <span class='ocrx_word' id='word_1_160' title='bbox 1605 1956 1830 2042; x_wconf 89' lang='lat' dir='ltr'><strong>etiam,</strong></span> <span class='ocrx_word' id='word_1_161' title='bbox 1885 1956 1941 2021; x_wconf 90' lang='lat' dir='ltr'><strong>si</strong></span> <span class='ocrx_word' id='word_1_162' title='bbox 1988 1954 2232 2022; x_wconf 83' lang='lat' dir='ltr'><strong>Canum</strong></span> <span class='ocrx_word' id='word_1_163' title='bbox 2275 1955 2385 2020; x_wconf 91' lang='lat' dir='ltr'><strong>ha-</strong></span> 
     </span>
     <span class='ocr_line' id='line_1_23' title="bbox 365 2042 2470 2130; baseline 0 -20"><span class='ocrx_word' id='word_1_164' title='bbox 365 2045 566 2110; x_wconf 88' lang='lat' dir='ltr'><strong>beres.</strong></span> <span class='ocrx_word' id='word_1_165' title='bbox 658 2042 712 2108; x_wconf 96' lang='lat' dir='ltr'><strong>O</strong></span> <span class='ocrx_word' id='word_1_166' title='bbox 758 2045 977 2129; x_wconf 89' lang='lat' dir='ltr'><strong>gulam</strong></span> <span class='ocrx_word' id='word_1_167' title='bbox 1022 2045 1367 2109; x_wconf 73' lang='lat' dir='ltr'><strong>insulsam!</strong></span> <span class='ocrx_word' id='word_1_168' title='bbox 1438 2044 1647 2109; x_wconf 88' lang='lat' dir='ltr'><strong>Pudet</strong></span> <span class='ocrx_word' id='word_1_169' title='bbox 1690 2067 1792 2111; x_wconf 89' lang='lat' dir='ltr'><strong>me</strong></span> <span class='ocrx_word' id='word_1_170' title='bbox 1836 2045 2057 2130; x_wconf 85' lang='lat' dir='ltr'><strong>patris.</strong></span> <span class='ocrx_word' id='word_1_171' title='bbox 2138 2044 2382 2110; x_wconf 84' lang='lat' dir='ltr'><strong>Rescri-</strong></span> <span class='ocrx_word' id='word_1_172' title='bbox 2412 2071 2470 2110; x_wconf 61' lang='grc' dir='ltr'><strong>πο</strong></span> 
     </span>
     <span class='ocr_line' id='line_1_24' title="bbox 369 2133 1044 2217; baseline 0 -19"><span class='ocrx_word' id='word_1_173' title='bbox 369 2133 500 2217; x_wconf 88' lang='lat' dir='ltr'><strong>bes,</strong></span> <span class='ocrx_word' id='word_1_174' title='bbox 547 2134 603 2198; x_wconf 91' lang='lat' dir='ltr'><strong>si</strong></span> <span class='ocrx_word' id='word_1_175' title='bbox 650 2133 803 2217; x_wconf 89' lang='lat' dir='ltr'><strong>quid</strong></span> <span class='ocrx_word' id='word_1_176' title='bbox 848 2133 1044 2198; x_wconf 83' lang='lat' dir='ltr'><strong>voles.</strong></span> 
     </span>
    </p>
   </div>
   <div class='ocr_carea' id='block_1_5' title="bbox 695 2308 2053 2500">
    <p class='ocr_par' dir='ltr' id='par_1_7' title="bbox 695 2308 2053 2500">
     <span class='ocr_line' id='line_1_25' title="bbox 1242 2308 1508 2375; baseline 0.004 -1"><span class='ocrx_word' id='word_1_177' title='bbox 1242 2308 1508 2375; x_wconf 89' lang='lat' dir='ltr'>XXXII.</span> 
     </span>
     <span class='ocr_line' id='line_1_26' title="bbox 695 2430 2053 2500; baseline 0 -13"><span class='ocrx_word' id='word_1_178' title='bbox 695 2430 810 2487; x_wconf 82' lang='lat' dir='ltr'><strong>Scr.</strong></span> <span class='ocrx_word' id='word_1_179' title='bbox 839 2432 903 2485; x_wconf 75' lang='lat' dir='ltr'><strong>in</strong></span> <span class='ocrx_word' id='word_1_180' title='bbox 944 2431 1255 2486; x_wconf 78' lang='lat' dir='ltr'><strong>Tusculano</strong></span> <span class='ocrx_word' id='word_1_181' title='bbox 1289 2431 1390 2485; x_wconf 90' lang='lat' dir='ltr'><strong>IV</strong></span> <span class='ocrx_word' id='word_1_182' title='bbox 1420 2431 1494 2485; x_wconf 83' lang='lat' dir='ltr'><strong>K.</strong></span> <span class='ocrx_word' id='word_1_183' title='bbox 1523 2432 1655 2486; x_wconf 76' lang='lat' dir='ltr'><strong><em>Iun.</em></strong></span> <span class='ocrx_word' id='word_1_184' title='bbox 1684 2449 1737 2486; x_wconf 83' lang='lat' dir='ltr'><strong>a.</strong></span> <span class='ocrx_word' id='word_1_185' title='bbox 1767 2436 1877 2486; x_wconf 84' lang='lat'><strong>709</strong></span> <span class='ocrx_word' id='word_1_186' title='bbox 1915 2433 2053 2500; x_wconf 77' lang='lat'><em>(45).</em></span> 
     </span>
    </p>
   </div>
   <div class='ocr_carea' id='block_1_6' title="bbox 975 2553 1791 2610">
    <p class='ocr_par' dir='ltr' id='par_1_8' title="bbox 975 2553 1791 2610">
     <span class='ocr_line' id='line_1_27' title="bbox 975 2553 1791 2610; baseline 0.001 -1"><span class='ocrx_word' id='word_1_187' title='bbox 975 2553 1264 2610; x_wconf 80' lang='lat' dir='ltr'><strong>CICERO</strong></span> <span class='ocrx_word' id='word_1_188' title='bbox 1299 2554 1591 2609; x_wconf 77' lang='lat' dir='ltr'><strong><em>ATTICO</em></strong></span> <span class='ocrx_word' id='word_1_189' title='bbox 1626 2554 1791 2610; x_wconf 75' lang='lat' dir='ltr'><strong><em>SAL.</em></strong></span> 
     </span>
    </p>
   </div>
   <div class='ocr_carea' id='block_1_7' title="bbox 371 2661 2478 3632">
    <p class='ocr_par' dir='ltr' id='par_1_9' title="bbox 371 2661 2478 3276">
     <span class='ocr_line' id='line_1_28' title="bbox 504 2661 2474 2748; baseline 0.003 -22"><span class='ocrx_word' id='word_1_190' title='bbox 504 2661 794 2727; x_wconf 88' lang='lat' dir='ltr'><strong>Alteram</strong></span> <span class='ocrx_word' id='word_1_191' title='bbox 868 2685 906 2727; x_wconf 86' lang='lat' dir='ltr'><strong>a</strong></span> <span class='ocrx_word' id='word_1_192' title='bbox 977 2666 1044 2728; x_wconf 89' lang='lat' dir='ltr'><strong>te</strong></span> <span class='ocrx_word' id='word_1_193' title='bbox 1117 2662 1461 2746; x_wconf 88' lang='lat' dir='ltr'><strong>epistulam</strong></span> <span class='ocrx_word' id='word_1_194' title='bbox 1530 2685 1675 2727; x_wconf 90' lang='lat' dir='ltr'><strong>cum</strong></span> <span class='ocrx_word' id='word_1_195' title='bbox 1735 2661 1929 2727; x_wconf 86' lang='lat' dir='ltr'><strong>hodie</strong></span> <span class='ocrx_word' id='word_1_196' title='bbox 1991 2663 2392 2748; x_wconf 89' lang='lat' dir='ltr'><strong>accepissem,</strong></span> <span class='ocrx_word' id='word_1_197' title='bbox 2420 2691 2474 2732; x_wconf 72' lang='lat'><strong>25</strong></span> 
     </span>
     <span class='ocr_line' id='line_1_29' title="bbox 371 2750 2390 2837; baseline 0 -22"><span class='ocrx_word' id='word_1_198' title='bbox 371 2751 554 2815; x_wconf 88' lang='lat' dir='ltr'><strong>nolui</strong></span> <span class='ocrx_word' id='word_1_199' title='bbox 615 2756 682 2816; x_wconf 91' lang='lat' dir='ltr'><strong>te</strong></span> <span class='ocrx_word' id='word_1_200' title='bbox 743 2773 872 2815; x_wconf 88' lang='lat' dir='ltr'><strong>una</strong></span> <span class='ocrx_word' id='word_1_201' title='bbox 934 2772 1078 2815; x_wconf 89' lang='lat' dir='ltr'><strong>mea</strong></span> <span class='ocrx_word' id='word_1_202' title='bbox 1140 2754 1530 2815; x_wconf 89' lang='lat' dir='ltr'><strong>contentum.</strong></span> <span class='ocrx_word' id='word_1_203' title='bbox 1637 2750 1736 2815; x_wconf 82' lang='lat' dir='ltr'><strong>Tu</strong></span> <span class='ocrx_word' id='word_1_204' title='bbox 1793 2772 1944 2815; x_wconf 88' lang='lat' dir='ltr'><strong>vero</strong></span> <span class='ocrx_word' id='word_1_205' title='bbox 2010 2772 2156 2837; x_wconf 86' lang='lat' dir='ltr'><strong>age,</strong></span> <span class='ocrx_word' id='word_1_206' title='bbox 2219 2753 2390 2836; x_wconf 87' lang='lat' dir='ltr'><strong>quod</strong></span> 
     </span>
     <span class='ocr_line' id='line_1_30' title="bbox 374 2838 2389 2925; baseline 0 -21"><span class='ocrx_word' id='word_1_207' title='bbox 374 2839 600 2904; x_wconf 88' lang='lat' dir='ltr'><strong>scribis</strong></span> <span class='ocrx_word' id='word_1_208' title='bbox 610 2890 628 2923; x_wconf 96' lang='lat'><strong>,</strong></span> <span class='ocrx_word' id='word_1_209' title='bbox 689 2839 765 2904; x_wconf 92' lang='lat' dir='ltr'><strong>de</strong></span> <span class='ocrx_word' id='word_1_210' title='bbox 811 2839 1098 2904; x_wconf 87' lang='lat' dir='ltr'><strong>Faberio.</strong></span> <span class='ocrx_word' id='word_1_211' title='bbox 1189 2838 1269 2904; x_wconf 90' lang='lat' dir='ltr'><strong>In</strong></span> <span class='ocrx_word' id='word_1_212' title='bbox 1327 2860 1402 2904; x_wconf 93' lang='lat' dir='ltr'><strong>eo</strong></span> <span class='ocrx_word' id='word_1_213' title='bbox 1457 2838 1622 2903; x_wconf 88' lang='lat' dir='ltr'><strong>enim</strong></span> <span class='ocrx_word' id='word_1_214' title='bbox 1681 2843 1894 2904; x_wconf 89' lang='lat' dir='ltr'><strong>totum</strong></span> <span class='ocrx_word' id='word_1_215' title='bbox 1949 2845 2047 2905; x_wconf 89' lang='lat' dir='ltr'><strong>est</strong></span> <span class='ocrx_word' id='word_1_216' title='bbox 2100 2841 2389 2925; x_wconf 85' lang='lat' dir='ltr'><strong>positum</strong></span> 
     </span>
     <span class='ocr_line' id='line_1_31' title="bbox 372 2927 2393 3015; baseline 0.001 -24"><span class='ocrx_word' id='word_1_217' title='bbox 372 2927 465 3011; x_wconf 92' lang='lat' dir='ltr'><strong>id,</strong></span> <span class='ocrx_word' id='word_1_218' title='bbox 521 2927 693 3013; x_wconf 89' lang='lat' dir='ltr'><strong>quod</strong></span> <span class='ocrx_word' id='word_1_219' title='bbox 748 2928 1135 3013; x_wconf 85' lang='lat' dir='ltr'><strong>cogitamus3</strong></span> <span class='ocrx_word' id='word_1_220' title='bbox 1199 2949 1362 3012; x_wconf 88' lang='lat' dir='ltr'><strong>quae</strong></span> <span class='ocrx_word' id='word_1_221' title='bbox 1409 2927 1720 3013; x_wconf 81' lang='lat' dir='ltr'><strong>cogitatio</strong></span> <span class='ocrx_word' id='word_1_222' title='bbox 1769 2928 1825 2991; x_wconf 90' lang='lat' dir='ltr'><strong>si</strong></span> <span class='ocrx_word' id='word_1_223' title='bbox 1868 2949 2002 2993; x_wconf 88' lang='lat' dir='ltr'><strong>non</strong></span> <span class='ocrx_word' id='word_1_224' title='bbox 2045 2929 2393 3015; x_wconf 88' lang='lat' dir='ltr'><strong>incidisset,</strong></span> 
     </span>
     <span class='ocr_line' id='line_1_32' title="bbox 373 3015 2389 3098; baseline 0.001 -17"><span class='ocrx_word' id='word_1_225' title='bbox 373 3015 532 3081; x_wconf 87' lang='lat' dir='ltr'><strong>mihi</strong></span> <span class='ocrx_word' id='word_1_226' title='bbox 578 3016 776 3098; x_wconf 89' lang='lat' dir='ltr'><strong>crede,</strong></span> <span class='ocrx_word' id='word_1_227' title='bbox 821 3015 991 3081; x_wconf 89' lang='lat' dir='ltr'><strong>istuc</strong></span> <span class='ocrx_word' id='word_1_228' title='bbox 1034 3020 1110 3080; x_wconf 89' lang='lat' dir='ltr'><strong>ut</strong></span> <span class='ocrx_word' id='word_1_229' title='bbox 1154 3020 1365 3080; x_wconf 87' lang='lat' dir='ltr'><strong>cetera</strong></span> <span class='ocrx_word' id='word_1_230' title='bbox 1407 3036 1541 3080; x_wconf 90' lang='lat' dir='ltr'><strong>non</strong></span> <span class='ocrx_word' id='word_1_231' title='bbox 1588 3017 1961 3081; x_wconf 87' lang='lat' dir='ltr'><strong>laborarem.</strong></span> <span class='ocrx_word' id='word_1_232' title='bbox 2054 3016 2258 3093; x_wconf 83' lang='lat' dir='ltr'><strong>Quam</strong></span> <span class='ocrx_word' id='word_1_233' title='bbox 2304 3018 2389 3083; x_wconf 93' lang='lat' dir='ltr'><strong>ob</strong></span> 
     </span>
     <span class='ocr_line' id='line_1_33' title="bbox 373 3100 2478 3193; baseline 0.002 -24"><span class='ocrx_word' id='word_1_234' title='bbox 373 3127 537 3188; x_wconf 85' lang='lat' dir='ltr'><strong>rem,</strong></span> <span class='ocrx_word' id='word_1_235' title='bbox 603 3108 679 3168; x_wconf 87' lang='lat' dir='ltr'><strong>ut</strong></span> <span class='ocrx_word' id='word_1_236' title='bbox 744 3104 902 3169; x_wconf 89' lang='lat' dir='ltr'><strong>facis</strong></span> <span class='ocrx_word' id='word_1_237' title='bbox 962 3100 1159 3191; x_wconf 85' lang='lat' dir='ltr'><strong>(istuc</strong></span> <span class='ocrx_word' id='word_1_238' title='bbox 1217 3105 1389 3168; x_wconf 89' lang='lat' dir='ltr'><strong>enim</strong></span> <span class='ocrx_word' id='word_1_239' title='bbox 1448 3104 1593 3168; x_wconf 89' lang='lat' dir='ltr'><strong>addi</strong></span> <span class='ocrx_word' id='word_1_240' title='bbox 1650 3104 1817 3169; x_wconf 89' lang='lat' dir='ltr'><strong>nihil</strong></span> <span class='ocrx_word' id='word_1_241' title='bbox 1872 3103 2148 3193; x_wconf 86' lang='lat' dir='ltr'><strong>potest),</strong></span> <span class='ocrx_word' id='word_1_242' title='bbox 2213 3127 2393 3192; x_wconf 88' lang='lat' dir='ltr'><strong>urge,</strong></span> <span class='ocrx_word' id='word_1_243' title='bbox 2422 3134 2478 3173; x_wconf 75' lang='lat' dir='ltr'><strong>so</strong></span> 
     </span>
     <span class='ocr_line' id='line_1_34' title="bbox 373 3192 854 3276; baseline -0.002 -18"><span class='ocrx_word' id='word_1_244' title='bbox 373 3194 561 3275; x_wconf 86' lang='lat' dir='ltr'><strong>insta,</strong></span> <span class='ocrx_word' id='word_1_245' title='bbox 605 3192 854 3276; x_wconf 87' lang='lat' dir='ltr'><strong>perfice.</strong></span> 
     </span>
    </p>

    <p class='ocr_par' dir='ltr' id='par_1_10' title="bbox 372 3278 2478 3632">
     <span class='ocr_line' id='line_1_35' title="bbox 507 3278 2394 3366; baseline 0.002 -22"><span class='ocrx_word' id='word_1_246' title='bbox 507 3279 878 3345; x_wconf 87' lang='lat' dir='ltr'><strong>Dicaearchi</strong></span> <span class='ocrx_word' id='word_1_247' title='bbox 943 3278 1095 3366; x_wconf 81' lang='grc' dir='ltr'><strong><em>περὶ</em></strong></span> <span class='ocrx_word' id='word_1_248' title='bbox 1158 3288 1374 3365; x_wconf 80' lang='grc' dir='ltr'><strong><em>ψυχῆς</em></strong></span> <span class='ocrx_word' id='word_1_249' title='bbox 1443 3284 1752 3365; x_wconf 88' lang='lat' dir='ltr'><strong>utrosque</strong></span> <span class='ocrx_word' id='word_1_250' title='bbox 1804 3282 1998 3346; x_wconf 85' lang='lat' dir='ltr'><strong>velim</strong></span> <span class='ocrx_word' id='word_1_251' title='bbox 2049 3282 2272 3347; x_wconf 87' lang='lat' dir='ltr'><strong>mittas</strong></span> <span class='ocrx_word' id='word_1_252' title='bbox 2324 3287 2394 3347; x_wconf 90' lang='lat' dir='ltr'><strong>et</strong></span> 
     </span>
     <span class='ocr_line' id='line_1_36' title="bbox 372 3368 2391 3454; baseline 0 -20"><span class='ocrx_word' id='word_1_253' title='bbox 372 3369 801 3451; x_wconf 79' lang='grc' dir='ltr'><strong><em>καταβάσεως.</em></strong></span> <span class='ocrx_word' id='word_1_254' title='bbox 918 3370 1385 3453; x_wconf 81' lang='grc' dir='ltr'><strong><em>Τριπολιτικὸν</em></strong></span> <span class='ocrx_word' id='word_1_255' title='bbox 1437 3390 1571 3433; x_wconf 93' lang='lat' dir='ltr'><strong>non</strong></span> <span class='ocrx_word' id='word_1_256' title='bbox 1623 3368 1878 3433; x_wconf 83' lang='lat' dir='ltr'><strong>invenio</strong></span> <span class='ocrx_word' id='word_1_257' title='bbox 1935 3373 2002 3434; x_wconf 88' lang='lat' dir='ltr'><strong>et</strong></span> <span class='ocrx_word' id='word_1_258' title='bbox 2047 3370 2391 3454; x_wconf 87' lang='lat' dir='ltr'><strong>epistulam</strong></span> 
     </span>
     <span class='ocr_line' id='line_1_37' title="bbox 374 3455 2392 3539; baseline 0.002 -20"><span class='ocrx_word' id='word_1_259' title='bbox 374 3455 539 3539; x_wconf 90' lang='lat' dir='ltr'><strong>eius,</strong></span> <span class='ocrx_word' id='word_1_260' title='bbox 596 3477 789 3538; x_wconf 86' lang='lat' dir='ltr'><strong>quam</strong></span> <span class='ocrx_word' id='word_1_261' title='bbox 849 3457 928 3520; x_wconf 87' lang='lat' dir='ltr'><strong>ad</strong></span> <span class='ocrx_word' id='word_1_262' title='bbox 984 3455 1446 3521; x_wconf 85' lang='lat' dir='ltr'><strong>Aristoxenum</strong></span> <span class='ocrx_word' id='word_1_263' title='bbox 1502 3457 1699 3521; x_wconf 89' lang='lat' dir='ltr'><strong>misit.</strong></span> <span class='ocrx_word' id='word_1_264' title='bbox 1800 3457 1957 3522; x_wconf 85' lang='lat' dir='ltr'><strong>Tres</strong></span> <span class='ocrx_word' id='word_1_265' title='bbox 2017 3478 2127 3522; x_wconf 90' lang='lat' dir='ltr'><strong>eos</strong></span> <span class='ocrx_word' id='word_1_266' title='bbox 2185 3458 2392 3523; x_wconf 90' lang='lat' dir='ltr'><strong>libros</strong></span> 
     </span>
     <span class='ocr_line' id='line_1_38' title="bbox 373 3506 2478 3632; baseline 0.005 -27"><span class='ocrx_word' id='word_1_267' title='bbox 373 3506 650 3606; x_wconf 82' lang='lat' dir='ltr'><strong>maxime</strong></span> <span class='ocrx_word' id='word_1_268' title='bbox 692 3565 863 3608; x_wconf 92' lang='lat' dir='ltr'><strong>nunc</strong></span> <span class='ocrx_word' id='word_1_269' title='bbox 906 3544 1163 3628; x_wconf 79' lang='lat' dir='ltr'><strong>vellem3</strong></span> <span class='ocrx_word' id='word_1_270' title='bbox 1221 3545 1360 3629; x_wconf 85' lang='lat' dir='ltr'><strong>apti</strong></span> <span class='ocrx_word' id='word_1_271' title='bbox 1405 3549 1617 3611; x_wconf 90' lang='lat' dir='ltr'><strong>essent</strong></span> <span class='ocrx_word' id='word_1_272' title='bbox 1661 3546 1741 3610; x_wconf 87' lang='lat' dir='ltr'><strong>ad</strong></span> <span class='ocrx_word' id='word_1_273' title='bbox 1784 3543 1880 3631; x_wconf 91' lang='lat' dir='ltr'><strong>id,</strong></span> <span class='ocrx_word' id='word_1_274' title='bbox 1936 3546 2109 3631; x_wconf 90' lang='lat' dir='ltr'><strong>quod</strong></span> <span class='ocrx_word' id='word_1_275' title='bbox 2154 3547 2390 3632; x_wconf 87' lang='lat' dir='ltr'><strong>cogito.</strong></span> <span class='ocrx_word' id='word_1_276' title='bbox 2422 3573 2478 3615; x_wconf 69' lang='grc' dir='ltr'><strong>ει</strong></span> 
     </span>
    </p>
   </div>
  </div>
 </body>
</html>
