2642 3923
679 203 1193 262 EPISTULARUM
1229 207 1330 261 AD
1368 207 1693 264 ATTICUM
1728 207 1832 261 XII
1870 214 2094 262 14—17.
2267 207 2395 273 363

1300 438 1474 504 XV1.

768 559 882 616 Sor.
911 560 1151 615 Asturae
1198 560 1287 615 VI
1313 561 1403 615 Ια.
1434 561 1608 616 Mart.
1639 580 1690 615 a.
1722 565 1833 617 709
1870 564 2006 629 (45).

984 682 1274 738 CICERO
1308 682 1600 739 ATTICO
1636 683 1801 739 SAL.

511 790 602 856 Te
657 791 790 856 tuis
843 791 1126 876 negotiis
1181 792 1423 857 relictis
1477 792 1629 857 nolo
1684 792 1764 856 ad
1822 814 1926 857 me
1970 792 2215 876 venire,
2280 813 2396 876 ego

326 903 350 944 5
377 879 597 964 potius
644 880 954 965 accedam,
1000 879 1057 943 si
1103 879 1348 945 diutius
1393 881 1756 963 impediere.
1848 880 1998 945 Etsi
2044 902 2123 944 ne
2170 881 2399 944 disces-

379 967 608 1032 sissem
663 968 923 1052 quidem
976 989 1012 1032 e
1066 972 1412 1052 conspectu
1457 973 1602 1054 tuo,
1664 970 1793 1033 nisi
1851 990 1953 1033 me
1998 968 2186 1052 plane
2233 968 2399 1032 nihil

378 1056 513 1121 ulla
564 1077 666 1120 res
714 1056 1061 1121 adiuvaret.
1155 1056 1399 1133 Quodsi
1446 1062 1616 1123 esset
1654 1057 1914 1141 aliquod
1959 1057 2273 1140 levamen,
2333 1056 2399 1120 id

380 1149 548 1209 esset
606 1145 675 1209 in
728 1149 793 1209 te
848 1166 1007 1231 unc,
1070 1149 1162 1229 et,
1226 1167 1372 1209 cum
1430 1145 1710 1229 primum
1765 1145 1846 1209 ab
1894 1146 2110 1229 aliquo
2159 1145 2398 1228 poterit

380 1255 546 1319 esse,
599 1255 638 1297 a
689 1237 757 1297 te
802 1233 940 1298 erit.
988 1197 1223 1297 Nunc
1267 1237 1488 1298 tamen
1529 1234 1743 1318 ipsum
1790 1234 1928 1298 sine
1973 1236 2039 1297 te
2085 1254 2222 1298 esse
2266 1253 2398 1296 non

303 1347 352 1386 ιο
379 1344 659 1405 possum.
762 1318 888 1386 Sed
947 1343 1065 1385 nec
1128 1325 1277 1386 tuae
1341 1321 1516 1386 domi
1568 1322 1993 1423 probabatur,
2052 1342 2170 1386 nec
2223 1342 2398 1385 meae

380 1413 672 1494 poteram
725 1431 867 1494 nec,
924 1410 979 1473 si
1034 1410 1299 1493 propius
1347 1430 1554 1475 essem
1590 1411 1870 1495 uspiam,
1925 1414 2136 1474 tecum
2181 1413 2398 1473 tamen

381 1519 602 1562 essem.
694 1496 872 1562 Idem
927 1498 1098 1561 enim
1152 1502 1218 1561 te
1276 1498 1642 1583 impediret,
1698 1521 1825 1583 quo
1879 1498 2094 1563 minus
2150 1518 2398 1562 mecum

382 1607 574 1671 esses,
637 1586 810 1670 quod
871 1605 1043 1650 nunc
1106 1586 1301 1650 etiam
1363 1586 1647 1670 impedit.
1748 1586 1913 1651 Mihi
1973 1585 2140 1650 nihil
2196 1585 2401 1649 adhuc

384 1674 598 1757 aptius
646 1674 773 1737 fuit
816 1673 938 1737 hac
984 1673 1358 1758 solitudine3
1424 1696 1617 1758 quam
1662 1696 1884 1739 vereor
1926 1696 2010 1739 ne
2055 1672 2396 1756 Philippus

304 1786 356 1828 ιε
381 1761 588 1826 tollat.
688 1760 849 1825 Heri
913 1761 1086 1826 enim
1149 1761 1401 1844 vesperi
1462 1766 1739 1827 venerat.
1837 1761 1944 1827 Me
2005 1761 2270 1845 scriptio
2336 1765 2401 1825 et

381 1850 638 1914 litterae
682 1870 815 1914 non
857 1849 1127 1968 leniunt,
1172 1850 1285 1914 sed
1331 1848 1701 1915 obturbant.

1290 2024 1498 2091 XVII.

777 2146 891 2203 Ser.
919 2147 1161 2202 Astwrae
1195 2147 1295 2201 IV
1325 2148 1412 2202 Id.
1443 2147 1620 2203 Mart.
1649 2165 1702 2202 α.
1734 2150 1843 2203 709
1880 2150 2017 2216 (45).

989 2270 1279 2327 CICERO
1313 2270 1608 2326 ATTICO
1643 2270 1808 2327 SAL.

303 2408 357 2447 ιο
517 2379 881 2446 Marcianus
929 2379 1008 2444 ad
1053 2401 1156 2443 me
1203 2379 1462 2464 scripsit
1507 2401 1610 2444 me
1648 2384 2019 2445 excusatum
2057 2401 2195 2446 esse
2233 2381 2401 2465 apud

384 2469 777 2553 Appuleium
832 2490 871 2532 a
923 2466 1293 2552 Laterense,
1356 2465 1643 2553 Nasone,
1696 2466 2001 2554 Laenate,
2054 2468 2402 2556 Torquat0,

389 2556 721 2623 Strabone.
820 2553 910 2620 Iis
975 2556 1170 2621 velim
1232 2577 1377 2621 meo
1430 2556 1691 2621 nomine
1746 2556 2093 2621 reddendas
2149 2557 2400 2623 litteras

386 2668 567 2712 cures
623 2649 882 2730 gratum
934 2644 1097 2708 mihi
1151 2665 1260 2709 eos
1313 2644 1557 2710 fecisse.
1649 2644 1832 2721 Quod
1886 2667 2005 2728 pro
2059 2644 2400 2711 Cornificio

386 2756 490 2799 me
543 2733 776 2799 abhinc
830 2732 1105 2816 amplius
1166 2734 1351 2797 annis
1405 2750 1551 2797 xxv
1597 2733 2018 2817 spopondisse
2063 2733 2218 2798 dicit
2263 2733 2401 2799 Fla-

309 2847 360 2888 25
387 2823 559 2906 vius,
623 2821 747 2886 etsi
807 2843 955 2886 reus
1008 2821 1294 2904 locuples
1351 2826 1451 2886 est
1506 2825 1571 2886 et
1624 2820 1982 2904 Appuleius
2037 2823 2401 2906 praediator

386 2909 705 2996 liberalis,
764 2913 984 2975 tamen
1035 2910 1228 2974 velim
1282 2910 1393 2974 des
1451 2931 1736 2995 operam,
1790 2914 1864 2974 ut
1918 2910 2270 2995 investiges
2324 2934 2402 2975 ex

390 3018 897 3081 consponsorum
942 2997 1202 3083 tabulis,
1247 2997 1415 3062 sitne
1460 2998 1555 3062 ita
1602 2996 1793 3084 (mihi
1840 2998 2009 3062 enim
2056 3003 2203 3062 ante
2239 2999 2403 3064 aedi-

387 3087 643 3151 litatem
685 3107 895 3151 meam
931 3085 1097 3150 nihil
1133 3089 1271 3151 erat
1308 3108 1454 3150 cum
1493 3084 1851 3150 Cornificio,
1925 3086 2151 3151 Potest
2186 3090 2403 3151 tamen

389 3176 555 3259 fieri3
602 3174 713 3239 sed
749 3174 910 3239 scire
946 3177 1191 3239 certum
1228 3173 1471 3261 velim),
1517 3178 1583 3238 et
1619 3175 1901 3258 appelles
1938 3180 2404 3260 procuratores,

309 3291 364 3332 ao
390 3266 448 3329 si
482 3263 607 3328 tibi
643 3263 911 3327 videtur.
975 3261 1377 3346 Quamquam
1405 3263 1561 3346 quid
1598 3263 1677 3327 ad
1711 3263 1857 3328 me‘?
1892 3262 2135 3328 Verum
2171 3267 2401 3328 tamen.

388 3351 634 3418 Pansae
676 3351 1139 3434 profectionem
1184 3351 1454 3436 scribes,
1499 3372 1644 3415 cum
1683 3351 1857 3415 scies.
1949 3349 2237 3415 Atticam
2286 3351 2405 3415 sal·

388 3463 535 3506 vere
598 3439 750 3504 iube
811 3443 877 3504 et
930 3460 1071 3503 eam
1133 3460 1313 3524 cura,
1386 3437 1676 3523 obsecro,
1749 3439 2102 3523 diligenter.
2203 3437 2405 3503 Piliae

313 3593 315 3596 ,
393 3531 681 3594 salutem.
