<?xml version="1.0" encoding="UTF-8"?>
<!DOCTYPE html PUBLIC "-//W3C//DTD XHTML 1.0 Transitional//EN"
    "http://www.w3.org/TR/xhtml1/DTD/xhtml1-transitional.dtd">
<html xmlns="http://www.w3.org/1999/xhtml" xml:lang="en" lang="en">
 <head>
  <title>
</title>
<meta http-equiv="Content-Type" content="text/html;charset=utf-8" />
  <meta name='ocr-system' content='tesseract 3.04.00' />
  <meta name='ocr-capabilities' content='ocr_page ocr_carea ocr_par ocr_line ocrx_word'/>
</head>
<body>
  <div class='ocr_page' id='page_1' title='image "./scriptaquaemans00friegoog_0531.png"; bbox 0 0 2642 3923; ppageno 0'>
   <div class='ocr_carea' id='block_1_1' title="bbox 615 185 2323 251">
    <p class='ocr_par' dir='ltr' id='par_1_1' title="bbox 615 185 2323 251">
     <span class='ocr_line' id='line_1_1' title="bbox 615 185 2323 251; baseline 0.001 -9"><span class='ocrx_word' id='word_1_1' title='bbox 615 188 1126 243; x_wconf 83' lang='lat' dir='ltr'><strong>EPISTULARUM</strong></span> <span class='ocrx_word' id='word_1_2' title='bbox 1164 189 1262 243; x_wconf 85' lang='lat' dir='ltr'>AD</span> <span class='ocrx_word' id='word_1_3' title='bbox 1299 186 1624 243; x_wconf 83' lang='lat' dir='ltr'><strong><em>ATTICUM</em></strong></span> <span class='ocrx_word' id='word_1_4' title='bbox 1661 188 1763 242; x_wconf 88' lang='lat' dir='ltr'>XII</span> <span class='ocrx_word' id='word_1_5' title='bbox 1803 193 2025 242; x_wconf 81' lang='lat'>19—21.</span> <span class='ocrx_word' id='word_1_6' title='bbox 2196 185 2323 251; x_wconf 79' lang='grc'>367</span> 
     </span>
    </p>
   </div>
   <div class='ocr_carea' id='block_1_2' title="bbox 760 420 1872 610">
    <p class='ocr_par' dir='ltr' id='par_1_2' title="bbox 760 420 1872 610">
     <span class='ocr_line' id='line_1_2' title="bbox 1247 420 1386 486; baseline 0.014 -2"><span class='ocrx_word' id='word_1_7' title='bbox 1247 420 1386 486; x_wconf 90' lang='lat' dir='ltr'>XX.</span> 
     </span>
     <span class='ocr_line' id='line_1_3' title="bbox 760 540 1872 610; baseline -0.002 -13"><span class='ocrx_word' id='word_1_8' title='bbox 760 540 873 597; x_wconf 74' lang='lat' dir='ltr'>Sor.</span> <span class='ocrx_word' id='word_1_9' title='bbox 903 543 1142 597; x_wconf 63' lang='lat' dir='ltr'>Astaca-ae</span> <span class='ocrx_word' id='word_1_10' title='bbox 1177 543 1264 596; x_wconf 83' lang='lat' dir='ltr'>Id.</span> <span class='ocrx_word' id='word_1_11' title='bbox 1296 542 1472 597; x_wconf 83' lang='lat' dir='ltr'>Mart.</span> <span class='ocrx_word' id='word_1_12' title='bbox 1502 560 1554 596; x_wconf 86' lang='lat' dir='ltr'>a.</span> <span class='ocrx_word' id='word_1_13' title='bbox 1586 545 1696 597; x_wconf 83' lang='lat'>709</span> <span class='ocrx_word' id='word_1_14' title='bbox 1737 544 1872 610; x_wconf 74' lang='lat'><em>(45).</em></span> 
     </span>
    </p>
   </div>
   <div class='ocr_carea' id='block_1_3' title="bbox 915 664 1730 744">
    <p class='ocr_par' dir='ltr' id='par_1_3' title="bbox 915 664 1730 744">
     <span class='ocr_line' id='line_1_4' title="bbox 915 664 1730 744; baseline -0.001 -25"><span class='ocrx_word' id='word_1_15' title='bbox 915 664 1204 744; x_wconf 77' lang='lat' dir='ltr'><strong><em>CICERO</em></strong></span> <span class='ocrx_word' id='word_1_16' title='bbox 1239 664 1530 720; x_wconf 83' lang='lat' dir='ltr'><strong><em>ATTICO</em></strong></span> <span class='ocrx_word' id='word_1_17' title='bbox 1566 665 1730 721; x_wconf 84' lang='lat' dir='ltr'>SAL</span> 
     </span>
    </p>
   </div>
   <div class='ocr_carea' id='block_1_4' title="bbox 235 769 2398 2269">
    <p class='ocr_par' dir='ltr' id='par_1_4' title="bbox 235 769 2398 2269">
     <span class='ocr_line' id='line_1_5' title="bbox 445 769 2392 857; baseline -0.001 -20"><span class='ocrx_word' id='word_1_18' title='bbox 445 769 750 837; x_wconf 90' lang='lat' dir='ltr'>Nondum</span> <span class='ocrx_word' id='word_1_19' title='bbox 788 771 1023 837; x_wconf 84' lang='lat' dir='ltr'>videris</span> <span class='ocrx_word' id='word_1_20' title='bbox 1061 772 1435 857; x_wconf 82' lang='lat' dir='ltr'>perspicere,</span> <span class='ocrx_word' id='word_1_21' title='bbox 1483 794 1675 856; x_wconf 89' lang='lat' dir='ltr'>quam</span> <span class='ocrx_word' id='word_1_22' title='bbox 1710 794 1813 837; x_wconf 92' lang='lat' dir='ltr'>me</span> <span class='ocrx_word' id='word_1_23' title='bbox 1848 794 1964 837; x_wconf 94' lang='lat' dir='ltr'>nec</span> <span class='ocrx_word' id='word_1_24' title='bbox 1998 771 2323 837; x_wconf 88' lang='lat' dir='ltr'>Antonius</span> <span class='ocrx_word' id='word_1_25' title='bbox 2364 788 2392 836; x_wconf 87' lang='lat'>1</span> 
     </span>
     <span class='ocr_line' id='line_1_6' title="bbox 257 861 2326 962; baseline -0.001 -35"><span class='ocrx_word' id='word_1_26' title='bbox 257 885 284 927; x_wconf 73' lang='grc' dir='ltr'>ε</span> <span class='ocrx_word' id='word_1_27' title='bbox 312 861 748 944; x_wconf 82' lang='lat' dir='ltr'>commoverit,</span> <span class='ocrx_word' id='word_1_28' title='bbox 791 881 908 924; x_wconf 91' lang='lat' dir='ltr'>nec</span> <span class='ocrx_word' id='word_1_29' title='bbox 953 861 1296 945; x_wconf 89' lang='lat' dir='ltr'>quicquam</span> <span class='ocrx_word' id='word_1_30' title='bbox 1342 861 1471 924; x_wconf 90' lang='lat' dir='ltr'>iam</span> <span class='ocrx_word' id='word_1_31' title='bbox 1517 861 1653 925; x_wconf 90' lang='lat' dir='ltr'>eius</span> <span class='ocrx_word' id='word_1_32' title='bbox 1697 861 1871 925; x_wconf 92' lang='lat' dir='ltr'>modi</span> <span class='ocrx_word' id='word_1_33' title='bbox 1915 862 2124 962; x_wconf 83' lang='lat' dir='ltr'>possit</span> <span class='ocrx_word' id='word_1_34' title='bbox 2160 882 2326 925; x_wconf 90' lang='lat' dir='ltr'>com-</span> 
     </span>
     <span class='ocr_line' id='line_1_7' title="bbox 313 947 2328 1035; baseline -0.001 -21"><span class='ocrx_word' id='word_1_35' title='bbox 313 970 584 1014; x_wconf 84' lang='lat' dir='ltr'>movere.</span> <span class='ocrx_word' id='word_1_36' title='bbox 675 947 774 1012; x_wconf 91' lang='lat' dir='ltr'>De</span> <span class='ocrx_word' id='word_1_37' title='bbox 818 948 1118 1013; x_wconf 88' lang='lat' dir='ltr'>Terentia</span> <span class='ocrx_word' id='word_1_38' title='bbox 1163 953 1379 1014; x_wconf 92' lang='lat' dir='ltr'>autem</span> <span class='ocrx_word' id='word_1_39' title='bbox 1426 949 1652 1031; x_wconf 81' lang='lat' dir='ltr'>scripsi</span> <span class='ocrx_word' id='word_1_40' title='bbox 1699 949 1778 1013; x_wconf 94' lang='lat' dir='ltr'>ad</span> <span class='ocrx_word' id='word_1_41' title='bbox 1822 952 1888 1014; x_wconf 89' lang='lat' dir='ltr'>te</span> <span class='ocrx_word' id='word_1_42' title='bbox 1934 950 2025 1014; x_wconf 90' lang='lat' dir='ltr'>eis</span> <span class='ocrx_word' id='word_1_43' title='bbox 2069 948 2328 1035; x_wconf 89' lang='lat' dir='ltr'>litteris,</span> 
     </span>
     <span class='ocr_line' id='line_1_8' title="bbox 315 1036 2327 1121; baseline -0 -19"><span class='ocrx_word' id='word_1_44' title='bbox 315 1058 475 1121; x_wconf 90' lang='lat' dir='ltr'>quas</span> <span class='ocrx_word' id='word_1_45' title='bbox 528 1036 820 1102; x_wconf 82' lang='lat' dir='ltr'><strong>dederam</strong></span> <span class='ocrx_word' id='word_1_46' title='bbox 876 1037 1095 1120; x_wconf 84' lang='lat' dir='ltr'>pridie.</span> <span class='ocrx_word' id='word_1_47' title='bbox 1188 1037 1374 1114; x_wconf 85' lang='lat' dir='ltr'>Quod</span> <span class='ocrx_word' id='word_1_48' title='bbox 1425 1059 1526 1101; x_wconf 92' lang='lat' dir='ltr'>me</span> <span class='ocrx_word' id='word_1_49' title='bbox 1584 1036 1867 1101; x_wconf 88' lang='lat' dir='ltr'>hortaris</span> <span class='ocrx_word' id='word_1_50' title='bbox 1913 1037 2104 1121; x_wconf 64' lang='lat' dir='ltr'>idque</span> <span class='ocrx_word' id='word_1_51' title='bbox 2151 1059 2187 1100; x_wconf 92' lang='lat' dir='ltr'>a</span> <span class='ocrx_word' id='word_1_52' title='bbox 2232 1058 2327 1102; x_wconf 84' lang='grc'>66-</span> 
     </span>
     <span class='ocr_line' id='line_1_9' title="bbox 313 1124 2327 1212; baseline -0 -23"><span class='ocrx_word' id='word_1_53' title='bbox 313 1126 471 1190; x_wconf 89' lang='lat' dir='ltr'>teris</span> <span class='ocrx_word' id='word_1_54' title='bbox 518 1124 860 1191; x_wconf 89' lang='lat' dir='ltr'>desiderari</span> <span class='ocrx_word' id='word_1_55' title='bbox 898 1125 1148 1212; x_wconf 90' lang='lat' dir='ltr'>scribis,</span> <span class='ocrx_word' id='word_1_56' title='bbox 1191 1130 1267 1190; x_wconf 92' lang='lat' dir='ltr'>ut</span> <span class='ocrx_word' id='word_1_57' title='bbox 1303 1125 1700 1190; x_wconf 78' lang='lat' dir='ltr'>dissimulem</span> <span class='ocrx_word' id='word_1_58' title='bbox 1737 1146 1839 1189; x_wconf 92' lang='lat' dir='ltr'>me</span> <span class='ocrx_word' id='word_1_59' title='bbox 1873 1129 2008 1189; x_wconf 91' lang='lat' dir='ltr'>tam</span> <span class='ocrx_word' id='word_1_60' title='bbox 2044 1124 2327 1210; x_wconf 84' lang='lat' dir='ltr'>graviter</span> 
     </span>
     <span class='ocr_line' id='line_1_10' title="bbox 315 1213 2327 1301; baseline 0 -24"><span class='ocrx_word' id='word_1_61' title='bbox 315 1213 555 1297; x_wconf 88' lang='lat' dir='ltr'>dolere,</span> <span class='ocrx_word' id='word_1_62' title='bbox 609 1235 953 1297; x_wconf 90' lang='lat' dir='ltr'>possumne</span> <span class='ocrx_word' id='word_1_63' title='bbox 1004 1214 1242 1301; x_wconf 88' lang='lat' dir='ltr'>magis,</span> <span class='ocrx_word' id='word_1_64' title='bbox 1295 1235 1489 1298; x_wconf 90' lang='lat' dir='ltr'>quam</span> <span class='ocrx_word' id='word_1_65' title='bbox 1548 1214 1718 1299; x_wconf 89' lang='lat' dir='ltr'>quod</span> <span class='ocrx_word' id='word_1_66' title='bbox 1772 1216 1947 1278; x_wconf 90' lang='lat' dir='ltr'>totos</span> <span class='ocrx_word' id='word_1_67' title='bbox 2003 1213 2136 1277; x_wconf 92' lang='lat' dir='ltr'>dies</span> <span class='ocrx_word' id='word_1_68' title='bbox 2183 1234 2327 1278; x_wconf 85' lang='lat' dir='ltr'>eon-</span> 
     </span>
     <span class='ocr_line' id='line_1_11' title="bbox 235 1301 2328 1387; baseline -0.001 -20"><span class='ocrx_word' id='word_1_69' title='bbox 235 1327 287 1367; x_wconf 87' lang='grc' dir='ltr'>1ο</span> <span class='ocrx_word' id='word_1_70' title='bbox 316 1323 498 1367; x_wconf 93' lang='lat' dir='ltr'>sumo</span> <span class='ocrx_word' id='word_1_71' title='bbox 554 1302 624 1366; x_wconf 93' lang='lat' dir='ltr'>in</span> <span class='ocrx_word' id='word_1_72' title='bbox 666 1301 950 1366; x_wconf 75' lang='lat' dir='ltr'>litteris?</span> <span class='ocrx_word' id='word_1_73' title='bbox 1024 1301 1207 1378; x_wconf 84' lang='lat' dir='ltr'>Quod</span> <span class='ocrx_word' id='word_1_74' title='bbox 1253 1302 1377 1367; x_wconf 91' lang='lat' dir='ltr'>etsi</span> <span class='ocrx_word' id='word_1_75' title='bbox 1421 1324 1555 1367; x_wconf 93' lang='lat' dir='ltr'>non</span> <span class='ocrx_word' id='word_1_76' title='bbox 1599 1301 2161 1387; x_wconf 75' lang='lat' dir='ltr'>dissimulationis,</span> <span class='ocrx_word' id='word_1_77' title='bbox 2217 1303 2328 1366; x_wconf 93' lang='lat' dir='ltr'>sed</span> 
     </span>
     <span class='ocr_line' id='line_1_12' title="bbox 313 1389 2330 1476; baseline 0 -21"><span class='ocrx_word' id='word_1_78' title='bbox 313 1390 532 1475; x_wconf 88' lang='lat' dir='ltr'>potius</span> <span class='ocrx_word' id='word_1_79' title='bbox 585 1390 865 1455; x_wconf 90' lang='lat' dir='ltr'>leniendi</span> <span class='ocrx_word' id='word_1_80' title='bbox 921 1394 986 1455; x_wconf 93' lang='lat' dir='ltr'>et</span> <span class='ocrx_word' id='word_1_81' title='bbox 1041 1391 1306 1454; x_wconf 89' lang='lat' dir='ltr'>sanandi</span> <span class='ocrx_word' id='word_1_82' title='bbox 1362 1391 1559 1455; x_wconf 90' lang='lat' dir='ltr'>animi</span> <span class='ocrx_word' id='word_1_83' title='bbox 1612 1412 1804 1456; x_wconf 87' lang='lat' dir='ltr'>causa</span> <span class='ocrx_word' id='word_1_84' title='bbox 1846 1389 2040 1475; x_wconf 88' lang='lat' dir='ltr'>faci0,</span> <span class='ocrx_word' id='word_1_85' title='bbox 2092 1393 2330 1476; x_wconf 90' lang='lat' dir='ltr'>tamen,</span> 
     </span>
     <span class='ocr_line' id='line_1_13' title="bbox 316 1477 2256 1563; baseline -0.001 -20"><span class='ocrx_word' id='word_1_86' title='bbox 316 1479 372 1543; x_wconf 92' lang='lat' dir='ltr'>si</span> <span class='ocrx_word' id='word_1_87' title='bbox 416 1478 578 1543; x_wconf 90' lang='lat' dir='ltr'>mihi</span> <span class='ocrx_word' id='word_1_88' title='bbox 621 1477 836 1542; x_wconf 88' lang='lat' dir='ltr'>minus</span> <span class='ocrx_word' id='word_1_89' title='bbox 881 1479 1166 1563; x_wconf 91' lang='lat' dir='ltr'>proficio,</span> <span class='ocrx_word' id='word_1_90' title='bbox 1213 1479 1610 1543; x_wconf 89' lang='lat' dir='ltr'>simulationi</span> <span class='ocrx_word' id='word_1_91' title='bbox 1656 1482 1827 1544; x_wconf 86' lang='lat' dir='ltr'>certe</span> <span class='ocrx_word' id='word_1_92' title='bbox 1870 1478 2034 1543; x_wconf 90' lang='lat' dir='ltr'>facio</span> <span class='ocrx_word' id='word_1_93' title='bbox 2082 1478 2256 1543; x_wconf 90' lang='lat' dir='ltr'>satis.</span> 
     </span>
     <span class='ocr_line' id='line_1_14' title="bbox 446 1565 2398 1652; baseline -0.001 -21"><span class='ocrx_word' id='word_1_94' title='bbox 446 1565 663 1631; x_wconf 87' lang='lat' dir='ltr'>Minus</span> <span class='ocrx_word' id='word_1_95' title='bbox 708 1566 914 1630; x_wconf 92' lang='lat' dir='ltr'>multa</span> <span class='ocrx_word' id='word_1_96' title='bbox 961 1567 1041 1631; x_wconf 88' lang='lat' dir='ltr'>ad</span> <span class='ocrx_word' id='word_1_97' title='bbox 1085 1570 1152 1631; x_wconf 91' lang='lat' dir='ltr'>te</span> <span class='ocrx_word' id='word_1_98' title='bbox 1198 1567 1444 1652; x_wconf 83' lang='lat' dir='ltr'>scripsi,</span> <span class='ocrx_word' id='word_1_99' title='bbox 1491 1567 1663 1650; x_wconf 93' lang='lat' dir='ltr'>quod</span> <span class='ocrx_word' id='word_1_100' title='bbox 1699 1566 2146 1651; x_wconf 75' lang='lat' dir='ltr'>exspectabam</span> <span class='ocrx_word' id='word_1_101' title='bbox 2181 1570 2329 1631; x_wconf 89' lang='lat' dir='ltr'>tuas</span> <span class='ocrx_word' id='word_1_102' title='bbox 2367 1582 2398 1629; x_wconf 80' lang='lat'>2</span> 
     </span>
     <span class='ocr_line' id='line_1_15' title="bbox 315 1653 2330 1739; baseline 0 -21"><span class='ocrx_word' id='word_1_103' title='bbox 315 1655 567 1718; x_wconf 88' lang='lat' dir='ltr'>litteras</span> <span class='ocrx_word' id='word_1_104' title='bbox 632 1653 711 1718; x_wconf 93' lang='lat' dir='ltr'>ad</span> <span class='ocrx_word' id='word_1_105' title='bbox 774 1674 906 1738; x_wconf 89' lang='lat' dir='ltr'>eas,</span> <span class='ocrx_word' id='word_1_106' title='bbox 975 1674 1132 1737; x_wconf 90' lang='lat' dir='ltr'>quas</span> <span class='ocrx_word' id='word_1_107' title='bbox 1189 1654 1396 1738; x_wconf 85' lang='lat' dir='ltr'>pridie</span> <span class='ocrx_word' id='word_1_108' title='bbox 1449 1655 1760 1720; x_wconf 89' lang='lat' dir='ltr'>dederam.</span> <span class='ocrx_word' id='word_1_109' title='bbox 1859 1653 2330 1739; x_wconf 75' lang='lat' dir='ltr'>Exspectabam</span> 
     </span>
     <span class='ocr_line' id='line_1_16' title="bbox 235 1741 2328 1828; baseline -0 -21"><span class='ocrx_word' id='word_1_110' title='bbox 235 1766 288 1808; x_wconf 72' lang='grc' dir='ltr'>ιε</span> <span class='ocrx_word' id='word_1_111' title='bbox 317 1746 532 1806; x_wconf 91' lang='lat' dir='ltr'>autem</span> <span class='ocrx_word' id='word_1_112' title='bbox 583 1742 859 1805; x_wconf 85' lang='lat' dir='ltr'>maxime</span> <span class='ocrx_word' id='word_1_113' title='bbox 912 1741 989 1805; x_wconf 92' lang='lat' dir='ltr'>de</span> <span class='ocrx_word' id='word_1_114' title='bbox 1032 1742 1216 1828; x_wconf 88' lang='lat' dir='ltr'>fano,</span> <span class='ocrx_word' id='word_1_115' title='bbox 1266 1763 1401 1807; x_wconf 93' lang='lat' dir='ltr'>non</span> <span class='ocrx_word' id='word_1_116' title='bbox 1443 1742 1608 1806; x_wconf 88' lang='lat' dir='ltr'>nihil</span> <span class='ocrx_word' id='word_1_117' title='bbox 1653 1743 1847 1807; x_wconf 90' lang='lat' dir='ltr'>etiam</span> <span class='ocrx_word' id='word_1_118' title='bbox 1892 1742 1968 1806; x_wconf 92' lang='lat' dir='ltr'>de</span> <span class='ocrx_word' id='word_1_119' title='bbox 2013 1742 2328 1806; x_wconf 86' lang='lat' dir='ltr'>Terentia.</span> 
     </span>
     <span class='ocr_line' id='line_1_17' title="bbox 315 1828 2330 1913; baseline -0 -18"><span class='ocrx_word' id='word_1_120' title='bbox 315 1829 528 1895; x_wconf 87' lang='lat' dir='ltr'>Velim</span> <span class='ocrx_word' id='word_1_121' title='bbox 589 1850 693 1895; x_wconf 90' lang='lat' dir='ltr'>me</span> <span class='ocrx_word' id='word_1_122' title='bbox 735 1829 932 1894; x_wconf 89' lang='lat' dir='ltr'>facias</span> <span class='ocrx_word' id='word_1_123' title='bbox 978 1830 1316 1896; x_wconf 72' lang='lat' dir='ltr'>certiorem</span> <span class='ocrx_word' id='word_1_124' title='bbox 1361 1830 1672 1913; x_wconf 87' lang='lat' dir='ltr'>proximis</span> <span class='ocrx_word' id='word_1_125' title='bbox 1716 1830 1982 1913; x_wconf 90' lang='lat' dir='ltr'>litteris,</span> <span class='ocrx_word' id='word_1_126' title='bbox 2028 1828 2139 1894; x_wconf 90' lang='lat' dir='ltr'>Cn.</span> <span class='ocrx_word' id='word_1_127' title='bbox 2182 1828 2330 1894; x_wconf 91' lang='lat' dir='ltr'>Cae-</span> 
     </span>
     <span class='ocr_line' id='line_1_18' title="bbox 316 1915 2329 2021; baseline -0 -38"><span class='ocrx_word' id='word_1_128' title='bbox 316 1918 446 2005; x_wconf 92' lang='lat' dir='ltr'>pio,</span> <span class='ocrx_word' id='word_1_129' title='bbox 490 1915 796 1984; x_wconf 83' lang='lat' dir='ltr'>Serviliae</span> <span class='ocrx_word' id='word_1_130' title='bbox 841 1915 1068 1984; x_wconf 80' lang='lat' dir='ltr'>Claudi</span> <span class='ocrx_word' id='word_1_131' title='bbox 1108 1923 1311 2004; x_wconf 84' lang='lat' dir='ltr'>pater,</span> <span class='ocrx_word' id='word_1_132' title='bbox 1355 1918 1585 1984; x_wconf 76' lang='lat' dir='ltr'>vivone</span> <span class='ocrx_word' id='word_1_133' title='bbox 1606 1922 1803 2021; x_wconf 36' lang='lat' dir='ltr'>‘patre</span> <span class='ocrx_word' id='word_1_134' title='bbox 1841 1939 1957 1983; x_wconf 92' lang='lat' dir='ltr'>suo</span> <span class='ocrx_word' id='word_1_135' title='bbox 1993 1918 2329 2003; x_wconf 89' lang='lat' dir='ltr'>naufragio</span> 
     </span>
     <span class='ocr_line' id='line_1_19' title="bbox 316 2004 2329 2092; baseline -0.001 -19"><span class='ocrx_word' id='word_1_136' title='bbox 316 2007 580 2092; x_wconf 89' lang='lat' dir='ltr'>perierit</span> <span class='ocrx_word' id='word_1_137' title='bbox 625 2028 709 2071; x_wconf 92' lang='lat' dir='ltr'>an</span> <span class='ocrx_word' id='word_1_138' title='bbox 750 2011 1028 2092; x_wconf 89' lang='lat' dir='ltr'>mortu0,</span> <span class='ocrx_word' id='word_1_139' title='bbox 1075 2008 1231 2072; x_wconf 90' lang='lat' dir='ltr'>item</span> <span class='ocrx_word' id='word_1_140' title='bbox 1265 2007 1516 2072; x_wconf 86' lang='lat' dir='ltr'>Rutilia</span> <span class='ocrx_word' id='word_1_141' title='bbox 1558 2006 1789 2072; x_wconf 83' lang='lat' dir='ltr'>vivone</span> <span class='ocrx_word' id='word_1_142' title='bbox 1831 2005 1897 2072; x_wconf 89' lang='lat' dir='ltr'>C.</span> <span class='ocrx_word' id='word_1_143' title='bbox 1937 2004 2148 2090; x_wconf 89' lang='lat' dir='ltr'>Cotta,</span> <span class='ocrx_word' id='word_1_144' title='bbox 2192 2007 2329 2070; x_wconf 89' lang='lat' dir='ltr'>filio</span> 
     </span>
     <span class='ocr_line' id='line_1_20' title="bbox 319 2095 2333 2180; baseline -0.001 -20"><span class='ocrx_word' id='word_1_145' title='bbox 319 2117 456 2180; x_wconf 90' lang='lat' dir='ltr'>su0,</span> <span class='ocrx_word' id='word_1_146' title='bbox 499 2100 757 2160; x_wconf 87' lang='lat' dir='ltr'>mortua</span> <span class='ocrx_word' id='word_1_147' title='bbox 802 2095 890 2159; x_wconf 85' lang='lat' dir='ltr'>sit</span> <span class='ocrx_word' id='word_1_148' title='bbox 934 2117 1017 2160; x_wconf 92' lang='lat' dir='ltr'>an</span> <span class='ocrx_word' id='word_1_149' title='bbox 1061 2100 1336 2161; x_wconf 89' lang='lat' dir='ltr'>mortuo.</span> <span class='ocrx_word' id='word_1_150' title='bbox 1408 2095 1739 2160; x_wconf 86' lang='lat' dir='ltr'>Pertinent</span> <span class='ocrx_word' id='word_1_151' title='bbox 1776 2095 1855 2159; x_wconf 91' lang='lat' dir='ltr'>ad</span> <span class='ocrx_word' id='word_1_152' title='bbox 1892 2116 2037 2159; x_wconf 91' lang='lat' dir='ltr'>eum</span> <span class='ocrx_word' id='word_1_153' title='bbox 2072 2095 2333 2180; x_wconf 90' lang='lat' dir='ltr'>librum,</span> 
     </span>
     <span class='ocr_line' id='line_1_21' title="bbox 238 2183 1692 2269; baseline -0.001 -20"><span class='ocrx_word' id='word_1_154' title='bbox 238 2209 292 2249; x_wconf 73' lang='lat' dir='ltr'>zo</span> <span class='ocrx_word' id='word_1_155' title='bbox 321 2205 513 2268; x_wconf 90' lang='lat' dir='ltr'>quem</span> <span class='ocrx_word' id='word_1_156' title='bbox 561 2183 640 2248; x_wconf 89' lang='lat' dir='ltr'>de</span> <span class='ocrx_word' id='word_1_157' title='bbox 682 2183 864 2247; x_wconf 89' lang='lat' dir='ltr'>luctu</span> <span class='ocrx_word' id='word_1_158' title='bbox 908 2184 1253 2249; x_wconf 90' lang='lat' dir='ltr'>minuendo</span> <span class='ocrx_word' id='word_1_159' title='bbox 1302 2185 1692 2269; x_wconf 88' lang='lat' dir='ltr'>scripsimus.</span> 
     </span>
    </p>
   </div>
   <div class='ocr_carea' id='block_1_5' title="bbox 699 2359 1948 2550">
    <p class='ocr_par' dir='ltr' id='par_1_5' title="bbox 699 2359 1948 2550">
     <span class='ocr_line' id='line_1_22' title="bbox 1237 2359 1409 2426; baseline -0.012 0"><span class='ocrx_word' id='word_1_160' title='bbox 1237 2359 1409 2426; x_wconf 91' lang='lat' dir='ltr'>XXI.</span> 
     </span>
     <span class='ocr_line' id='line_1_23' title="bbox 699 2481 1948 2550; baseline -0.001 -13"><span class='ocrx_word' id='word_1_161' title='bbox 699 2481 814 2537; x_wconf 81' lang='lat' dir='ltr'>Ser.</span> <span class='ocrx_word' id='word_1_162' title='bbox 841 2482 1081 2536; x_wconf 79' lang='lat' dir='ltr'>Asturae</span> <span class='ocrx_word' id='word_1_163' title='bbox 1117 2481 1277 2537; x_wconf 88' lang='lat' dir='ltr'>XVI</span> <span class='ocrx_word' id='word_1_164' title='bbox 1299 2481 1382 2535; x_wconf 77' lang='lat' dir='ltr'>K.</span> <span class='ocrx_word' id='word_1_165' title='bbox 1411 2481 1548 2549; x_wconf 76' lang='lat' dir='ltr'>Apr.</span> <span class='ocrx_word' id='word_1_166' title='bbox 1581 2500 1631 2536; x_wconf 87' lang='lat' dir='ltr'>a.</span> <span class='ocrx_word' id='word_1_167' title='bbox 1664 2485 1773 2536; x_wconf 79' lang='lat'><em>&#39;709</em></span> <span class='ocrx_word' id='word_1_168' title='bbox 1813 2485 1948 2550; x_wconf 81' lang='lat'><em>(45).</em></span> 
     </span>
    </p>
   </div>
   <div class='ocr_carea' id='block_1_6' title="bbox 922 2603 1736 2661">
    <p class='ocr_par' dir='ltr' id='par_1_6' title="bbox 922 2603 1736 2661">
     <span class='ocr_line' id='line_1_24' title="bbox 922 2603 1736 2661; baseline -0.001 -1"><span class='ocrx_word' id='word_1_169' title='bbox 922 2604 1211 2661; x_wconf 84' lang='lat' dir='ltr'><strong><em>CICERO</em></strong></span> <span class='ocrx_word' id='word_1_170' title='bbox 1246 2603 1537 2660; x_wconf 82' lang='lat' dir='ltr'><strong><em>ATTICO</em></strong></span> <span class='ocrx_word' id='word_1_171' title='bbox 1573 2604 1736 2660; x_wconf 85' lang='lat' dir='ltr'>SAL.</span> 
     </span>
    </p>
   </div>
   <div class='ocr_carea' id='block_1_7' title="bbox 242 2712 2400 3418">
    <p class='ocr_par' dir='ltr' id='par_1_7' title="bbox 242 2712 2400 3417">
     <span class='ocr_line' id='line_1_25' title="bbox 451 2712 2400 2800; baseline -0.002 -21"><span class='ocrx_word' id='word_1_172' title='bbox 451 2713 610 2800; x_wconf 83' lang='lat' dir='ltr'>Legi</span> <span class='ocrx_word' id='word_1_173' title='bbox 654 2713 845 2778; x_wconf 89' lang='lat' dir='ltr'>Bruti</span> <span class='ocrx_word' id='word_1_174' title='bbox 890 2713 1254 2798; x_wconf 78' lang='lat' dir='ltr'>epistulam,</span> <span class='ocrx_word' id='word_1_175' title='bbox 1281 2734 1545 2797; x_wconf 90' lang='lat' dir='ltr'>eamque</span> <span class='ocrx_word' id='word_1_176' title='bbox 1587 2712 1713 2777; x_wconf 90' lang='lat' dir='ltr'>tibi</span> <span class='ocrx_word' id='word_1_177' title='bbox 1758 2713 1977 2778; x_wconf 93' lang='lat' dir='ltr'>remisi</span> <span class='ocrx_word' id='word_1_178' title='bbox 2016 2733 2167 2777; x_wconf 90' lang='lat' dir='ltr'>sane</span> <span class='ocrx_word' id='word_1_179' title='bbox 2200 2735 2335 2778; x_wconf 92' lang='lat' dir='ltr'>non</span> <span class='ocrx_word' id='word_1_180' title='bbox 2374 2730 2400 2776; x_wconf 91' lang='lat'><strong>1</strong></span> 
     </span>
     <span class='ocr_line' id='line_1_26' title="bbox 242 2801 2336 2888; baseline -0.001 -19"><span class='ocrx_word' id='word_1_181' title='bbox 242 2829 292 2869; x_wconf 77' lang='lat'>25</span> <span class='ocrx_word' id='word_1_182' title='bbox 320 2804 665 2888; x_wconf 88' lang='lat' dir='ltr'>prudenter</span> <span class='ocrx_word' id='word_1_183' title='bbox 701 2803 1077 2886; x_wconf 86' lang='lat' dir='ltr'>rescriptam</span> <span class='ocrx_word' id='word_1_184' title='bbox 1115 2803 1194 2867; x_wconf 93' lang='lat' dir='ltr'>ad</span> <span class='ocrx_word' id='word_1_185' title='bbox 1232 2823 1343 2885; x_wconf 67' lang='lat' dir='ltr'>ea,r</span> <span class='ocrx_word' id='word_1_186' title='bbox 1364 2823 1526 2885; x_wconf 89' lang='lat' dir='ltr'>quae</span> <span class='ocrx_word' id='word_1_187' title='bbox 1562 2801 1960 2885; x_wconf 89' lang='lat' dir='ltr'>requisieras.</span> <span class='ocrx_word' id='word_1_188' title='bbox 2036 2801 2214 2868; x_wconf 85' lang='lat' dir='ltr'>Sed</span> <span class='ocrx_word' id='word_1_189' title='bbox 2196 2823 2336 2886; x_wconf 78' lang='lat' dir='ltr'>lpse</span> 
     </span>
     <span class='ocr_line' id='line_1_27' title="bbox 320 2887 2336 2974; baseline -0 -19"><span class='ocrx_word' id='word_1_190' title='bbox 320 2891 569 2956; x_wconf 79' lang='lat' dir='ltr'>viderit.</span> <span class='ocrx_word' id='word_1_191' title='bbox 660 2889 1056 2974; x_wconf 84' lang='lat' dir='ltr'>Quamquam</span> <span class='ocrx_word' id='word_1_192' title='bbox 1118 2891 1281 2955; x_wconf 86' lang='lat' dir='ltr'>illud</span> <span class='ocrx_word' id='word_1_193' title='bbox 1335 2890 1612 2973; x_wconf 88' lang='lat' dir='ltr'>turpiter</span> <span class='ocrx_word' id='word_1_194' title='bbox 1657 2890 1930 2974; x_wconf 85' lang='lat' dir='ltr'>ignorat.</span> <span class='ocrx_word' id='word_1_195' title='bbox 2024 2887 2336 2956; x_wconf 88' lang='lat' dir='ltr'>Catonem</span> 
     </span>
     <span class='ocr_line' id='line_1_28' title="bbox 320 2978 2335 3065; baseline -0 -21"><span class='ocrx_word' id='word_1_196' title='bbox 320 2979 603 3065; x_wconf 88' lang='lat' dir='ltr'>primum</span> <span class='ocrx_word' id='word_1_197' title='bbox 657 2979 1043 3043; x_wconf 89' lang='lat' dir='ltr'>sententiam</span> <span class='ocrx_word' id='word_1_198' title='bbox 1097 2982 1286 3063; x_wconf 86' lang='lat' dir='ltr'>putat</span> <span class='ocrx_word' id='word_1_199' title='bbox 1341 2978 1418 3043; x_wconf 92' lang='lat' dir='ltr'>de</span> <span class='ocrx_word' id='word_1_200' title='bbox 1477 2978 2024 3043; x_wconf 83' lang='lat' dir='ltr'>animadversione</span> <span class='ocrx_word' id='word_1_201' title='bbox 2081 2978 2335 3062; x_wconf 90' lang='lat' dir='ltr'>dixisse,</span> 
     </span>
     <span class='ocr_line' id='line_1_29' title="bbox 324 3064 2337 3153; baseline 0 -21"><span class='ocrx_word' id='word_1_202' title='bbox 324 3090 517 3153; x_wconf 88' lang='lat' dir='ltr'>quam</span> <span class='ocrx_word' id='word_1_203' title='bbox 562 3087 780 3132; x_wconf 84' lang='lat' dir='ltr'>omnes</span> <span class='ocrx_word' id='word_1_204' title='bbox 828 3071 976 3131; x_wconf 92' lang='lat' dir='ltr'>ante</span> <span class='ocrx_word' id='word_1_205' title='bbox 1022 3067 1317 3131; x_wconf 87' lang='lat' dir='ltr'>dixerant</span> <span class='ocrx_word' id='word_1_206' title='bbox 1362 3070 1616 3151; x_wconf 89' lang='lat' dir='ltr'>praeter</span> <span class='ocrx_word' id='word_1_207' title='bbox 1665 3064 2016 3152; x_wconf 88' lang='lat' dir='ltr'>Caesarem,</span> <span class='ocrx_word' id='word_1_208' title='bbox 2062 3071 2156 3152; x_wconf 73' lang='lat' dir='ltr'>et,</span> <span class='ocrx_word' id='word_1_209' title='bbox 2190 3089 2337 3132; x_wconf 92' lang='lat' dir='ltr'>cum</span> 
     </span>
     <span class='ocr_line' id='line_1_30' title="bbox 322 3152 2335 3241; baseline -0.001 -20"><span class='ocrx_word' id='word_1_210' title='bbox 322 3158 527 3241; x_wconf 90' lang='lat' dir='ltr'>ipsius</span> <span class='ocrx_word' id='word_1_211' title='bbox 582 3152 875 3221; x_wconf 81' lang='lat' dir='ltr'>Caesaris</span> <span class='ocrx_word' id='word_1_212' title='bbox 927 3159 1063 3220; x_wconf 87' lang='lat' dir='ltr'>tam</span> <span class='ocrx_word' id='word_1_213' title='bbox 1118 3176 1337 3220; x_wconf 83' lang='lat' dir='ltr'>severa</span> <span class='ocrx_word' id='word_1_214' title='bbox 1389 3154 1611 3239; x_wconf 82' lang='lat' dir='ltr'>fuerit,</span> <span class='ocrx_word' id='word_1_215' title='bbox 1668 3155 1781 3238; x_wconf 91' lang='lat' dir='ltr'>qui</span> <span class='ocrx_word' id='word_1_216' title='bbox 1823 3159 1965 3220; x_wconf 90' lang='lat' dir='ltr'>tum</span> <span class='ocrx_word' id='word_1_217' title='bbox 2010 3156 2335 3239; x_wconf 88' lang='lat' dir='ltr'>praetorio</span> 
     </span>
     <span class='ocr_line' id='line_1_31' title="bbox 242 3240 2337 3329; baseline -0.002 -18"><span class='ocrx_word' id='word_1_218' title='bbox 242 3271 295 3312; x_wconf 66' lang='grc' dir='ltr'>(ιο</span> <span class='ocrx_word' id='word_1_219' title='bbox 322 3246 465 3310; x_wconf 90' lang='lat' dir='ltr'>loco</span> <span class='ocrx_word' id='word_1_220' title='bbox 511 3244 762 3329; x_wconf 84' lang='lat' dir='ltr'>dixerit,</span> <span class='ocrx_word' id='word_1_221' title='bbox 808 3243 1241 3308; x_wconf 88' lang='lat' dir='ltr'>consularium</span> <span class='ocrx_word' id='word_1_222' title='bbox 1283 3246 1474 3328; x_wconf 89' lang='lat' dir='ltr'>putat</span> <span class='ocrx_word' id='word_1_223' title='bbox 1519 3243 1793 3307; x_wconf 89' lang='lat' dir='ltr'>leniores</span> <span class='ocrx_word' id='word_1_224' title='bbox 1840 3243 2058 3327; x_wconf 87' lang='lat' dir='ltr'>fuisse,</span> <span class='ocrx_word' id='word_1_225' title='bbox 2103 3240 2337 3326; x_wconf 91' lang='lat' dir='ltr'>Catuli,</span> 
     </span>
     <span class='ocr_line' id='line_1_32' title="bbox 325 3295 2339 3418; baseline -0.002 -19"><span class='ocrx_word' id='word_1_226' title='bbox 325 3331 581 3418; x_wconf 86' lang='lat' dir='ltr'>Servili,</span> <span class='ocrx_word' id='word_1_227' title='bbox 636 3331 1067 3417; x_wconf 80' lang='lat' dir='ltr'>Lucullorum,</span> <span class='ocrx_word' id='word_1_228' title='bbox 1123 3330 1440 3414; x_wconf 90' lang='lat' dir='ltr'>Curionis,</span> <span class='ocrx_word' id='word_1_229' title='bbox 1485 3329 1818 3417; x_wconf 82' lang='lat' dir='ltr'>Torquati,</span> <span class='ocrx_word' id='word_1_230' title='bbox 1861 3295 2106 3417; x_wconf 91' lang='lat' dir='ltr'>Lepidi,</span> <span class='ocrx_word' id='word_1_231' title='bbox 2152 3329 2339 3417; x_wconf 81' lang='lat' dir='ltr'>Gelli,</span> 
     </span>
    </p>
   </div>
   <div class='ocr_carea' id='block_1_8' title="bbox 323 3383 2339 3595">
    <p class='ocr_par' dir='ltr' id='par_1_8' title="bbox 323 3383 2339 3593">
     <span class='ocr_line' id='line_1_33' title="bbox 323 3383 2339 3507; baseline -0.003 -20"><span class='ocrx_word' id='word_1_232' title='bbox 323 3384 603 3506; x_wconf 86' lang='lat' dir='ltr'>Volcaci,</span> <span class='ocrx_word' id='word_1_233' title='bbox 638 3419 873 3507; x_wconf 84' lang='lat' dir='ltr'>Figuli,</span> <span class='ocrx_word' id='word_1_234' title='bbox 912 3419 1158 3506; x_wconf 89' lang='lat' dir='ltr'>Cottae,</span> <span class='ocrx_word' id='word_1_235' title='bbox 1201 3419 1271 3485; x_wconf 89' lang='lat' dir='ltr'>L.</span> <span class='ocrx_word' id='word_1_236' title='bbox 1301 3418 1609 3503; x_wconf 85' lang='lat' dir='ltr'>Caesaris,</span> <span class='ocrx_word' id='word_1_237' title='bbox 1647 3418 1714 3483; x_wconf 91' lang='lat' dir='ltr'>C</span> <span class='ocrx_word' id='word_1_238' title='bbox 1742 3383 2014 3504; x_wconf 88' lang='lat' dir='ltr'>Pisonis,</span> <span class='ocrx_word' id='word_1_239' title='bbox 2050 3384 2154 3484; x_wconf 89' lang='grc' dir='ltr'>Μ’.</span> <span class='ocrx_word' id='word_1_240' title='bbox 2185 3383 2339 3482; x_wconf 86' lang='lat' dir='ltr'>Gla-</span> 
     </span>
     <span class='ocr_line' id='line_1_34' title="bbox 323 3472 2336 3595; baseline -0.002 -21"><span class='ocrx_word' id='word_1_241' title='bbox 323 3510 603 3595; x_wconf 89' lang='lat' dir='ltr'>brionis,</span> <span class='ocrx_word' id='word_1_242' title='bbox 659 3511 854 3574; x_wconf 89' lang='lat' dir='ltr'>etiam</span> <span class='ocrx_word' id='word_1_243' title='bbox 911 3472 1158 3593; x_wconf 85' lang='lat' dir='ltr'>Silani,</span> <span class='ocrx_word' id='word_1_244' title='bbox 1195 3509 1532 3594; x_wconf 89' lang='lat' dir='ltr'>Murenae,</span> <span class='ocrx_word' id='word_1_245' title='bbox 1577 3507 2059 3592; x_wconf 90' lang='lat' dir='ltr'>designatorum</span> <span class='ocrx_word' id='word_1_246' title='bbox 2114 3527 2336 3571; x_wconf 89' lang='lat' dir='ltr'>consu-</span> 
     </span>
    </p>
   </div>
  </div>
 </body>
</html>
