2642 3923
607 219 1120 275 EPISTULARUM
1155 220 1255 274 AD
1292 219 1620 275 ATTICUM
1657 221 1735 274 111
1773 225 1997 274 10—12.
2222 218 2307 283 83

290 363 512 447 pedior
560 368 649 447 et,
705 363 878 448 quod
923 366 1284 446 exspectem
1330 363 1550 449 istinc,
1593 363 1799 447 magis
1845 362 2072 446 habeo,
2117 383 2309 446 quam

291 452 464 535 quod
516 453 655 535 ipse
710 451 1001 517 scribam.
1104 450 1276 528 Quae
1333 452 1388 515 si
1444 455 1632 515 erunt
1686 451 1909 533 allata,
1960 451 2187 515 faciam
2243 454 2307 514 te

290 539 544 605 consilii
588 541 799 604 nostri
843 540 1194 604 certiorem.
1286 539 1412 625 Tu,
1457 543 1532 604 ut
1577 539 1782 604 adhuc
1824 539 2060 624 fecisti,
2117 561 2308 623 quam

290 628 589 712 plurimis
627 629 703 692 de
742 628 935 693 rebus
981 628 1061 692 ad
1104 650 1206 692 me
1251 628 1445 691 velim
1492 628 1753 713 scribas,
1797 631 1871 692 ut
1916 649 2182 712 prorsus
2227 648 2308 691 ne

234 741 260 781 ⁵
291 716 447 801 quid
483 718 788 801 ignorem.
861 714 1032 779 Data
1068 733 1221 780 xlm
1257 715 1399 779 Kal.
1445 714 1764 791 Quintiles
1801 715 2304 781 Thessalonicae-

882 983 887 986 .
1241 933 1351 1000 XI.

566 1055 680 1112 Sor.
724 1056 1134 1112 nessalonieae
1168 1057 1265 1112 IV
1296 1057 1372 1110 K.
1415 1055 1598 1125 Quint.
1638 1074 1688 1110 a.
1730 1061 1842 1111 696
1880 1060 2014 1124 (58).

921 1177 1176 1234 CICERO
1214 1178 1477 1233 ATTICO
1517 1178 1664 1233 SAL.

419 1287 526 1352 Me
582 1292 647 1353 et
699 1292 849 1353 tuae
900 1287 1157 1352 litterae
1212 1292 1277 1352 et
1333 1287 1591 1372 quidam
1653 1288 1809 1353 boni
1869 1287 2085 1352 nuntii
2095 1326 2113 1375 ,-
2173 1310 2305 1353 non
2343 1301 2365 1348 1

204 1395 259 1434 ιο
288 1377 552 1462 optimis
616 1381 832 1441 tamen
895 1375 1292 1459 auctoribus,
1367 1380 1431 1439 et
1493 1377 1884 1459 exspectatio
1947 1381 2305 1442 vestrarum

287 1466 676 1549 litterarum,
732 1469 798 1529 et
851 1463 1023 1548 quod
1076 1464 1200 1528 tibi
1246 1464 1340 1527 ita
1385 1463 1736 1548 placuerat,
1788 1464 1993 1530 adhuc
2038 1463 2302 1529 Thessa-

287 1555 533 1619 lonicae
585 1552 862 1617 tenebat.
961 1549 1031 1616 Si
1086 1574 1383 1635 accepero
1438 1553 1718 1637 litteraS,
1773 1574 1932 1635 quas
1988 1557 2302 1639 exspecto,

287 1642 346 1707 si
382 1663 527 1726 spes
569 1642 695 1705 erit
740 1663 830 1725 ea,
877 1663 1039 1724 quae
1085 1640 1453 1705 rumoribus
1500 1640 1921 1723 adserebatur,
1967 1641 2046 1705 ad
2091 1646 2157 1706 te
2201 1664 2301 1706 me

286 1732 634 1813 conferam3
669 1729 725 1793 si
756 1750 884 1793 non
921 1728 1063 1815 erit,
1098 1729 1328 1793 faciam
1365 1732 1429 1791 te
1466 1729 1819 1830 certiorem,
1857 1729 2010 1813 quid
2046 1730 2300 1814 egerim.

204 1834 257 1875 1⁵
287 1817 386 1884 Tu
432 1841 549 1903 me,
596 1821 672 1882 ut
706 1818 884 1901 facis,
930 1839 1139 1901 opera,
1184 1815 1473 1899 consili0‚
1518 1817 1728 1901 gratia
1764 1818 1938 1900 iuva3
1984 1819 2300 1882 consolari
2338 1829 2369 1875 2

288 1907 417 1973 iam
471 1907 715 1992 desine,
776 1869 1117 1991 obiurgare
1160 1926 1311 1970 vero
1357 1905 1518 1986 noli3
1579 1905 1750 1990 quod
1794 1927 1939 1970 cum
1991 1905 2176 1992 facie,
2229 1912 2302 1972 ut

288 2017 408 2082 ego
455 2000 639 2060 tuum
688 2017 968 2060 amorem
1014 1998 1080 2059 et
1124 1994 1409 2059 dolorem
1455 1995 1765 2059 desidero!
1839 2016 2029 2095 quem
2064 1996 2159 2059 ita
2198 1996 2302 2059 ad-

286 2085 526 2150 fectum
579 2105 719 2148 mea
773 2104 1075 2148 aerumna
1120 2104 1257 2147 esse
1303 2082 1610 2167 arbitror,
1664 2086 1739 2147 ut
1782 2087 1847 2147 te
1902 2083 2114 2166 ipsum
2159 2104 2303 2147 con-

289 2173 486 2237 solari
529 2193 718 2237 nemo
763 2171 990 2255 possit.
1063 2168 1380 2246 Quintum,
1419 2171 1682 2235 fratrem
1730 2171 2043 2255 optimum
2081 2171 2303 2236 huma-

204 2278 258 2316 20
287 2261 752 2344 nissimumque
808 2263 1113 2324 sustenta.
1206 2259 1307 2323 Ad
1362 2281 1465 2323 me
1520 2259 1785 2324 obsecro
1839 2264 1906 2325 te
1959 2264 2035 2325 ut
2090 2261 2304 2325 omnia

288 2353 463 2414 certa
507 2347 880 2433 perscribas.
972 2346 1142 2411 Data
1186 2366 1288 2411 1111
1336 2346 1477 2412 Kal.
1524 2345 1859 2422 Quintiles.

1216 2565 1359 2632 XII.

534 2688 646 2745 Ser.
691 2688 1103 2743 ssessalom‘cae
1138 2688 1297 2742 XVI
1328 2688 1460 2742 Kal.
1500 2688 1643 2744 Sext.
1682 2706 1733 2743 a.
1773 2694 1886 2744 696
1921 2693 2063 2758 (58).

926 2810 1181 2866 CICERO
1220 2811 1480 2866 ATTICO
1520 2811 1668 2867 SAL.

204 2948 255 2986 25
420 2919 520 2984 Tu
574 2920 832 3005 quidem
888 2920 1107 2985 sedulo
1163 2921 1657 3005 argumentaris,
1711 2921 1865 3004 quid
1919 2922 2005 2984 sit
2050 2942 2299 3005 speran-
2345 2943 2367 2987 1

286 3009 440 3073 dum
478 3012 543 3072 et
576 3009 851 3074 maxime
888 3030 1001 3092 per
1040 3011 1352 3093 senatum,
1387 3008 1682 3092 idemque
1718 3014 1911 3092 caput
1946 3010 2301 3093 rogationis

285 3096 564 3182 proponi
610 3097 855 3181 scribis,
903 3118 1099 3181 quare
1144 3097 1212 3159 in
1259 3100 1484 3160 senatu
1530 3097 1656 3161 dici
1698 3096 1865 3161 nihil
1900 3098 2105 3162 liceat.
2177 3096 2305 3163 lta-

287 3207 411 3269 que
468 3184 709 3250 siletur.
800 3184 925 3249 Hic
980 3189 1053 3247 tu
1107 3206 1211 3249 me
1257 3205 1545 3269 accusas,
1605 3185 1777 3268 quod
1821 3208 1923 3251 me
1970 3185 2305 3274 adflictem,

286 3296 432 3338 cum
493 3274 587 3338 ita
645 3274 766 3338 sim
821 3272 1113 3337 adflictus
1166 3276 1241 3336 ut
1294 3294 1482 3336 nemo
1538 3294 1869 3359 umquam,
1931 3274 2103 3356 quod
2164 3279 2304 3340 tute

207 3389 258 3427 so
288 3361 626 3447 intellegis,
731 3361 922 3446 Spem
983 3360 1267 3425 ostendis
1334 3360 1679 3425 secundum
1745 3362 2022 3426 comitia.
2132 3361 2304 3439 Quae

287 3451 416 3515 ista
452 3455 552 3515 est
589 3450 809 3515 eodem
845 3450 1107 3514 tribuno
1145 3449 1226 3533 pl.
1259 3448 1369 3512 et
1350 3449 1609 3513 mimico
1637 3451 1897 3514 consule
1924 3450 2301 3534 designato?

284 3536 663 3603 Percussisti
722 3544 932 3603 autem
986 3559 1087 3603 me
1134 3538 1326 3602 etiam
1372 3537 1448 3601 de
1496 3538 1786 3603 oratione
1832 3537 2098 3621 prolata.
2182 3536 2301 3602 Cui
2340 3555 2370 3601 2

1913 3640 1981 3691 6*
