2642 3923
601 193 1114 247 EPISTULARUM
1151 194 1250 247 AD
1288 193 1615 249 ATTICUM
1653 195 1756 249 XV
1794 201 1932 249 6—9
2158 195 2289 259 473

402 333 499 399 De
563 339 654 421 te,
719 358 985 421 quaeso,
1048 337 1244 401 etiam
1309 342 1504 421 atque
1568 338 1763 402 etiam
1817 339 1975 402 vide.
2075 337 2287 403 Velim
2326 357 2357 403 2

268 424 481 506 possis
540 445 781 509 coram3
846 425 903 489 si
957 426 1169 489 minus
1228 425 1525 511 [possis],
1577 426 1815 490 litteris
1860 427 2029 490 idem
2075 448 2288 492 conse·

270 533 552 595 quemur.
647 512 986 578 Graeceius
1051 514 1129 577 ad
1192 536 1295 578 me
1359 515 1619 598 scripsit
1682 512 1750 580 O.
1804 513 2101 579 Cassium
2164 515 2289 579 sibi

270 601 602 685 scripsisse
657 602 950 666 homines
996 603 1384 688 comparari,
1439 603 1545 687 qui
1597 604 1828 667 armati
1873 604 1945 667 in
1990 602 2288 668 Tuscula·

213 715 241 757 5
267 711 423 752 num
467 690 893 755 mitterentur.
967 689 1103 774 †Id
1149 691 1406 775 quidem
1442 691 1602 755 mihi
1637 691 1998 775 videbatur3
2046 692 2156 756 sed
2192 714 2288 756 ca—

267 778 542 841 vendum
587 782 805 842 tamen
849 780 895 861 †
912 783 988 843 ut
1035 779 1144 843 ille
1190 801 1313 863 que
1359 780 1575 862 plures
1620 779 1939 843 videndae.
2016 778 2141 845 Sed
2177 780 2287 844 ali-

269 866 424 949 quid
465 867 785 932 crastinus
833 867 967 931 dies
1014 868 1094 932 ad
1140 868 1555 952 cogitandum
1598 868 1790 932 nobis
1835 869 1881 952 †
1895 869 2063 934 dare.

1219 1007 1328 1072 IX.

559 1111 674 1167 Ser.
702 1112 767 1165 in
806 1112 1121 1167 Tusculano
1155 1112 1254 1165 IV
1284 1111 1433 1166 Non.
1463 1112 1592 1167 Iun.
1624 1130 1675 1166 a.
1708 1115 1818 1167 710
1855 1115 1992 1180 (44).

190 1231 238 1269 ιο
872 1217 1161 1272 CICERO
1195 1217 1490 1272 ATTICO
1525 1216 1692 1271 SAL.

400 1327 505 1372 1111
557 1307 724 1374 Non.
780 1308 1030 1392 vesperi
1094 1331 1133 1373 a
1187 1308 1393 1373 Balbo
1459 1308 1744 1372 redditae
1806 1308 1968 1374 mihi
2030 1309 2285 1373 litterae
2328 1329 2348 1374 1

266 1397 405 1462 fore
458 1395 665 1461 Nonis
723 1401 1045 1479 senatum,
1110 1401 1185 1461 ut
1237 1396 1482 1461 Brutus
1538 1397 1609 1461 in
1652 1396 1840 1483 Asia,
1903 1395 2162 1462 Cassius
2218 1398 2286 1463 in

267 1483 487 1550 Sicilia
537 1486 932 1550 frumentum
985 1485 1323 1549 emendum
1375 1489 1441 1549 et
1495 1485 1576 1549 ad
1630 1485 1856 1550 urbem
1901 1487 2285 1551 mittendum

266 1578 577 1639 curarent.
669 1571 723 1637 O
788 1596 923 1638 rem
986 1574 1310 1637 miseram!
1374 1573 1656 1656 primum
1714 1573 1913 1637 ullam
1975 1575 2056 1639 ab
2122 1575 2286 1648 istis.

186 1688 239 1729 ιε
267 1662 440 1747 dein,
499 1662 556 1726 si
602 1662 909 1745 aliquam,
963 1661 1127 1725 hanc
1171 1663 1217 1744 †
1235 1662 1615 1745 legatoriam
1659 1663 2082 1745 provinciam!
2163 1662 2282 1727 At—

267 1772 391 1834 que
435 1749 606 1813 haud
653 1752 784 1814 scio
832 1773 914 1814 an
958 1750 1188 1813 melius
1226 1750 1312 1814 sit
1350 1771 1543 1833 quam
1581 1749 1662 1812 ad
1697 1749 2012 1815 Eurotam
2050 1751 2281 1816 sedere.

267 1837 391 1903 Sed
435 1838 592 1902 haec
632 1860 816 1902 casus
855 1838 1258 1924 gubernabit.
1331 1836 1448 1901 Ait
1486 1841 1700 1901 autem
1737 1838 1959 1902 eodem
1995 1843 2283 1922 tempore

266 1927 586 1993 decretum
632 1927 734 2014 iri,
778 1931 851 1992 ut
897 1930 963 1992 et
1007 1926 1089 1991 iis
1137 1931 1201 1992 et
1236 1926 1503 2010 reliquis
1538 1926 1881 2010 praetoriis
1917 1927 2284 2011 provinciae

265 2017 701 2081 decernantur.
809 2015 952 2082 Hoc
1023 2021 1194 2081 certe
1257 2016 1490 2080 melius
1555 2037 1748 2099 quam
1810 2016 1924 2080 illa
1988 2019 2282 2101 Περσικὴ

185 2134 239 2172 20
264 2106 578 2189 porticus3
622 2105 775 2169 nolo
823 2105 993 2168 enim
1037 2103 1574 2169 Lacedaemonem
1618 2105 1665 2187 †
1683 2104 2038 2189 longinquo
2087 2127 2280 2188 quom

265 2194 623 2258 Lanuvium
687 2194 1097 2258 existimavit.
1202 2192 1474 2279 ‘Rides’,
1538 2192 1819 2278 inquieS,
1884 2193 1975 2256 ‘in
2037 2193 2279 2258 talibus

265 2283 523 2347 rebus‘P'
597 2280 764 2357 Quid
808 2281 1082 2346 faciam?
1154 2281 1466 2365 plorando
1511 2281 1718 2345 fessus
1765 2303 1924 2346 sum.

398 2370 484 2434 Di
528 2371 928 2435 inmortales!
986 2392 1180 2454 quam
1233 2392 1336 2433 me
1392 2370 1844 2434 conturbatum
1890 2370 2101 2434 tenuit
2148 2371 2280 2453 epi·
2317 2389 2349 2436 2
2466 2445 2471 2450 .

264 2460 471 2524 stulae
516 2463 667 2523 tuae
704 2459 881 2542 prior
917 2459 1178 2543 pagina!
1235 2458 1389 2543 quid
1426 2462 1639 2521 autem
1676 2458 1800 2521 iste
1836 2458 1905 2522 in
1942 2458 2130 2523 domo
2167 2462 2281 2523 tua

184 2575 236 2616 25
264 2570 446 2613 casus
492 2548 858 2612 armorum?
925 2545 1048 2611 Sed
1083 2547 1254 2610 hunc
1291 2547 1547 2630 quidem
1582 2546 1874 2610 nimbum
1909 2547 2038 2612 cito
2076 2551 2279 2612 trans·

264 2637 390 2701 isse
435 2637 656 2701 laetor.
730 2636 829 2700 Tu
875 2636 1030 2719 quid
1074 2636 1279 2719 egeris
1326 2639 1440 2699 tua
1487 2656 1632 2699 cum
1678 2635 1852 2699 tristi
1900 2639 2039 2698 tum
2087 2636 2281 2699 etiam

264 2725 513 2789 difficili
593 2725 672 2789 ad
743 2724 1209 2789 consiliandum
1279 2724 1627 2808 legatione,
1699 2723 2106 2789 vehementer
2177 2746 2280 2788 ex-

265 2816 513 2898 specto3
577 2817 676 2877 est
734 2813 906 2877 enim
1003 2812 1490 2895 inexplicabilis.
1581 2811 1684 2876 Ita
1747 2812 2282 2877 circumsedemur

264 2901 466 2984 copiis
504 2902 819 2966 omnibus.
891 2901 997 2966 Me
1035 2901 1293 2985 quidem
1329 2899 1518 2964 Bruti
1553 2900 1826 2984 litterae,
1872 2922 2032 2984 quas
2070 2905 2281 2966 osten-

182 3018 237 3057 so
264 2989 362 3056 dis
408 3012 445 3053 a
490 2994 555 3053 te
599 2989 797 3054 lectas
806 3043 824 3076 ,
876 2990 971 3054 ita
1015 2990 1507 3074 perturbarunt,
1559 2993 1652 3075 ut,
1697 3011 2085 3073 quamquam
2131 2995 2280 3053 ante

264 3078 531 3163 egebam
578 3079 866 3162 consili0,
912 3083 1128 3143 tamen
1165 3077 1366 3141 animi
1405 3077 1624 3142 dolore
1663 3077 1785 3141 sim
1821 3078 2082 3142 tardior.
2156 3077 2280 3143 Sed

262 3166 474 3252 plura,
527 3188 672 3230 cum
724 3167 852 3231 ista
906 3187 1204 3251 cognorO.
1295 3164 1439 3230 Hoc
1495 3170 1710 3229 autem
1764 3170 2052 3248 tempore
2108 3166 2279 3249 quod

262 3256 631 3338 scriberem,
692 3255 859 3319 nihil
912 3259 1049 3319 erat
1104 3276 1305 3337 eoque
1359 3254 1601 3338 minus,
1656 3254 1830 3337 quod
1884 3254 2279 3336 dubitabam,

260 3349 335 3408 tu
396 3342 513 3408 has
568 3344 741 3427 ipsas
794 3343 1046 3408 litteras
1103 3364 1356 3407 essesne
1411 3346 1801 3425 accepturus,
1893 3342 2055 3405 Erat
2109 3342 2280 3406 enim

179 3459 232 3500 35
260 3437 603 3517 incertum,
665 3432 1002 3496 visurusne
1065 3434 1130 3496 te
1192 3435 1362 3494 esset
1424 3430 1815 3495 tabellarius.
1921 3430 2068 3514 Ego
2133 3434 2277 3494 tuas

259 3522 511 3585 litteras
557 3521 966 3585 vehementer
1009 3524 1325 3602 exspecto
