2642 3923
360 196 493 260 426
1003 196 1079 251 M.
1110 196 1325 251 TULLI
1361 195 1741 251 CICERONIS

360 339 760 425 dubitabam,
815 361 1009 425 quam
1054 340 1366 425 ducerem,
1421 361 1558 404 non
1601 340 1760 404 satis
1805 338 2117 404 faciebam
2160 339 2396 426 matri3

360 428 456 493 ita
507 450 590 493 ne
642 427 741 493 illi
797 428 1071 512 quidem.
1162 426 1353 492 Nunc
1404 428 1572 492 nihil
1623 427 1784 492 mihi
1838 427 2007 492 tanti
2063 431 2178 493 est.
2268 389 2396 491 Fa·

361 518 551 601 ciam,
605 516 779 602 quod
822 515 1090 581 volunt?
1183 514 1507 581 Feliciter
1550 516 1787 603 velim',
1838 516 2122 601 inquam,
2168 514 2393 599 ‘teque

359 603 568 670 laudo.
663 605 785 670 Sed
832 604 1151 690 quando?
1229 603 1439 668 Nihil
1484 605 1564 669 ad
1599 605 1725 670 me'
1724 655 1742 689 ,
1801 604 2034 690 inquit,
2081 603 2181 669 de
2225 608 2388 668 tem-

359 715 532 778 pore,
579 694 885 778 quoniam
930 716 1065 758 rem
1101 693 1348 776 probo.'
1423 691 1538 757 ‘At
1576 694 1739 779 ego',
1784 693 2068 777 inquam,
2114 692 2388 776 ‘censeo,
2448 719 2478 760 5

359 783 736 866 priusquam
781 781 1224 866 proficiscaris,
1296 779 1401 846 Ita
1445 782 1615 865 patri
1662 803 1917 865 quoque
1963 803 2207 846 morem
2243 800 2389 865 ges·

362 870 564 935 seris.'
655 869 977 956 ‘Faciam',
1020 870 1252 954 inquit,
1299 868 1398 934 ‘ut
1445 868 1705 934 censes.'
1777 868 1904 934 Hic
1948 869 2243 955 dialogus
2291 868 2390 934 sic

360 958 696 1024 conclusus
741 962 857 1023 est.
1270 990 1274 995 ·

496 1044 624 1111 Sed
674 1048 834 1111 heus
889 1051 990 1129 tu,
1050 1045 1220 1110 diem
1274 1068 1490 1110 meum
1537 1045 1661 1111 scis
1709 1066 1846 1110 esse
1892 1063 1971 1110 111
2017 1043 2241 1110 Nonas
2286 1043 2387 1110 Ia-

358 1136 647 1220 nuarias3
692 1135 899 1200 aderis
945 1134 1165 1219 igitur.
1239 1131 1633 1218 Scripseram
1676 1134 1831 1199 iam·
1887 1155 2030 1198 ecce
2074 1132 2198 1198 tibi
2236 1137 2384 1198 orat
2416 1161 2468 1201 ιο

359 1221 661 1309 Lepidus,
712 1227 787 1288 ut
833 1224 1099 1287 veniam
1192 1221 1441 1306 Opinor
1486 1244 1761 1307 augures
1807 1222 1970 1286 velle
2016 1221 2254 1286 habere
2302 1222 2385 1288 ad

360 1312 671 1395 templum
734 1311 1069 1377 effandum.
1159 1310 1395 1396 Eatur3
1458 1312 1547 1395 μὴ
1606 1311 1911 1397 σκόρὸου.
2001 1308 2384 1375 Videbimus

359 1403 425 1464 te
471 1400 690 1485 igitur.

1257 1538 1489 1606 XLIII.

636 1660 749 1718 Ser.
777 1663 842 1716 in
885 1662 1194 1717 Tusculano
1222 1663 1373 1731 prid.
1403 1661 1492 1717 Id.
1526 1661 1712 1732 Quint.
1741 1677 1793 1717 a.
1824 1665 1937 1717 709
1973 1664 2113 1731 (45).
2414 1675 2467 1715 15

966 1784 1258 1841 CICERO
1291 1785 1587 1841 ATTICO
1622 1784 1786 1840 SAL.

494 1893 639 1980 Ego
693 1915 845 1959 vero
904 1898 1052 1958 utar
1097 1893 1555 1980 prorogatione
1600 1894 1754 1979 diei,
1810 1898 2012 1978 tuque
2054 1894 2386 1959 humanis·

360 1985 521 2049 sime
565 1983 796 2070 fecisti,
841 1983 953 2066 qui
995 2004 1099 2047 me
1143 1983 1481 2048 certiorem
1525 1983 1752 2048 feceris
1798 1986 1991 2067 atque
2035 1983 2147 2068 ita,
2193 1987 2268 2048 ut
2307 2005 2383 2049 eo

358 2076 649 2156 tempore
693 2072 1046 2155 acciperem
1089 2070 1369 2156 litteras,
1426 2093 1554 2155 quo
1599 2093 1733 2136 non
1770 2075 2229 2156 exspectarem,
2283 2076 2383 2136 tu·

360 2182 486 2246 que
537 2163 613 2224 ut
668 2159 750 2224 ab
805 2159 975 2224 ludis
1030 2160 1353 2224 scriberes
1447 2158 1612 2224 Sunt
1668 2161 1928 2225 omnino
1987 2159 2147 2224 mihi
2194 2181 2383 2243 quae-
2414 2189 2468 2228 so

359 2249 508 2314 dam
554 2248 798 2333 agenda
842 2246 1106 2332 Romae,
1152 2248 1263 2313 sed
1307 2270 1769 2333 consequemur
1813 2248 2010 2313 biduo
2056 2252 2225 2333 post.

1254 2458 1483 2526 XLIV.

491 2581 606 2639 Ser.
635 2582 700 2636 in
740 2582 1052 2637 Tusculano
1089 2582 1264 2636 XIII
1290 2587 1392 2637 aut
1426 2581 1567 2635 ΧΠ
1594 2582 1669 2636 Κ.
1700 2581 1843 2637 Sext.
1875 2599 1927 2637 α.
1958 2584 2069 2638 709
2106 2583 2248 2650 (45).

968 2703 1259 2760 CICERO
1292 2704 1586 2760 ATTICO
1620 2704 1787 2760 SAL.

491 2811 546 2878 Ο
603 2812 816 2878 suavis
872 2816 1019 2878 tuas
1072 2812 1353 2877 litteras!
1419 2809 1578 2899 (etsi
1630 2813 1858 2879 acerba
1910 2834 2167 2899 pompa.
2258 2812 2387 2878 Ve-
2412 2841 2468 2881 25

357 2924 504 2966 rum
538 2904 757 2965 tamen
792 2902 954 2966 scire
992 2901 1208 2966 omnia
1240 2922 1378 2965 non
1413 2902 1715 2966 acerbum
1753 2905 1869 2988 est,
1905 2902 2009 2967 vel
2044 2902 2122 2966 de
2160 2900 2384 2989 Cotta)

357 2989 668 3074 populum
726 3012 877 3054 vero
933 2989 1363 3074 praeclarum,
1417 2990 1590 3072 quod
1635 2994 1902 3075 propter
1943 2990 2188 3055 malum
2234 2990 2387 3055 vici-

354 3100 512 3142 num
564 3099 647 3142 ne
691 3076 1019 3142 Victoriae
1075 3077 1332 3163 quidem
1386 3077 1701 3162 ploditur!
1774 3078 2017 3144 Brutus
2064 3078 2234 3164 apud
2279 3101 2386 3144 me

355 3166 510 3251 fuit3
576 3166 730 3251 quoi
791 3166 1049 3250 quidem
1093 3166 1278 3230 valde
1324 3166 1618 3251 placebat
1663 3188 1767 3231 me
1812 3166 2060 3251 aliquid
2105 3167 2185 3231 ad
2234 3165 2388 3233 Cae-

358 3276 579 3319 sarem.
680 3253 1076 3338 Adnueram3
1138 3253 1250 3318 sed
1313 3276 1551 3339 pompa
1615 3253 1908 3320 deterret.
2000 3255 2101 3319 Tu
2164 3260 2387 3321 tamen
2412 3282 2472 3323 so

356 3364 551 3407 ausus
589 3362 656 3406 es
683 3341 964 3407 Varroni
1001 3343 1174 3406 dare!
1230 3342 1576 3427 Exspecto,
1604 3344 1760 3427 quid
1795 3343 2047 3408 iudicet.
2113 3342 2383 3419 Quando

355 3433 570 3494 autem
611 3429 931 3514 pelleget?
994 3429 1093 3495 De
1128 3428 1351 3495 Attica
1387 3430 1611 3514 probo,
1684 3431 1809 3496 Est
1846 3432 2146 3515 quiddam
2183 3432 2384 3497 etiam

356 3517 641 3582 animum
693 3517 893 3582 levari
948 3539 1094 3582 cum
1148 3520 1546 3602 spectatione
1598 3524 1742 3585 tum
1796 3521 1991 3585 etiam
2043 3519 2384 3604 religionis
