2642 3923
325 192 458 256 294
966 192 1039 246 Μ.
1077 192 1292 246 TULLI
1330 190 1704 247 CICERONIS

322 336 526 401 malos
570 335 996 402 πολιτευτέον
1040 336 1165 399 fuit
1212 339 1326 399 aut
1371 335 1473 399 vel
1526 335 1882 419 periculose
1935 358 2081 399 cum
2134 335 2339 400 bonis.

321 423 459 488 Aut
505 429 748 507 oportet
789 423 1218 488 temeritatem
1274 424 1591 488 bonorum
1631 446 1971 507 sequamur
2009 428 2120 487 aut
2158 424 2342 488 auda·

322 513 486 577 ciam
532 512 971 596 improborum
1015 513 1416 577 insectemur.
1507 510 1869 596 Utrumque
1910 512 2342 595 periculosum

321 604 438 684 est,
486 605 553 664 at
597 600 738 687 hoc,
784 600 956 702 quod
1002 601 1270 685 agimus,
1316 603 1506 683 turpe
1551 621 1668 665 nec
1713 604 1932 664 tamen
1976 604 2210 666 tutum.

453 686 686 772 Istum,
746 689 858 771 qui
915 688 1122 752 filium
1175 688 1588 752 Brundisium
1651 688 1729 752 de
1786 710 1939 772 pace
1995 689 2174 752 misit
2219 686 2339 775 (de
2396 715 2424 755 5

320 798 474 860 pace
520 776 688 841 idem
733 776 942 841 sentio
990 777 1160 861 quod
1204 781 1297 859 tu,
1344 776 1821 841 simulationem
1858 798 1998 841 esse
2035 781 2340 879 apertam,

320 865 535 948 parari
581 869 796 930 autem
842 866 1143 929 acerrime
1204 828 1521 950 bellum),
1577 887 1679 928 me
1732 866 2019 949 legatum
2073 866 2156 929 iri
2208 887 2340 929 non

322 952 628 1037 arbitror,
687 954 867 1018 cuius
928 953 1157 1039 adhuc,
1216 957 1289 1017 ut
1338 954 1583 1037 optavi,
1640 954 1882 1017 mentio
1937 954 2107 1018 facta
2159 954 2340 1018 nulla

322 1042 425 1105 sit.
499 1040 600 1107 Eo
645 1043 857 1105 minus
902 1040 1110 1106 habeo
1155 1062 1412 1105 necesse
1459 1041 1733 1105 scribere
1780 1045 1892 1105 aut
1938 1043 2134 1106 etiam
2169 1044 2339 1126 cogi-

318 1134 475 1215 tare,
522 1130 677 1214 quid
722 1131 844 1194 sim
890 1130 1196 1211 facturuS,
1243 1131 1299 1194 si
1347 1129 1659 1212 acciderit,
1705 1134 1779 1194 ut
1825 1130 2087 1214 legarer.
2369 1158 2424 1196 ιο

1289 1303 1373 1370 Π.

447 1409 561 1465 Ser.
599 1413 663 1464 in
699 1409 923 1464 Arcano
964 1408 1160 1478 Quinti
1192 1410 1267 1477 fr.
1287 1415 1459 1479 postr.
1490 1408 1637 1463 Non.
1676 1409 1815 1478 Apr.
1853 1426 1905 1464 α.
1946 1412 2058 1464 705
2095 1413 2233 1478 (49).

965 1514 1253 1570 CICERO
1282 1514 1575 1569 ATTICO
1608 1514 1775 1571 SAL.

450 1604 595 1690 Ego
641 1627 787 1669 cum
824 1606 1205 1689 accepissem
1251 1610 1397 1669 tuas
1444 1605 1696 1670 litteras
1733 1603 1943 1669 Nonis
1981 1604 2341 1692 Aprilibus,

321 1715 481 1777 quas
528 1691 835 1777 Cephalio
882 1694 1207 1780 attulerat,
1252 1715 1582 1777 essemque
1629 1693 1989 1758 Menturnis
2027 1695 2340 1778 postridie
2370 1723 2420 1763 15

319 1803 686 1868 mansuruS,
745 1786 820 1846 ut
878 1782 1025 1846 inde
1081 1783 1406 1867 protinUS,
1466 1782 1746 1845 sustinui
1805 1805 1906 1846 me
1966 1783 2036 1846 in
2083 1782 2339 1848 Arcano

318 1870 538 1934 fratris
549 1922 566 1956 ,
621 1874 720 1955 ut,
777 1870 930 1934 dum
975 1870 1218 1955 aliquid
1272 1870 1507 1934 certius
1558 1870 1912 1934 adferretur
1923 1921 1939 1954 ,
1997 1871 2344 1936 occultiore

319 1959 390 2024 in
433 1959 574 2023 loco
621 1981 923 2044 essemus,
968 1964 1436 2044 agerenturque
1472 1957 1678 2023 nihilo
1717 1959 1947 2045 minus,
1996 1982 2157 2044 quae
2204 1960 2353 2025 sine·

318 2048 512 2112 nobis
559 2049 666 2131 agi
710 2051 999 2132 possunt.

457 2139 849 2219 Λαλαγεῦσα
894 2136 1022 2199 iam
1069 2136 1276 2221 adest,
1333 2140 1397 2200 et
1444 2137 1692 2199 animus
1741 2136 1945 2221 ardet,
1989 2157 2197 2220 neque
2243 2141 2342 2201 est
2372 2165 2424 2204 zo

322 2224 682 2309 quicquam,
730 2245 857 2307 quo
904 2228 968 2288 et
1015 2245 1158 2308 qua.
1250 2221 1377 2288 Sed
1421 2223 1577 2288 haec
1629 2228 1856 2288 nostra
1902 2224 2024 2289 erit
2079 2246 2231 2289 cura
2277 2229 2342 2290 et

319 2312 691 2396 peritorum.
783 2312 880 2375 Tu
926 2318 1159 2396 tamen,
1208 2312 1379 2395 quod
1425 2313 1687 2395 poteris,
1744 2316 1817 2376 ut
1863 2312 2068 2377 adhuc
2114 2313 2344 2399 fecisti,

319 2421 439 2464 nos
499 2401 786 2464 consiliis
845 2400 1114 2465 iuvabis.
1206 2399 1336 2464 Res
1396 2404 1549 2464 sunt
1604 2400 2099 2484 inexplicabiles.
2191 2399 2342 2466 For-

320 2492 515 2552 tunae
575 2493 727 2553 sunt
785 2488 1240 2553 committenda
1310 2489 1540 2553 omnia.
1643 2488 1793 2553 Sine
1854 2511 1967 2572 spe
2037 2510 2344 2554 conamur

320 2576 468 2640 ulla.
550 2576 783 2640 Melius
829 2576 884 2640 si
933 2577 1087 2661 quid
1123 2577 1443 2661 acciderit,
1487 2576 1879 2641 mirabimur.
1952 2577 2342 2661 Dionysium
2371 2604 2422 2645 π

320 2664 561 2729 nollem
604 2664 686 2729 ad
731 2686 832 2729 me
876 2666 1262 2748 profectum3
1328 2665 1404 2728 de
1465 2687 1594 2750 quo
1651 2665 1732 2730 ad
1788 2687 1890 2730 me
1934 2665 2149 2730 Tullia
2202 2687 2342 2731 mea

323 2753 596 2854 scripsit.
691 2750 813 2817 Sed
859 2757 923 2816 et
968 2757 1222 2837 tempus
1279 2753 1558 2817 alienum
1612 2757 1738 2836 est,
1802 2758 1866 2818 et
1917 2753 2169 2819 homini
2212 2776 2345 2819 non

320 2842 522 2905 amico
568 2844 793 2905 nostra
837 2841 1258 2927 incommoda,
1302 2845 1486 2905 tanta
1531 2842 1935 2927 praesertim,
1980 2843 2344 2926 spectaculo

321 2951 460 2994 esse
513 2930 778 3016 nollem3
823 2930 927 2994 cui
981 2933 1047 2993 te
1101 2951 1245 2994 meo
1298 2929 1557 2994 nomine
1602 2930 1933 2995 immicum
1982 2952 2120 2995 esse
2172 2930 2343 2996 nolo.

1278 3121 1395 3188 ΠΙ.

654 3225 768 3281 Ser.
808 3227 872 3281 in
906 3227 1131 3281 Arcano
1176 3227 1301 3280 VII
1328 3227 1417 3280 Id.
1455 3227 1595 3296 Apr.
1633 3244 1685 3282 α.
1727 3231 1838 3283 705
1874 3231 2012 3296 (49).
2375 3152 2428 3193 ω

964 3331 1221 3388 CICERO
1258 3331 1522 3387 ATTICO
1563 3332 1709 3386 SAL.

458 3417 649 3504 Cum,
709 3421 882 3505 quod
928 3423 1297 3508 scriberem,
1355 3423 1545 3507 plane
1588 3423 1754 3489 1111111
1805 3424 2136 3508 haberem,
2193 3425 2349 3491 haec

325 3511 544 3571 autem
587 3508 835 3593 reliqua
881 3514 1115 3595 essent,
1161 3533 1325 3594 quae
1372 3512 1531 3576 scire
1575 3534 1897 3601 cuperem,
1940 3511 2351 3598 profectusne
