2642 3923
562 185 1073 241 EPISTULARUM
1110 187 1210 240 AD
1247 185 1574 241 ATTICUM
1610 186 1740 241 XVI
1777 192 1843 240 16
1855 185 2030 241 C—E.
2178 187 2308 251 519

294 331 706 414 vitatemque,
752 351 879 413 qua
922 351 1111 394 nemo
1158 329 1283 393 tibi
1328 352 1445 412 par
1492 334 1610 416 est,
1656 330 2037 394 adhibueris,
2129 328 2311 405 Quod

295 423 370 483 ut
413 418 628 502 facias,
676 421 741 481 te
784 418 1191 483 vehementer
1236 438 1416 502 rogo.

1269 592 1347 657 D.

795 713 909 770 Ser.
941 715 1119 769 eodem
1154 720 1385 782 tempore
1420 731 1527 784 quo
1562 732 1642 784 ep.
1671 719 1747 770 16·
1757 714 1814 770 0.

243 848 268 887 s
872 835 1129 892 omen-o
1170 836 1226 892 0.
1258 836 1653 905 oUPIENmo
1694 837 1746 893 s.

426 944 685 1009 Patrem
740 950 927 1009 tuum
980 945 1245 1029 plurimi
1297 946 1449 1029 feci,
1502 966 1730 1029 meque
1784 945 1895 1009 ille
1939 945 2204 1010 mirifice
2249 950 2313 1010 et
2351 963 2417 1010 14

295 1032 496 1097 coluit
540 1038 605 1098 et
652 1035 915 1119 amavit3
959 1055 1077 1097 nec
1115 1033 1472 1098 mehercule
1509 1055 1814 1116 umquam
1849 1034 2010 1097 mihi
2045 1034 2313 1098 dubium

295 1122 453 1208 fuit,
506 1122 666 1206 quin
719 1144 757 1185 a
809 1126 877 1186 te
931 1121 1254 1207 diligerer3
1319 1142 1440 1206 ego
1500 1122 1755 1205 quidem
1812 1122 1878 1185 id
1932 1122 2140 1186 facere
2179 1145 2317 1187 non

296 1210 532 1274 destiti.
615 1208 818 1285 Quam
866 1211 947 1274 ob
994 1232 1129 1274 rem
1176 1214 1327 1293 peto
1376 1233 1413 1274 a
1459 1213 1526 1273 te
1571 1210 1641 1274 in
1683 1210 1991 1274 maiorem
2035 1210 2313 1295 modum,

219 1324 269 1363 ιο
296 1303 369 1362 ut
425 1298 751 1363 civitatem
795 1298 1209 1362 Buthrotiam
1257 1298 1551 1362 subleves
1598 1298 2046 1382 decretumque
2090 1319 2313 1362 consu-

294 1387 456 1471 lum,
510 1386 680 1471 quod
735 1387 783 1450 ii
839 1387 1186 1451 secundum
1238 1385 1622 1451 Buthrotios
1679 1386 1992 1469 fecerunt,
2048 1408 2192 1450 cum
2248 1391 2312 1451 et

293 1474 435 1559 lege
500 1478 564 1538 et
624 1478 882 1538 senatus
942 1475 1235 1538 consulto
1297 1474 1617 1539 statuendi
1684 1478 2073 1558 potestatem
2126 1474 2315 1539 habe-

295 1565 466 1647 rent,
529 1561 637 1626 des
675 1583 963 1646 ‚operam
1026 1565 1100 1625 ut
1164 1560 1437 1626 Plancus
1500 1566 1721 1626 noster
1785 1584 1976 1645 quam
2034 1563 2313 1646 primum

296 1649 627 1714 confirmet
673 1653 738 1713 et
784 1649 1173 1732 comprobet.
1264 1649 1408 1714 Hoc
1453 1653 1520 1714 te
1564 1648 2002 1735 vehementer,
2057 1651 2148 1716 mi
2196 1649 2314 1716 Cu-

217 1762 268 1803 15
296 1737 534 1823 pienni,
579 1738 774 1802 etiam
819 1741 1012 1820 atque
1059 1738 1254 1802 etiam
1300 1759 1481 1823 rogo.
2072 1770 2078 1775 ·

1271 1913 1350 1980 E.

1025 2035 1139 2090 Ser.
1164 2043 1289 2105 post
1324 2053 1404 2104 ep.
1432 2037 1589 2092 1613.

737 2156 995 2213 CICERO
1033 2156 1319 2213 PLANCO
1358 2158 1615 2213 PRAET.
1641 2158 1796 2214 DES.
1828 2158 1883 2216 S.

427 2265 698 2352 Ignosce
750 2266 939 2349 mihi,
1002 2266 1201 2351 quod,
1265 2289 1411 2330 cum
1466 2271 1654 2331 antea
1710 2266 2182 2332 accuratissime
2238 2267 2314 2332 de
2352 2283 2419 2333 15

214 2380 268 2420 κο
294 2353 661 2419 Buthrotiis
707 2354 788 2419 ad
831 2358 897 2418 te
943 2355 1328 2439 scripserim,
1375 2356 1594 2420 eadem
1637 2355 1714 2420 de
1761 2377 1831 2419 re
1876 2356 2127 2438 saepius
2166 2356 2316 2419 scri-

296 2443 460 2507 bam.
552 2440 706 2507 Non
748 2442 1133 2527 mehercule,
1198 2443 1287 2507 mi
1332 2442 1593 2529 Plance,
1656 2444 1852 2529 facio,
1915 2465 2041 2526 quo
2087 2465 2316 2527 parum

297 2530 610 2595 confidam
672 2535 784 2595 aut
845 2531 1219 2595 liberalitati
1287 2535 1438 2595 tuae
1494 2535 1606 2595 aut
1663 2536 1923 2597 nostrae
1980 2531 2316 2617 amicitiae,

297 2618 433 2703 sed,
496 2640 641 2683 cum
699 2622 883 2683 tanta
936 2641 1038 2684 res
1096 2623 1326 2704 agatur
1380 2618 1585 2684 Attici
1638 2621 1877 2704 nostri,
1936 2641 2108 2683 nunc
2161 2642 2313 2685 vero

297 2707 491 2771 etiam
538 2707 961 2791 existimatio,
1018 2711 1092 2771 ut
1137 2707 1221 2792 id,
1280 2708 1454 2791 quod
1500 2708 1800 2791 probavit
1847 2705 2081 2772 Caesar
2124 2708 2313 2773 nobis

217 2819 268 2860 25
296 2795 571 2859 testibus
617 2800 681 2859 et
728 2796 1272 2881 obsignatoribuS,
1318 2795 1429 2878 qui
1476 2799 1541 2859 et
1578 2795 1847 2860 decretis
1887 2800 1952 2860 et
1987 2797 2313 2879 responsis

299 2881 584 2947 Caesaris
664 2884 1158 2948 interfueramus
1169 2935 1187 2968 ,
1274 2884 1562 2947 videatur
1644 2884 1937 2948 obtinere
2008 2885 2315 2970 potuisse,

295 2971 673 3055 praesertim
732 2994 877 3036 cum
931 2976 1073 3036 tota
1115 2975 1404 3055 potestas
1452 2972 1589 3037 eius
1636 2972 1732 3036 rei
1776 2977 1889 3036 tua
1936 2971 2051 3056 sit,
2104 2977 2179 3036 ut
2224 2994 2315 3057 ea,

296 3080 459 3143 quae
513 3060 804 3124 consules
859 3061 1270 3124 decreverunt
1333 3060 1678 3125 secundum
1725 3057 2018 3125 Caesaris
2065 3061 2315 3125 decreta

297 3151 360 3211 et
423 3169 755 3232 responsa,
818 3171 950 3213 non
1004 3149 1211 3212 dicam
1264 3150 1642 3231 comprobes
1652 3201 1669 3234 ,
1735 3148 1844 3213 sed
1903 3148 2188 3212 studiose
2240 3148 2315 3212 li-

215 3261 268 3301 60
295 3236 645 3319 benterque
708 3237 1103 3320 comprobes
1200 3234 1276 3299 Id
1339 3236 1501 3301 mihi
1566 3237 1658 3301 sic
1715 3237 1836 3301 erit
1894 3240 2179 3322 gratum,
2241 3241 2314 3300 ut
2354 3254 2419 3302 16

294 3323 475 3388 nulla
520 3346 622 3388 res
664 3325 911 3409 gratior
949 3346 1084 3388 esse
1119 3324 1344 3408 possit.
1419 3324 1566 3388 Etsi
1603 3325 1736 3388 iam
1774 3324 2126 3408 sperabam,
2171 3346 2316 3389 cum

294 3411 412 3476 has
467 3411 719 3476 litteras
766 3414 1143 3498 accepisses,
1200 3413 1339 3477 fore
1384 3416 1457 3475 ut
1505 3434 1608 3496 ea,
1668 3434 1829 3495 quae
1877 3411 2315 3495 superioribus

293 3500 533 3564 litteris
580 3524 618 3564 a
662 3506 728 3565 136
774 3501 1157 3586 petissemus
1168 3551 1185 3584 ,
1240 3500 1585 3583 impetrata
1630 3504 1863 3584 essent,
1926 3503 2140 3563 tamen
2183 3522 2318 3564 non
