2642 3923
550 244 1066 299 EPISTULARUM
1102 244 1201 296 AD
1239 243 1566 299 ATTICUM
1601 244 1730 297 XHI
1767 249 1993 297 33—36.
2147 243 2275 306 421

259 392 374 452 aut
426 388 643 452 triduo
700 392 851 472 post
909 388 1097 452 facile
1143 391 1388 472 potero.
1479 387 1570 452 Te
1614 392 1831 451 tamen
1874 386 1943 451 in
1988 387 2093 451 via
2138 408 2282 451 con-

264 476 364 540 fici
417 475 682 541 minime
733 476 915 560 volo;
980 477 1135 561 quin
1196 476 1393 539 etiam
1436 474 1754 558 Dionysio
1809 475 2089 560 ignosco,
2181 473 2279 539 De
2315 490 2346 538 2
2383 490 2445 539 (ὀ)

263 564 467 628 Bruto
516 565 687 648 quod
732 564 980 649 66111116,
1023 565 1167 649 feci,
1212 568 1286 627 ut
1333 564 1390 628 ei
1438 564 1713 627 liberum
1752 567 1938 647 esset,
1984 563 2156 647 quod
2204 563 2282 627 ad

261 675 364 717 me
419 653 737 717 attineret.
831 651 1072 736 Scripsi
1127 652 1297 715 enim
1357 652 1438 716 ad
1492 673 1638 716 eum
1691 651 1832 717 heri
1874 651 2098 716 Idibus
2144 652 2280 716 eius

183 768 209 807 5
264 762 457 825 opera
499 742 660 805 mihi
704 741 872 806 nihil
917 762 1079 826 opus
1124 762 1275 805 esse.

1125 932 1423 998 XXXIV.

668 1055 783 1112 Ser.
813 1055 1054 1110 Asturae
1099 1055 1192 1109 VI
1221 1055 1295 1109 K.
1327 1053 1472 1110 Sext.
1502 1072 1554 1109 a.
1587 1058 1698 1110 709
1736 1058 1873 1123 (45).

868 1176 1158 1233 CICERO
1193 1176 1488 1232 ATTICO
1523 1177 1688 1233 SAL.

394 1287 705 1352 Asturam
757 1288 903 1352 veni
949 1305 1074 1350 VIII
1119 1286 1261 1350 Kal.
1307 1287 1558 1368 vesperi.
1650 1285 1920 1351 Vitandi
1972 1286 2142 1350 enim
2188 1308 2285 1352 66-

183 1403 236 1442 ιο
261 1377 418 1440 10116
468 1398 658 1440 661166
702 1374 949 1439 Lanuvi
997 1375 1118 1439 tris
1163 1374 1358 1439 horas
1409 1375 1864 1459 acquieveram.
1938 1374 2036 1438 Tu
2072 1375 2285 1461 velim,

263 1465 318 1528 si
374 1486 569 1549 grave
623 1486 755 1528 non
811 1464 960 1548 erit,
1016 1463 1281 1546 efficiaS‚
1335 1484 1417 1528 ne
1464 1467 1612 1527 ante
1655 1462 1879 1527 Nonas
1924 1462 2082 1526 mihi
2129 1464 2284 1528 illuc

260 1553 643 1617 veniendum
718 1553 805 1615 sit
877 1549 972 1637 (id
1037 1555 1222 1634 potes
1286 1572 1402 1634 per
1464 1551 1818 1635 Egnatium
1883 1550 2284 1640 Maximum),

261 1641 424 1704 illud
476 1641 545 1705 in
609 1640 863 1723 pri-mie,
927 1661 1072 1704 cum
1124 1638 1408 1703 Publilio
1474 1661 1575 1704 me
1642 1643 1906 1723 apsente
1965 1640 2283 1705 conficias.

261 1728 360 1793 De
406 1750 534 1811 quo
581 1749 744 1812 quae
788 1728 960 1791 fama
1006 1729 1111 1813 sit⁷
1157 1728 1414 1792 scribes,

186 1877 235 1918 15
397 1850 515 1916 ‘Id
573 1852 906 1934 populus
963 1854 1183 1914 curat
1238 1848 1602 1914 scilicetl'

262 1992 416 2059 Non
467 1992 827 2057 mehercule
882 1991 1192 2076 arbitror3
1258 1991 1497 2055 etenim
1549 1990 1707 2056 haec
1765 1992 2102 2057 decantata
2145 1998 2285 2058 erat

259 2082 494 2147 fabula.
598 2079 723 2145 Sed
784 2081 1102 2164 complere
1165 2080 1469 2164 paginam
1531 2080 1724 2145 volui.
1826 2079 1992 2156 Quid
2053 2081 2284 2165 plura?

261 2169 904 2323 {gseteeigignhaoffipsn
948 2169 1077 2233 nisi
1124 2169 1279 2252 quid
1315 2173 1390 2232 tu
1428 2189 1756 2253 prorogas.
1833 2167 2074 2254 Scripsi
2112 2170 2282 2234 enim

183 2445 236 2485 ,ο
970 2415 1233 2498 xxxv,
1279 2414 1575 2479 xxxvi„

546 2538 660 2593 Scr.
690 2539 754 2591 in
796 2537 1109 2591 Tusculano
1144 2536 1258 2590 ΙΠ
1285 2538 1374 2590 Id.
1410 2536 1597 2606 Quint.
1628 2555 1680 2591 α.
1713 2540 1822 2591 709
1861 2541 1998 2606 (45).

869 2659 1159 2715 CICERO
1194 2659 1486 2715 ATTICO
1522 2660 1688 2715 SAL.

398 2769 452 2835 O
490 2793 627 2835 rem
663 2769 1016 2854 indignam!
1072 2765 1350 2832 Gentilis
1387 2771 1540 2832 tuus
1577 2768 1805 2832 urbem
1841 2773 2052 2855 auget,
2089 2792 2281 2854 quam
2322 2790 2349 2836 1

261 2860 386 2924 1106
439 2858 698 2922 biennio
759 2857 1038 2941 primum
1094 2856 1282 2942 vidit,
1342 2859 1407 2921 et
1461 2857 1520 2920 ei
1573 2879 1801 2940 parum
1854 2879 2088 2943 magna
2145 2860 2283 2924 visa

184 2974 236 3014 25
264 2952 392 3033 est,
458 2969 620 3031 quae
685 2946 880 3010 etiam
937 2946 1153 3029 ipsum
1208 2966 1432 3028 capere
1486 2945 1790 3028 potuerit.
1890 2945 2031 3010 Hac
2084 2947 2160 3011 de
2213 2969 2284 3012 re

262 3036 466 3121 igitur
513 3038 808 3118 exspecto
845 3034 1099 3097 litteras
1138 3037 1300 3097 tuas,
1375 3032 1655 3097 Varroni
1693 3034 1920 3097 scribis
1958 3039 2040 3118 te,
2088 3035 2283 3099 simul
2317 3052 2349 3099 2

265 3146 339 3189 ac
390 3124 653 3188 venerit.
744 3120 901 3185 Dati
953 3122 1157 3207 igitur
1211 3122 1342 3185 iam
1388 3126 1569 3207 sunt,
1624 3143 1743 3186 1166
1787 3122 1912 3186 tibi
1955 3124 2283 3209 integrum

264 3216 390 3299 est,
441 3211 585 3298 hui,
640 3211 696 3275 si
744 3211 935 3295 seiae,
991 3213 1233 3294 quanto
1281 3210 1563 3293 periculo
1610 3213 1752 3275 tuo!
1825 3208 1963 3275 Aut
2007 3212 2283 3277 fortasse

263 3303 519 3365 litterae
564 3322 738 3363 meae
785 3304 849 3362 te
895 3299 1327 3381 retardarunt3
1373 3298 1504 3362 nisi
1542 3320 1646 3362 eas
1690 3299 1975 3363 nondum
2014 3299 2282 3385 1636166,

184 3418 238 3457 30
264 3412 409 3455 cum
464 3389 583 3453 has
648 3387 970 3472 proximas
1018 3387 1350 3470 scripsisti.
1445 3385 1619 3451 Scire
1665 3388 1867 3471 igitur
1913 3408 2096 3472 aveo,
2152 3409 2281 3471 quo

263 3478 452 3544 modo
500 3498 602 3541 res
651 3499 717 3540 se
763 3475 1013 3539 habeat.
1105 3483 1112 3484 ’

396 3565 493 3630 Ι)6
549 3564 738 3629 Bruti
794 3584 1008 3627 amore
1064 3568 1405 3647 vestraque
1465 3562 1901 3626 ambulatione
1946 3562 2069 3626 etsi
2114 3561 2275 3625 mihi
2313 3578 2598 3627 mmm)
