2642 3923
2210 0 2610 10 riijW——f—..fl-F—..q

647 213 1163 269 EPISTULARUM
1202 214 1299 268 AD
1335 215 1643 270 BRUTUM
1681 216 1732 269 II
1767 224 1818 285 4,
1858 224 1904 271 5.
2142 218 2271 281 559

248 363 584 424 certamen.
678 357 754 423 Id
800 360 1086 442 profecto
1133 359 1385 423 nullum
1431 363 1618 443 esset,
1661 360 1790 423 nisi
1834 364 1976 424 tum
2022 383 2272 426 conser-

249 452 435 512 vatus
498 451 665 512 esset
721 447 1062 511 Antonius.
1157 446 1279 512 Sed
1335 447 1491 512 haec
1546 449 1805 532 omitt03
1869 470 1970 513 res
2018 450 2188 513 enim
2234 472 2273 514 a

248 541 314 600 te
361 541 565 621 gesta,
589 536 1023 600 memorabilis
1070 539 1133 599 et
1179 557 1378 619 paene
1425 537 1714 601 caelestis
1761 537 2014 621 repellit
2052 560 2270 602 omnes

250 624 805 708 reprehensiones,
870 624 1107 707 quippe
1173 646 1335 708 quac
1397 647 1478 690 ne
1542 626 1727 689 laude
1793 626 2049 709 quidem
2113 627 2269 690 satis

196 740 223 781 5
251 714 479 778 idonea
543 712 728 777 adfici
790 713 1014 795 possit.
1104 711 1443 776 Exstitisti
1506 735 1710 796 nuper
1774 715 1959 778 vultu
2025 737 2271 798 sever03

253 802 629 885 exercitum,
685 801 930 886 copias,
982 800 1268 885 legiones
1314 801 1576 865 idoneas
1619 824 1735 884 per
1780 807 1845 865 te
1889 803 2069 867 brevi
2116 809 2271 867 tem-

252 912 409 974 pore
480 890 882 973 comparasti.
986 888 1069 953 Di
1136 889 1556 953 immortales!
1641 891 1750 973 qui
1815 891 1924 955 ille
1987 892 2273 974 nuntiuS,

256 1001 417 1063 quae
462 978 611 1042 illae
647 978 921 1061 litterae,
968 998 1128 1061 quae
1164 977 1414 1041 laetitia
1450 982 1729 1065 senatUS,
1775 1001 1936 1062 quae
1974 980 2273 1043 alacritas

255 1067 536 1131 civitatis
595 1069 757 1131 erat!
821 1065 986 1130 nihil
1045 1087 1349 1149 umquam
1409 1066 1540 1130 vidi
1594 1070 1727 1130 tam
1784 1067 2071 1132 omnium
2128 1090 2273 1132 con-

175 1183 227 1221 1ο
257 1155 551 1220 sensione
594 1155 941 1219 laudatum.
1032 1153 1197 1218 Erat
1244 1155 1634 1237 exspectatio
1681 1155 2097 1239 reliquiarum
2143 1157 2272 1220 An-

255 1245 423 1327 toni,
488 1265 679 1327 quem
743 1243 1039 1327 equitatu
1099 1242 1595 1327 legionibusque
1659 1265 1892 1328 magna
1957 1266 2033 1308 ex
2089 1248 2272 1328 parte

256 1332 586 1416 spoliaras.
659 1331 759 1395 Ea
806 1352 1060 1415 quoque
1104 1330 1335 1395 habuit
1382 1331 1625 1395 exitum
1673 1333 2038 1415 optabilem.
2103 1332 2273 1396 Nam

254 1426 405 1485 tuae
449 1421 732 1503 litterae,
792 1440 955 1503 quae
998 1419 1302 1483 recitatae
1348 1420 1416 1484 in
1463 1424 1686 1485 senatu
1734 1425 1915 1508 sunt,
1967 1425 2032 1485 et
2077 1422 2273 1505 impe-

255 1509 494 1573 ratoris
541 1512 606 1571 et
650 1508 929 1571 militum
975 1509 1279 1571 virtutem
1328 1512 1391 1572 et
1436 1508 1820 1572 industriam
1866 1514 2148 1594 tuorum,
2205 1509 2275 1573 in

176 1623 228 1663 15
260 1596 496 1681 quibus
534 1594 856 1660 Ciceronis
893 1596 1038 1678 mei,
1075 1596 1411 1660 declarant.
1486 1595 1726 1672 Quodsi
1761 1598 1893 1661 tuis
1930 1598 2274 1681 placuisset

258 1686 335 1750 de
379 1685 484 1749 his
528 1684 763 1748 litteris
809 1685 1052 1768 referri,
1106 1688 1171 1748 et
1214 1684 1344 1748 nisi
1390 1684 1457 1747 in
1501 1689 1756 1768 tempus
1802 1686 2274 1750 turbulentissi-

256 1797 436 1838 mum
471 1778 621 1856 post
659 1772 1007 1837 discessum
1040 1771 1285 1836 Pansae
1324 1773 1604 1837 consulis
1638 1773 2031 1858 incidissent,
2065 1773 2273 1838 honos

260 1884 515 1946 quoque
574 1861 785 1925 iustus
849 1866 914 1924 et
976 1860 1230 1924 debitus
1297 1861 1395 1924 dis
1450 1861 1926 1926 immortalibus
1985 1863 2273 1925 decretus

260 1954 445 2016 esset.
535 1949 702 2015 Ecce
757 1949 881 2014 tibi
925 1946 1085 2013 Idib.
1134 1949 1337 2033 April.
1396 1949 1652 2015 advolat
1704 1972 1890 2014 mane
1945 1948 2128 2015 Celer
2171 1950 2271 2014 Pi·
2312 1968 2344 2015 3

179 2067 232 2105 20
259 2040 415 2125 lius,
471 2039 583 2123 qui
636 2038 763 2121 vir,
824 2038 888 2101 di
947 2038 1132 2124 boni,
1185 2060 1379 2122 quam
1424 2039 1637 2122 gravis
1648 2091 1664 2122 ,
1722 2061 1912 2123 quam
1956 2044 2276 2123 constans,

259 2151 456 2212 quam
516 2127 830 2191 bonarum
884 2127 952 2189 in
998 2149 1066 2189 re
1111 2127 1370 2210 publica
1414 2128 1721 2211 partium!
1793 2127 1919 2191 Hic
1965 2129 2274 2210 epistulas

262 2217 470 2280 adfert
523 2216 706 2298 duas,
760 2237 954 2278 unam
1009 2218 1123 2279 tuo
1177 2216 1460 2297 nomine,
1515 2216 1780 2279 alteram
1825 2215 2101 2299 Antoni3
2165 2216 2275 2280 dat

264 2304 536 2369 Servilio
600 2303 862 2367 tribuno
916 2303 1153 2388 plebis,
1206 2304 1316 2367 ille
1372 2302 1676 2368 Cornuto.
1776 2302 2155 2368 Recitantur
2207 2304 2277 2370 in

262 2397 504 2458 senata.
598 2392 984 2456 ANTONIVS
1032 2408 1316 2456 PROCOS.
1324 2393 1344 2421 '
1415 2391 1652 2478 Magna
1698 2393 2054 2475 admiratiO,
2097 2397 2172 2457 ut
2220 2393 2276 2458 si

180 2507 232 2548 25
263 2487 432 2547 esset
486 2480 825 2544 recitatum
873 2478 1331 2544 DOLABELLA
1376 2481 1834 2564 IMPERATOR’3
1882 2504 1919 2544 a
1965 2503 2091 2564 quo
2140 2481 2276 2564 qui-

264 2571 409 2634 dem
473 2590 666 2633 vener
667 2573 778 2632 ant
836 2556 1184 2653 tabellarii,
1251 2569 1361 2632 sed
1415 2590 1602 2634 nemo
1656 2568 1802 2633 Pili
1839 2570 2096 2654 similis,
2166 2570 2275 2653 qui

264 2658 549 2742 proferre
620 2658 870 2722 litteras
945 2656 1204 2720 auderet
1268 2661 1380 2720 aut
1444 2657 1934 2758 magistratibus
1998 2657 2273 2722 reddere.

265 2746 441 2810 Tuae
484 2747 834 2810 recitantur
878 2745 1101 2809 breves
1149 2745 1296 2808 illae
1344 2745 1615 2831 quidem,
1663 2747 1771 2809 sed
1818 2745 1885 2809 in
1920 2744 2276 2810 Antonium

267 2834 606 2898 admodum
649 2834 839 2897 lenes.
902 2832 1332 2897 Vehementer
1378 2833 1728 2897 admiratus
1765 2838 2041 2899 senatus,
2113 2834 2278 2898 Mihi

185 2950 240 2989 30
269 2927 483 2987 autem
527 2944 657 2987 non
703 2926 840 2985 erat
887 2922 1299 3005 explicatum,
1361 2922 1513 3005 quid
1560 2943 1826 3006 agerem.
1919 2921 2142 2987 Falsas
2190 2923 2278 2986 di·

268 3010 517 3076 cerem?
593 3010 774 3094 quid,
839 3010 894 3074 si
949 3016 1022 3074 tu
1076 3032 1182 3075 eas
1239 3010 1703 3093 adprobasses‘?
1777 3009 2277 3075 Confirmarem‘?

266 3121 400 3164 non
473 3103 609 3162 erat
673 3098 1007 3182 dignitatis
1070 3102 1234 3162 tuae.
1341 3096 1568 3183 Itaque
1630 3099 1741 3162 ille
1803 3098 1936 3162 dies
2003 3098 2275 3163 silenti0.
2314 3116 2348 3164 4

266 3187 586 3252 Postridie
659 3191 872 3250 autem
944 3208 1089 3251 cum
1155 3208 1364 3250 sermo
1430 3187 1880 3273 increbuisset,
1951 3186 2279 3271 Piliusque

270 3276 489 3341 oculos
547 3275 985 3340 vehementius
1031 3275 1369 3339 hominum
1421 3275 1819 3358 offendisset,
1882 3279 2104 3338 natum
2150 3297 2279 3339 om-

186 3391 240 3432 85
267 3365 421 3428 nino
488 3367 586 3428 est
649 3363 1038 3447 principium
1100 3386 1137 3426 a
1199 3385 1315 3427 me.
1408 3362 1506 3427 De
1559 3364 1940 3447 proconsule
1993 3363 2279 3427 Antonio

269 3453 489 3516 multa.
601 3450 848 3516 Sestius
923 3474 1148 3516 causae
1218 3474 1351 3515 non
1424 3452 1625 3516 defuit
1696 3456 1847 3535 post
1919 3474 2046 3537 me,
2118 3473 2281 3533 cum,

271 3544 513 3626 quanto
570 3562 758 3604 suum
809 3540 1043 3623 filium,
1100 3544 1341 3624 quanto
1397 3562 1610 3604 meum
1669 3540 1738 3603 in
1782 3540 2067 3624 periculo
2112 3540 2281 3604 futu-
