2642 3923
587 218 1104 274 EPISTULARUM
1141 219 1239 272 AD
1277 219 1603 274 ATTIOUM
1638 219 1767 274 XIV
1806 226 1889 288 12,
1931 225 2014 274 13.
2180 220 2312 283 445

284 363 473 426 nobis
518 363 677 446 ipsis
726 384 865 426 esse
910 362 1126 445 debet,
1172 366 1265 445 ut,
1313 362 1618 446 quicquid
1673 363 2003 448 acciderit,
2055 363 2314 427 fortiter

286 455 352 515 et
390 451 709 534 sapienter
755 452 1033 515 feramus
1080 456 1144 514 et
1190 450 1493 516 accidisse
1539 451 1909 515 hominibus
1955 451 2313 515 memineri-

287 561 447 623 111116,
492 559 738 623 nosque
784 560 928 602 cum
975 539 1253 603 multum
1298 538 1557 602 litterae
1602 544 1743 602 tum
1795 561 1930 603 non
1971 539 2310 603 minimum

288 625 441 690 Idus
480 648 733 710 quoque
771 626 1042 691 Martiae
1087 626 1512 691 consolentur.
1596 626 1859 711 Suscipe
1897 648 2069 691 nunc
2104 649 2310 690 meam
2347 643 2382 691 4

238 740 263 781 5
291 716 841 798 deliberationem,
906 737 1033 799 qua
1089 715 1417 779 sollicitor.
1509 714 1612 779 Ita
1665 716 1870 779 multa
1925 715 2189 779 veniunt
2244 716 2311 778 in

289 808 568 867 mentem
620 804 691 867 in
743 808 1082 886 utramque
1139 807 1407 886 partem.
1498 803 1902 886 Proficiscor,
1958 807 2031 867 ut
2078 804 2311 868 consti-

289 896 564 975 tueram,
619 892 870 976 legatus
916 893 986 954 in
1034 889 1390 956 Graeciam:
1438 891 1646 956 caedis
1695 892 2102 975 inpendentis
2149 891 2311 974 peri-

290 979 503 1044 culum
548 1002 680 1044 non
722 980 888 1044 nihil
924 980 1129 1044 vitare
1174 980 1413 1064 videor,
1459 979 1569 1044 sed
1605 1002 1867 1044 casurus
1913 980 1983 1044 in
2030 980 2311 1063 aliquam
2384 1045 2391 1051 ,

288 1068 844 1153 vituperationem,
899 1067 1071 1151 quod
1117 1068 1212 1132 rei
1257 1068 1549 1151 publicae
1594 1068 1903 1132 defuerim
1949 1072 2084 1131 tam
2129 1069 2313 1153 gravi

215 1184 263 1222 ιο
289 1161 594 1240 tempore
670 1156 787 1221 Sin
823 1161 1040 1221 autem
1076 1177 1386 1239 mansere,
1424 1157 1562 1221 fore
1596 1178 1698 1220 me
1736 1157 1994 1240 quidem
2020 1156 2261 1220 video
2242 1179 2311 1220 m

290 1245 671 1327 discrimine,
700 1245 810 1309 sed
847 1245 1126 1309 accidere
1161 1266 1351 1328 posse
1387 1246 1694 1330 suspicor,
1729 1249 1804 1308 ut
1831 1243 2131 1329 prodesse
2167 1265 2311 1327 pos-

292 1333 415 1397 sim
460 1334 555 1397 rei
599 1333 907 1416 publicae.
981 1330 1118 1395 Iam
1164 1332 1283 1397 1Π6
1324 1333 1590 1397 001161116
1634 1334 1887 1416 privata
1926 1336 2096 1418 sunt,
2141 1332 2313 1415 quod

292 1421 500 1485 sentio
536 1420 719 1485 valde
765 1442 904 1485 esse
941 1422 1100 1485 utile
1147 1421 1228 1484 ad
1264 1421 1811 1486 confirmationem
1849 1419 2174 1485 Ciceronis
2210 1442 2311 1484 me

289 1509 444 1572 illuc
487 1510 730 1592 venire3
775 1530 890 1572 1160
935 1509 1062 1572 6116
1106 1530 1297 1572 causa
1341 1509 1757 1594 profectionis
1801 1508 1962 1573 mihi
2009 1509 2141 1573 ulla
2184 1509 2310 1572 fuit

215 1623 265 1664 15
290 1602 450 1680 tum,
495 1618 640 1660 cum
676 1596 1015 1661 consilium
1052 1597 1190 1680 cepi
1226 1598 1428 1681 legari
1466 1619 1504 1661 a
1540 1596 1825 1662 Caesare.
1899 1597 2066 1661 Tota
2109 1597 2311 1682 igitur

290 1685 412 1748 hac
457 1684 532 1747 de
586 1706 682 1769 re,
736 1688 812 1749 ut
864 1680 1060 1770 soles,
1124 1685 1179 1748 si
1227 1685 1384 1768 quid
1436 1684 1516 1749 ad
1568 1707 1671 1749 me
1729 1686 2051 1770 pertinere
2103 1688 2310 1770 putaS,

293 1794 367 1836 00
419 1771 626 1836 tabis.

371 1793 638 1924 glRedeo
683 1881 854 1924 nunc
897 1859 976 1924 ad
1013 1859 1355 1943 epistulam
1391 1863 1586 1925 tuam.
1679 1858 1920 1925 Scribis
1958 1861 2129 1925 enim
2175 1882 2313 1924 esse
2350 1877 2381 1925 5

294 1971 583 2014 rumores
620 1971 742 2034 me,
778 1948 857 2013 ad
892 1948 1100 2014 lacum
1139 1949 1311 2033 quod
1347 1948 1572 2036 habeo,
1606 1949 2032 2035 venditurum,
2076 1949 2311 2013 minus-

216 2066 268 2105 zo
294 2038 502 2101 culam
548 2060 698 2102 vero
744 2038 966 2102 villam
1014 2037 1294 2123 [utique]
1335 2003 1573 2112 Quinto
1621 2038 2010 2101 traditurum
2049 2038 2154 2102 vel
2198 2038 2311 2101 im-

294 2147 496 2209 penso
543 2126 778 2210 pretiO,
829 2148 957 2210 quo
1002 2126 1474 2209 introducatur,
1529 2129 1604 2189 ut
1648 2126 1773 2189 tibi
1819 2124 2095 2200 Quintus
2139 2125 2312 2189 fih'us

292 2215 544 2299 dixerit,
591 2213 813 2278 dotata
856 2213 1138 2298 Aquilia.
1226 2214 1400 2315 Ego·
1419 2235 1570 2278 vero
1616 2213 1692 2277 de
1737 2214 2102 2278 venditione
2148 2214 2314 2277 nihil

292 2304 535 2387 003110,
587 2303 714 2366 11161
770 2302 952 2387 quid,
1006 2303 1176 2386 quod
1231 2302 1438 2387 magis
1491 2324 1592 2366 me
1639 2302 1938 2385 delectet,
1993 2302 2310 2367 invenero.

293 2355 569 2465 Quintiis
633 2395 848 2455 autem
912 2355 989 2454 (16
1049 2390 1309 2454 emendo
1365 2389 1532 2454 nihil
1591 2395 1770 2454 curat
1827 2390 1951 2454 hoc
2009 2393 2311 2473 tempore.

215 2506 268 2547 25
296 2478 466 2543 Satis
514 2480 684 2543 enim
727 2483 1069 2561 torquetur
1116 2478 1438 2543 debitione
1485 2479 1683 2563 dotis,
1727 2479 1797 2542 in
1842 2501 1969 2562 qua
2014 2479 2313 2542 mirificas

296 2565 364 2641 Q.
411 2566 692 2651 Egnatio
749 2568 990 2651 gratias
1047 2567 1209 2651 agit3
1263 2589 1301 2629 a
1355 2566 1639 2630 ducenda
1693 2571 1909 2630 autem
1963 2587 2161 2631 uxore
2223 2568 2314 2632 sic

296 2655 616 2740 abhorret,
659 2658 733 2718 ut
777 2654 982 2719 libero
1025 2653 1263 2719 lectulo
1297 2659 1491 2739 neget
1536 2677 1674 2719 esse
1712 2656 2053 2738 quicquam
2097 2656 2314 2720 iucun-

296 2744 454 2807 dius.
547 2740 671 2807 Sed
715 2742 870 2806 haec
917 2764 1173 2827 quoque
1218 2742 1543 2807 hactenus.
2352 2762 2382 2809 6

428 2829 641 2895 Redeo
700 2830 871 2895 enim
932 2830 1010 2894 ad
1067 2830 1367 2895 miseram
1428 2852 1541 2895 seu
1592 2831 1837 2895 nullam
1900 2831 2120 2916 potius
2175 2854 2310 2895 rem

216 2946 271 2987 30
297 2919 636 3002 publicam.
727 2919 812 2984 M.
842 2917 1166 2983 Antonius
1221 2918 1302 2982 ad
1345 2940 1448 2984 me
1494 2918 1751 3002 scripsit
1799 2918 1875 2982 de
1902 2920 2313 2984 restitutione

298 3005 438 3072 Sex.
503 3005 715 3091 Clodi3
769 3029 963 3091 quam
1008 3006 1387 3092 honorifice,
1440 3006 1612 3091 quod
1657 3008 1736 3071 ad
1780 3030 1882 3071 me
1927 3009 2189 3093 attinet,
2236 3030 2310 3072 ex

294 3096 499 3179 ipsius
558 3095 795 3159 litteris
854 3115 1200 3180 cognosces
1260 3092 1441 3180 (misi
1497 3095 1669 3159 enim
1727 3096 1851 3159 tibi
1905 3095 2311 3197 exemplum),

297 3206 489 3268 quam
535 3183 862 3266 dissolute,
909 3205 1100 3266 quam
1135 3184 1413 3265 turpiter
1451 3204 1769 3267 quamque
1804 3185 1897 3248 ita
1940 3184 2312 3269 perniciose,

296 3276 370 3336 ut
422 3293 554 3336 non
606 3292 956 3355 numquam
1011 3268 1243 3335 Caesar
1306 3272 1757 3371 desiderandus
1818 3294 1955 3336 esse
2000 3271 2312 3356 videatur,

217 3386 268 3428 35
294 3361 480 3425 facile
518 3359 932 3424 existimabis,
1023 3357 1197 3433 Quae
1233 3358 1402 3423 enim
1440 3357 1673 3424 Caesar
1712 3381 2062 3442 numquam
2107 3381 2312 3441 neque

294 3449 547 3514 fecisset
610 3469 815 3531 neque
874 3469 1100 3530 passus
1167 3452 1361 3529 esset,
1425 3469 1500 3511 ea
1556 3469 1727 3512 nunc
1788 3469 1865 3510 ex
1925 3447 2106 3510 falsis
2174 3450 2311 3511 eius

296 3536 766 3602 commentariis
803 3536 1232 3620 proferuntur.
1324 3535 1470 3619 Ego
1516 3538 1730 3599 autem
1766 3533 2052 3598 Antonio
2090 3534 2312 3598 facilli·
