2642 3923
577 213 1088 269 EPISTULARUM
1124 214 1223 268 AD
1261 213 1584 271 ATTIUUM
1623 215 1726 269 VII
1767 220 1988 270 11—18.
2154 214 2281 278 207

271 355 425 422 Non
467 356 790 422 deterreor
834 356 1136 441 periculo,
1191 358 1303 421 sed
1348 358 1677 441 dirumpor
1722 357 1956 423 dolore.
2046 356 2286 423 Tamne

271 445 453 510 nullo
508 444 775 509 consilio
832 449 944 509 aut
997 447 1130 509 tam
1188 449 1411 510 contra
1456 467 1671 511 meum
1718 446 2057 511 consilium
2102 449 2288 532 gesta

271 555 413 598 *esse
459 533 698 598 omnia!
761 532 870 596 An
915 537 1173 598 cuncter
1218 537 1283 597 et
1329 534 1714 618 tergiverser
1758 537 1824 599 et
1868 534 1950 599 iis
1987 556 2089 599 me
2126 534 2287 619 dem,

277 622 388 705 qui
432 625 673 705 tenent,
719 621 829 703 qui
874 621 1255 705 potiuntur?
1330 620 1686 706 ‘Alds'ogaac
1733 622 1993 708 Τρῶας’
2035 644 2153 687 nec
2188 643 2284 686 so-

221 737 248 778 ⁶
273 710 411 774 lum
455 709 632 795 civis,
676 710 786 773 sed
822 709 1017 773 etiam
1053 709 1241 774 amici
1277 709 1490 774 officio
1527 731 1816 794 revocor3
1862 710 1985 775 etsi
2020 711 2285 795 frangor

278 818 464 881 saepe
525 797 962 861 misericordia
1023 818 1385 882 puerorum.
1483 796 1576 863 Ut
1636 798 1837 883 igitur
1895 799 1987 862 ita
2038 802 2284 882 pertur-
2320 814 2354 863 4

277 886 457 968 bat0,
512 886 635 950 etsi
689 889 755 949 te
801 884 1020 950 eadem
1066 885 1436 970 sollicitant,
1490 886 1696 950 scribe
1742 886 2003 971 aliquid,
2048 890 2112 950 et
2156 908 2286 950 ma—

276 975 474 1059 xime,
526 973 585 1041 si
636 972 978 1056 Pompeius
1025 971 1217 1038 Italia
1271 974 1464 1058 cedit,
1527 974 1682 1058 quid
1734 974 1924 1039 nobis
1970 974 2287 1059 agendum

277 1066 481 1146 putes.
580 1060 682 1125 M’.
729 1061 987 1145 quidem
1030 1060 1308 1144 Lepidus
1371 1058 1401 1149 (
1413 1083 1563 1127 nam
1618 1063 1858 1126 fuimus
1912 1061 2077 1150 una)
2142 1083 2288 1126 eum

197 1178 251 1218 ιο
277 1151 471 1214 finem
526 1149 781 1233 statuit,
834 1148 904 1213 L.
951 1149 1316 1232 Torquatus
1370 1150 1654 1214 eundem.
1744 1149 1851 1214 Me
1894 1172 2039 1215 cum
2083 1149 2289 1214 multa

277 1243 420 1303 tum
483 1237 678 1302 etiam
734 1237 994 1301 lictores
1058 1238 1431 1322 impediunt.
1531 1235 1718 1302 Nihil
1778 1238 1911 1303 vidi
1966 1259 2289 1324 umquam,

281 1326 454 1411 quod
513 1326 725 1390 minus
788 1325 1093 1409 explicari
1146 1329 1381 1409 posset.
1479 1324 1709 1411 Itaque
1760 1349 1799 1390 a
1851 1330 1919 1390 te
1967 1325 2289 1390 nihildum

281 1414 439 1480 certi
486 1414 770 1498 exquire,
816 1414 926 1477 sed
971 1412 1126 1497 quid
1167 1414 1476 1478 videatur.
1547 1412 1843 1498 Denique
1886 1414 2095 1498 ipsam
2135 1413 2289 1479 ἀπο-

282 1506 436 1588 ρίαν
489 1505 669 1566 tuam
723 1502 909 1585 cupio
967 1522 1364 1587 cognoscere.
1454 1499 1811 1567 Labienum
1869 1502 1950 1566 ab
2004 1502 2118 1567 illo
2165 1502 2290 1566 dis·
2326 1517 2359 1567 6

203 1616 254 1658 ιε
283 1591 549 1655 cessisse
600 1610 802 1673 prope
854 1590 1113 1654 modum
1169 1594 1439 1654 constat.
1533 1588 1603 1654 Si
1658 1591 1752 1655 ita
1806 1590 2046 1655 factum
2103 1593 2290 1674 esset,

281 1683 357 1742 ut
399 1678 510 1742 ille
544 1676 819 1742 Romam
863 1678 1125 1742 veniens
1160 1678 1582 1762 magistratus
1618 1682 1682 1743 et
1720 1682 2011 1742 senatum
2046 1675 2292 1743 Romae

285 1765 662 1850 offenderet,
705 1787 938 1851 magno
994 1766 1141 1830 usui
1196 1786 1423 1830 causae
1467 1769 1727 1831 nostrae
1772 1766 2017 1831 fuisset.
2098 1764 2291 1830 Dam-

282 1875 471 1919 nasse
553 1853 722 1917 enim
791 1853 1047 1918 sceleris
1109 1853 1436 1918 hominem
1502 1854 1775 1917 amicum
1843 1854 1936 1930 rei
1998 1852 2293 1938 publicae

284 1964 475 2009 causa
517 1942 857 2027 videretur,
905 1942 1075 2025 quod
1119 1964 1289 2007 nunc
1327 1963 1580 2026 quoque
1617 1942 1888 2027 videtur,
1934 1941 2044 2007 sed
2079 1943 2292 2007 minus

203 2061 257 2101 πο
284 2031 557 2115 prodest.
631 2028 784 2094 Non
829 2029 1001 2094 enim
1034 2030 1250 2114 habet,
1295 2031 1398 2094 cui
1433 2030 1659 2114 prosit,
1707 2052 1977 2114 eumque
2014 2032 2295 2094 arbitror

284 2119 634 2204 paenitere,
683 2118 813 2183 nisi
864 2119 1033 2183 forte
1088 2117 1155 2182 id
1212 2118 1426 2201 ipsum
1471 2123 1569 2182 est
1614 2118 1876 2203 falsum,
1930 2118 2295 2184 discessisse

284 2208 487 2272 illum.
576 2204 716 2271 Nos
764 2205 1020 2289 quidem
1062 2227 1180 2290 pro
1227 2210 1401 2271 certo
1447 2206 1856 2271 habebamus,

417 2295 508 2359 Et
550 2294 770 2378 velim,
825 2315 1239 2378 quamquam,
1293 2298 1369 2359 ut
1414 2295 1663 2380 scribis,
1708 2294 2071 2360 domesticis
2093 2295 2182 2357 =te
2226 2293 2295 2356 fi-
2334 2309 2365 2358 6

286 2383 477 2447 nibus
557 2386 765 2465 tenes,
843 2382 1118 2446 formam
1189 2381 1351 2447 mihi
1424 2382 1604 2447 urbis
1677 2404 1986 2467 exponas,
2056 2382 2297 2465 ecquod

207 2499 258 2540 25
285 2470 551 2555 Pompei
605 2470 1016 2556 desiderium,
1068 2490 1301 2553 ecquae
1348 2468 1639 2535 Caesaris
1694 2470 1934 2534 invidia
1976 2473 2299 2555 appareat,

289 2560 483 2624 etiam
529 2558 684 2642 quid
730 2579 985 2623 censeas
1031 2557 1109 2622 de
1154 2557 1455 2622 Terentia
1499 2563 1563 2623 et
1608 2558 1846 2642 Tullia,
1900 2557 2145 2623 Romae
2190 2578 2296 2623 eas

290 2668 427 2712 esse
473 2669 555 2711 an
599 2667 846 2711 mecum
892 2668 974 2710 an
1019 2645 1236 2729 aliquo
1281 2650 1429 2711 tuto
1474 2647 1633 2712 loc0.
1705 2646 1882 2711 Haec
1927 2650 1992 2711 et
2039 2646 2095 2710 si
2142 2646 2296 2730 quid

290 2735 464 2800 aliud
509 2734 588 2799 ad
631 2755 734 2798 me
780 2734 1021 2799 scribas
1066 2733 1260 2798 velim
1304 2735 1409 2798 vel
1452 2735 1672 2818 potius
1720 2734 2060 2817 scriptites.

1206 2906 1383 2973 XIII.

210 3045 264 3086 :30
350 3075 371 3090 .
645 3030 758 3087 Ser.
790 3031 1110 3086 Mentwrm’s
1143 3029 1244 3084 IX
1276 3029 1353 3084 K.
1382 3028 1545 3084 Febr.
1575 3046 1626 3084 a.
1658 3032 1768 3084 705
1806 3031 1943 3098 (49).

927 3151 1180 3209 mosao
1219 3151 1481 3208 ΑΤΤῙοο
1521 3123 1672 3206 siau„⁴

424 3262 522 3327 De
573 3260 1012 3326 Vennonianis
1075 3261 1267 3325 rebus
1331 3260 1454 3324 tibi
1519 3260 1849 3325 assentior.
1948 3257 2301 3324 Labienum
2341 3276 2365 3323 1

291 3353 475 3438 ἥρωα
536 3351 763 3415 iudico.
868 3348 1141 3414 Facinus
1198 3349 1329 3413 iam
1394 3348 1500 3412 diu
1562 3348 1813 3412 nullum
1878 3347 2061 3412 civile
2125 3368 2301 3430 prae-

294 3441 555 3524 clarius,
610 3438 749 3523 qui,
800 3441 876 3502 ut
920 3437 1094 3501 aliud
1137 3437 1321 3522 nihil,
1364 3437 1487 3501 hoc
1532 3441 1747 3500 tamen
1791 3435 2082 3520 profecit,
2128 3435 2300 3498 dedit

215 3554 268 3597 aa
295 3530 392 3593 illi
446 3528 749 3593 dolorem.
842 3524 966 3590 Sed
1025 3525 1220 3590 etiam
1275 3526 1356 3590 ad
1410 3547 1724 3589 summam
1777 3523 2134 3608 profectum
2191 3522 2301 3586 ali·
