2642 3923
559 215 1074 272 EPISTULARUM
1110 217 1210 270 AD
1247 216 1573 271 ATTICUM
1610 217 1740 272 XIV
1780 224 1844 272 17
1855 217 1920 286 A,
1962 223 2045 274 18.
2170 217 2301 283 455

286 366 497 425 tecum
559 351 697 443 ipse
754 364 971 425 certes
1071 359 1173 426 Ne
1227 360 1400 425 licet-
1434 361 1688 445 quidem
1742 361 1867 425 tibi
1919 361 2047 426 iam
2100 361 2301 425 tantis
2341 379 2371 426 7

286 449 479 513 rebus
545 450 744 535 gestis
809 471 943 513 non
1003 449 1105 512 tui
1170 448 1443 512 similem
1510 471 1662 513 esse.
1767 448 1949 525 Quod
2014 471 2157 513 cum
2211 450 2304 512 ita

288 537 402 622 sit,
463 537 750 602 hortatio
805 559 940 601 non
994 541 1091 600 est
1144 537 1527 622 necessaria,
1591 538 2024 622 gratulatione
2095 537 2303 621 magis

289 625 597 690 utendum
644 630 760 690 est.
852 623 1147 710 Contigit
1194 626 1364 689 enim
1409 626 1551 710 tibi,
1613 626 1784 709 quod
1827 625 1998 690 haud
2045 626 2176 689 scio
2223 647 2307 689 an

235 740 263 781 5
288 714 547 797 nemini,
592 718 667 777 ut
714 736 962 777 summa
1000 714 1304 778 severitas
1342 713 1911 778 animadversionis
1947 736 2080 778 non
2113 713 2304 777 modo

289 823 422 867 non
468 802 802 887 invidiosa,
848 802 959 866 sed
1003 802 1197 865 etiam
1243 802 1575 886 popularis
1622 807 1790 866 esset
1837 806 1901 866 et
1937 824 2082 866 cum
2118 801 2305 865 bonis

293 891 590 955 omnibus
647 894 787 954 tum
842 891 1063 954 infimo
1121 891 1349 974 cuique
1405 890 1788 975 gratissima.
1879 889 2022 954 Hoc
2080 890 2137 954 si
2181 889 2307 953 tibi

289 980 551 1044 fortuna
606 979 879 1062 quadam
936 979 1341 1063 contigisset,
1397 978 1755 1063 gratularer
1799 978 2094 1042 felicitati
2138 982 2308 1062 tuae,

292 1068 401 1131 sed
437 1068 711 1152 contigit
746 1066 1188 1153 magnitudine
1217 1088 1412 1150 quom
1450 1067 1647 1131 animi
1674 1071 1815 1130 tum
1841 1067 2037 1131 etiam
2064 1067 2308 1151 ingenii

211 1183 264 1222 ιο
293 1161 484 1240 atque
558 1155 826 1220 consilii.
930 1154 1086 1240 Legi
1162 1155 1333 1219 enim
1397 1156 1759 1219 contionem
1825 1160 2019 1219 tuam.
2124 1153 2309 1218 Nihil

292 1244 403 1308 illa
451 1245 821 1327 sapientius.
895 1241 997 1307 Ita
1042 1243 1501 1326 pedetemptim
1550 1248 1614 1308 et
1659 1244 1977 1328 gradatim
2023 1247 2162 1307 tum
2212 1265 2307 1307 ac-

294 1354 509 1396 cessus
557 1355 594 1395 a
638 1336 704 1397 te
751 1332 829 1396 ad
876 1353 1132 1395 causam
1176 1333 1348 1416 facti,
1393 1337 1534 1396 tum
1571 1354 1877 1417 recessuS,
1921 1336 1995 1396 ut
2029 1354 2131 1396 res
2169 1332 2308 1415 ipsa

292 1422 733 1486 maturitatem
815 1420 938 1484 tibi
1020 1419 1564 1484 animadvertendi
1647 1421 1934 1486 omnium
2005 1441 2308 1484 concessu

296 1510 494 1574 daret.
568 1508 889 1572 Liberasti
930 1509 1136 1592 *igitur
1182 1513 1246 1572 et
1290 1509 1518 1573 urbem
1562 1509 1845 1593 periculo
1882 1513 1946 1573 et
1982 1510 2308 1572 civitatem

216 1624 266 1665 15
292 1602 470 1661 metu
540 1616 747 1680 neque
819 1597 1028 1661 solum
1092 1596 1172 1660 ad
1236 1601 1490 1679 tempus
1553 1598 1898 1661 maximam
1961 1597 2308 1661 utilitatem

296 1685 601 1766 attulisti,
658 1685 770 1749 sed
826 1685 1019 1749 etiam
1068 1684 1146 1747 ad
1193 1685 1570 1767 exemplum.
1663 1684 1800 1761 Quo
1847 1686 2016 1749 facto
2062 1684 2311 1748 intelle-

297 1795 445 1858 gere
502 1773 692 1836 debes
747 1773 817 1836 in
871 1777 936 1836 te
990 1773 1269 1856 positam
1332 1794 1470 1836 esse
1514 1795 1650 1836 rem
1695 1774 2017 1856 publicam
2062 1772 2311 1856 tibique

294 1883 428 1925 non
470 1860 662 1924 modo
709 1860 982 1924 tuendos
993 1912 1011 1944 ,
1067 1861 1176 1924 sed
1223 1861 1418 1923 etiam
1467 1862 1784 1924 ornandos
1831 1862 1979 1924 illos
2026 1861 2218 1945 virOS,
2273 1884 2310 1924 a

298 1950 532 2034 quibus
587 1949 848 2014 initium
903 1948 1225 2013 libertatis
1279 1949 1638 2032 profectum
1694 1954 1808 2014 est.
1901 1948 2028 2014 Sed
2082 1950 2185 2014 his
2233 1949 2309 2013 de

215 2067 268 2106 20
296 2039 485 2102 rebus
533 2060 748 2102 coram
794 2037 981 2120 plura
1025 2059 1223 2121 prope
1271 2038 1466 2122 diem,
1521 2043 1594 2102 ut
1641 2060 1843 2121 spero.
1934 2038 2059 2122 Tu,
2114 2060 2313 2122 quon-

294 2128 424 2191 iam
476 2148 611 2190 rem
666 2126 989 2209 publicam
1033 2148 1278 2209 nosque
1325 2148 1693 2211 conservaS,
1746 2127 1873 2213 fac,
1928 2130 2001 2191 ut
2046 2126 2311 2211 diligen-

293 2215 544 2280 tissime
590 2219 655 2278 te
699 2215 930 2300 ipsum,
973 2215 1062 2278 mi
1108 2213 1464 2298 Dolabella,
1510 2215 1848 2279 custodias.

1182 2388 1423 2454 XVIII.

577 2498 693 2568 ser.
721 2513 783 2565 in
822 2511 1158 2581 Pompeiano
1205 2510 1333 2564 VII
1358 2512 1446 2566 Id.
1479 2512 1624 2565 Mai.
1656 2529 1706 2566 a.
1740 2515 1863 2567 710'
1887 2516 2024 2581 (44).

215 2650 267 2690 25
1016 2633 1271 2688 CICERO
1310 2634 1592 2689 ATTICO.

433 2743 724 2846 Saepius
763 2766 866 2808 me
924 2744 1053 2808 iam
1108 2743 1343 2827 agitaS,
1409 2743 1577 2828 quod
1632 2766 1763 2807 rem
1819 2749 2069 2829 gestam
2122 2742 2311 2809 Dola-

300 2834 506 2898 bellae
569 2833 761 2896 nimis
823 2833 893 2895 in
956 2832 1200 2896 caelum
1268 2831 1482 2896 videar
1546 2832 1780 2896 efferre.
1873 2832 2016 2917 Ego
2081 2837 2314 2919 autem,

303 2943 688 3006 quamquam
736 2942 886 2984 sane
932 2921 1136 3004 probo
1182 2921 1442 3004 factum,
1498 2925 1731 3005 tamen,
1777 2926 1850 2984 ut
1895 2925 2077 2984 tanto
2126 2943 2313 3004 opere

299 3012 642 3094 laudarem,
690 3009 999 3073 adductus
1047 3031 1189 3072 sum
1235 3009 1368 3072 tuis
1415 3013 1479 3072 et
1515 3009 1660 3072 unis
1700 3013 1762 3072 et
1799 3008 2017 3072 alteris
2054 3010 2308 3074 litteris

219 3127 273 3167 ao
303 3098 430 3163 Sed
483 3102 695 3162 totum
744 3120 811 3161 se
857 3120 895 3161 a
939 3101 1005 3159 te
1051 3097 1436 3161 abalienavit
1481 3096 1819 3162 Dolabella
1864 3119 1938 3161 ea
1985 3097 2059 3161 de
2106 3119 2314 3183 causa,

301 3211 426 3272 qua
480 3209 581 3250 me
638 3208 891 3270 quoque
946 3185 1070 3248 sibi
1124 3186 1639 3248 inimicissimum
1697 3185 1985 3249 reddidit.
2093 3184 2146 3250 O
2201 3186 2313 3250 ho·

298 3278 535 3340 minem
571 3275 1028 3358 impudentem!
1092 3273 1232 3337 Kal.
1262 3271 1394 3337 Ian.
1424 3274 1663 3354 debuit,
1691 3273 1896 3337 adhuc
1931 3295 2063 3336 non
2101 3274 2314 3360 solvit,

298 3363 675 3449 praesertim
730 3384 874 3426 cum
930 3384 998 3426 se
1053 3362 1331 3425 maximo
1388 3383 1528 3425 aere
1593 3326 1798 3426 alieno
1845 3360 2075 3425 Faberi
2120 3384 2315 3426 manu

297 3453 588 3518 liberarit
647 3456 710 3514 et
758 3472 942 3534 opem
988 3450 1066 3513 ab
1115 3448 1249 3534 Ope
1294 3450 1568 3532 petierit.
1659 3449 1838 3513 Licet
1884 3450 2055 3513 enim
2100 3451 2314 3534 iocari,

219 3568 271 3610 ³5
299 3565 379 3606 ne
434 3563 536 3605 me
591 3539 774 3603 valde
820 3538 1273 3603 conturbatum
1318 3543 1524 3621 putes.
1614 3537 1830 3622 Atque
1877 3560 1995 3622 ego
2044 3538 2123 3602 ad
2168 3561 2314 3603 eum
