2642 3923
321 201 454 264 450
625 264 629 268 Α
874 260 880 267 ,
966 200 1041 255 Μ.
1080 199 1296 255 TULLI
1333 199 1712 264 CICERONIS

323 344 651 430 equidem,
691 344 816 409 etsi
860 344 985 408 tibi
1031 343 1325 409 dederam
1373 345 1699 427 superiore
1746 345 2022 429 epistula
2065 346 2349 430 cogitan-

323 432 494 497 dum.
586 432 685 496 Tu
730 436 945 496 autem
1000 432 1184 516 quasi
1238 432 1368 496 iam
1421 437 1793 515 recuperata
1846 456 1914 498 re
1959 434 2216 517 publica
2259 435 2351 498 vi-

323 522 483 586 cinis
531 521 664 585 tuis
702 520 1217 586 Massiliensibus
1263 542 1380 585 sua
1424 521 1652 585 reddis,
1725 521 1900 586 Haec
1937 523 2149 607 armis,
2187 545 2349 606 quae

325 632 518 693 quam
553 610 740 674 firma
766 609 1137 693 habeamus,
1174 609 1423 694 ignom,
1451 609 1710 674 restitui
1746 611 2020 675 fortasse
2055 615 2350 695 possunt,

323 698 706 762 auctoritate
749 718 884 762 non
927 701 1216 781 possunt.
2410 726 2440 765 5

43 804 70 849 τ
111 802 214 854 (xv
243 801 287 854 1)
455 786 760 870 Epistula
806 786 1039 872 brevis,
1085 807 1247 869 quae
1290 790 1518 868 postea
1563 809 1601 850 a
1646 790 1712 851 te
1758 787 1997 870 scripta
2034 790 2152 872 est,
2198 808 2348 851 sane

322 874 484 939 mihi
538 875 664 939 fuit
707 873 985 938 iucunda
1043 873 1120 937 de
1164 873 1356 938 Bruti
1418 874 1498 937 ad
1542 874 1899 939 Antonium
1954 879 2020 939 et
2066 875 2142 939 de
2189 875 2349 939 eius·

323 963 467 1026 dem
504 963 583 1026 ad
628 966 692 1026 te
728 962 984 1027 litteris.
1074 962 1272 1026 Posse
1309 962 1608 1027 videntur
1655 985 1790 1027 esse
1826 963 2111 1048 meliora,
2156 985 2348 1048 quam

323 1051 530 1123 adhuc
563 1051 843 1115 fuerunt.
935 1050 1059 1115 Sed
1092 1050 1300 1128 nobis,
1346 1051 1461 1114 ubi
1500 1051 1702 1116 simus
1739 1055 1804 1116 et
1842 1073 1969 1135 quo
2007 1053 2136 1116 iam
2179 1073 2349 1115 nunc

321 1161 444 1204 nos
489 1139 911 1224 conferamus,
955 1138 1418 1221 providendum
1464 1143 1579 1206 est.
2381 1168 2440 1206 10

1269 1350 1411 1416 XV.

720 1469 833 1525 θεν.
863 1471 926 1525 in
963 1471 1268 1525 Puteolano
1307 1470 1381 1524 K.
1411 1470 1559 1525 Mai.
1588 1489 1641 1526 a.
1673 1475 1783 1527 710
1821 1475 1956 1542 (44).

930 1593 1223 1648 CICERO
1256 1593 1549 1649 ATTICO
1586 1594 1748 1650 SAL.

147 1720 176 1768 1
224 1719 288 1772 (8)
458 1701 512 1768 O
567 1703 909 1779 mirificum
981 1702 1389 1768 Dolabellam
1459 1706 1697 1768 meum!
1770 1704 1900 1769 iam
1973 1705 2143 1769 enim
2206 1705 2367 1770 dico·

321 1814 563 1877 meum3
637 1797 851 1878 antea,
924 1792 1105 1856 crede
1171 1791 1359 1877 mihi,
1421 1791 1936 1858 subdubitabam.
2044 1793 2347 1879 Magnam
2379 1821 2436 1862 15

321 1881 790 1966 ἀναθεώρησιν
833 1902 936 1945 res
973 1880 1189 1967 habet,
1235 1881 1310 1944 de
1351 1901 1523 1967 88110,
1569 1881 1639 1945 111
1673 1902 1939 1959 crucem,
1986 1883 2347 1947 columnam

320 1971 568 2054 tollere,
613 1970 826 2034 locum
861 1970 1047 2035 illum
1085 1969 1498 2034 sternendum
1534 1969 1769 2034 locare!
1837 1968 2006 2046 Quid
2050 1971 2349 2054 quaeris?

320 2058 591 2124 heroica.
668 2057 1021 2123 Sustulisse
1048 2057 1209 2121 mihi
1237 2057 1491 2122 videtur
1520 2057 1995 2123 simulationem
2034 2059 2348 2144 desiderii,

323 2146 530 2211 adhuc
576 2169 737 2231 quae
794 2147 1090 2230 serpebat
1146 2146 1216 2209 in
1260 2146 1396 2210 dies
1443 2150 1509 2210 et
1558 2147 1914 2211 inveterata
1956 2148 2222 2212 verebar
2265 2170 2348 2212 ne

145 2251 177 2297 2
226 2248 287 2303 (⁸)
322 2235 680 2318 periculosa
731 2235 973 2299 nostris
1027 2234 1516 2317 tyrannoctonis
1571 2239 1756 2299 esset.
1847 2232 2039 2300 Nunc
2082 2258 2344 2320 prorsus
2376 2264 2434 2303 20

324 2323 648 2388 adsentior
702 2323 836 2386 tuis
898 2322 1134 2386 litteris
1195 2343 1508 2406 speroque
1575 2324 1855 2387 meliora.
1947 2321 2345 2408 Quamquam

323 2412 487 2476 istos
524 2411 691 2476 ferre
726 2432 859 2474 non
893 2432 1177 2494 possum,
1223 2411 1356 2496 qui,
1399 2411 1550 2474 dum
1598 2432 1666 2474 se
1700 2434 1919 2495 pacem
1955 2411 2119 2476 velle
2156 2413 2344 2477 simu-

323 2500 480 2586 lant,
526 2503 666 2563 acta
710 2498 954 2563 nefaria
1001 2498 1364 2562 defendunt.
1457 2497 1582 2563 Sed
1634 2520 1768 2563 non
1810 2505 2085 2584 possunt
2132 2502 2346 2565 omnia

324 2587 531 2653 simul.
622 2585 858 2669 Incipit
920 2609 1022 2650 res
1085 2586 1314 2651 melius
1371 2609 1464 2651 ire
1472 2638 1490 2671 ,
1553 2609 1746 2671 quam
1808 2592 2120 2672 putaram.
2210 2587 2345 2653 Nec

324 2697 475 2739 vero
539 2675 883 2759 discedam,
943 2675 1071 2739 nisi
1137 2696 1281 2738 cum
1336 2678 1411 2738 tu
1460 2697 1562 2739 me
1625 2677 1690 2740 id
1750 2676 2020 2741 honeste
2082 2677 2343 2761 putabis
2374 2704 2435 2746 25

323 2764 530 2827 facere
575 2785 776 2847 posse.
866 2727 1071 2827 'Bruto
1109 2767 1279 2827 certe
1316 2785 1461 2827 meo
1496 2763 1676 2828 nullo
1714 2765 1855 2829 1000
1894 2766 2101 2850 deer0,
2136 2766 2346 2851 idque,

326 2852 579 2916 etiamsi
632 2851 792 2915 mihi
855 2873 1000 2916 cum
1059 2850 1173 2915 illo
1219 2851 1387 2915 nihil
1445 2852 1703 2937 fuisset,
1764 2853 2037 2919 facerem
2081 2858 2347 2938 propter

329 2939 466 3004 eius
512 2940 900 3024 singularem
945 2938 1505 3022 incredibilemque
1549 2941 1870 3005 virtutem.

25 3095 28 3098 ,
150 3043 182 3093 3
230 3043 290 3097 (4)
461 3027 661 3092 Piliae
705 3032 965 3092 nostrae
1001 3027 1222 3092 villam
1268 3032 1493 3112 totam,
1540 3051 1826 3113 quaeque
1871 3029 1941 3093 in
1975 3030 2132 3095 villa
2177 3034 2347 3116 sunt,

328 3117 511 3180 trado
549 3117 620 3180 in
645 3116 1105 3199 Pompeianum
1141 3117 1279 3200 ipse
1315 3116 1723 3200 proficiscens
1761 3118 1839 3183 K.
1877 3117 2083 3183 Maiis.
2139 3117 2344 3195 Quam
2377 3147 2441 3188 so

327 3204 520 3269 velim
565 3204 769 3269 Bruto
815 3205 1219 3293 persuadeas,
1263 3209 1338 3269 ut
1382 3205 1661 3271 Asturae
1707 3206 1819 3272 sitl
