2642 3923
682 163 1196 237 EPISTULARUM
1229 164 1329 218 AD
1367 164 1673 219 BRUTUM
1707 164 1735 219 I
1773 170 1856 234 11,
1897 170 1979 219 12.
2198 163 2329 229 535

1246 393 1390 460 XII.

444 515 557 572 Ser.
588 516 797 572 Romae
830 515 975 573 inter
1008 535 1061 571 a.
1091 517 1143 571 d.
1176 516 1314 572 XLI
1341 523 1392 571 et
1426 517 1527 571 IX
1560 517 1634 572 K.
1664 516 1808 573 Sext.
1838 535 1890 572 a.
1921 521 2026 571 711
2064 518 2203 585 (43).

963 637 1219 693 CICERO
1256 638 1503 694 BRUTO
1542 637 1689 693 SAL.

442 746 592 812 Etsi
635 747 900 811 daturus
947 767 1118 811 eram
1163 746 1501 812 Messallae
1549 745 1826 811 Corvino
1872 746 2177 811 continuo
2221 746 2324 810 lit-
2364 764 2393 813 1

259 862 284 903 5
311 839 503 921 teras,
544 840 764 899 tamen
807 835 1107 900 Veterem
1150 839 1446 900 nostrum
1494 836 1574 899 ad
1617 839 1684 899 te
1720 836 1858 899 sine
1891 835 2128 899 litteris
2165 835 2324 899 meis

266 925 527 988 venire
562 924 758 987 nolui.
832 923 1171 987 Maximo
1153 946 1224 987 m
1258 923 1625 987 discrimine
1659 944 1761 987 res
1798 922 2074 1024 publica,
2108 921 2327 1007 Brute,

310 1016 630 1096 versatur,
701 1012 1103 1095 victoresque
1165 1033 1390 1076 rursus
1456 1012 1774 1075 decertare
1836 1011 2140 1096 cogimur.
2248 1010 2324 1074 Id

311 1101 538 1165 accidit
592 1099 676 1165 M.
731 1099 956 1183 Lepidi
1018 1099 1251 1164 scelere
1310 1104 1377 1164 et
1436 1100 1728 1164 amentia.
1828 1098 1968 1175 Quo
2033 1105 2322 1183 tempore

309 1210 455 1253 cum
499 1189 706 1252 multa
749 1192 1013 1272 propter
1059 1211 1200 1252 eam
1246 1210 1494 1274 curam,
1548 1210 1742 1272 quam
1785 1209 1903 1272 pro
1950 1210 2018 1251 re
2064 1188 2321 1271 publica

231 1303 282 1343 ιο
309 1278 585 1362 suscepi,
639 1277 922 1361 graviter
967 1277 1216 1362 ferrem,
1259 1281 1400 1341 tum
1445 1276 1612 1340 1111111
1655 1276 1777 1340 tuli
1824 1276 2081 1361 gravius
2129 1298 2321 1360 quam

307 1388 409 1430 me
453 1387 587 1429 non
630 1387 820 1448 posse
865 1365 1091 1429 matris
1137 1369 1288 1428 tuae
1334 1365 1630 1449 precibus
1678 1365 1919 1447 cedere,
1967 1386 2102 1428 non
2146 1386 2319 1428 soro-

308 1455 426 1538 ris3
491 1475 642 1518 nam
686 1453 836 1537 tibi,
896 1452 1068 1536 quod
1112 1453 1272 1516 mihi
1316 1453 1576 1536 plurimi
1625 1458 1740 1537 est,
1784 1415 1969 1518 facile
2013 1475 2115 1516 me
2161 1453 2318 1516 satis

307 1543 630 1607 facturum
675 1540 1052 1605 arbitrabar.
1130 1538 1331 1605 Nullo
1379 1542 1550 1606 enim
1594 1541 1784 1605 modo
1829 1544 2084 1625 poterat
2128 1562 2319 1605 causa

310 1629 537 1713 Lepidi
584 1629 898 1714 distingui
943 1628 1023 1692 ab
1069 1627 1358 1694 Antonio
1407 1630 1817 1713 omniumque
1852 1629 2087 1693 iudicio
2125 1630 2319 1693 etiam

228 1745 281 1785 15
310 1718 530 1782 durior
567 1721 723 1801 erat,
768 1717 956 1801 quod,
992 1739 1137 1781 cum
1171 1717 1527 1782 honoribus
1566 1717 1980 1801 amplissimis
2018 1740 2056 1781 a
2093 1722 2317 1781 senatu

309 1810 477 1873 esset
522 1805 800 1890 Lepidus
856 1810 1150 1891 ornatus,
1203 1809 1344 1870 tum
1399 1806 1591 1870 etiam
1635 1806 1854 1889 paucis
1900 1809 2048 1869 ante
2093 1805 2317 1870 diebus

308 1894 663 1980 praeclaras
719 1895 972 1958 litteras
1030 1894 1111 1958 ad
1170 1898 1464 1959 senatum
1518 1894 1827 1979 misisset,
1885 1897 2143 1979 repente
2186 1915 2320 1958 11011

309 1984 521 2049 80111111
566 1985 804 2067 recepit
849 1982 1153 2067 reliquias
1196 1983 1514 2066 hostium,
1574 1984 1683 2047 sed
1727 1945 1969 2048 bellum
2015 1983 2318 2074 acerrime

305 2078 479 2138 terra
523 2073 811 2156 marique
856 2072 1049 2157 gerit3
1109 2072 1288 2136 cuius
1336 2072 1546 2136 exitus
1594 2072 1706 2156 qui
1751 2057 2005 2135 futurus
2052 2072 2163 2154 sit,
2223 2072 2317 2135 in-

226 2188 280 2228 ιο
308 2165 554 2225 certum
600 2163 712 2225 est.
784 2158 902 2245 Ita,
946 2181 1090 2224 cum
1132 2181 1458 2245 rogamur,
1499 2164 1575 2224 ut
1619 2160 2119 2224 misericordiam
2161 2160 2316 2224 libe-

305 2250 398 2314 ris
441 2249 578 2313 eius
613 2249 1074 2332 impertiamus,
1117 2249 1283 2312 nihil
1319 2247 1621 2334 adfertur,
1656 2271 1783 2332 quo
1819 2249 2030 2312 minus
2067 2269 2318 2312 summa

306 2337 648 2421 supplicia,
703 2338 784 2420 si,
839 2337 1010 2420 quod
1055 2334 1345 2420 Iuppiter
1391 2358 1577 2401 omen
1622 2341 1888 2421 avertat,
1939 2340 2122 2420 pater
2166 2358 2318 2420 pue-

304 2448 525 2490 rorum
569 2426 815 2509 vicerit,
861 2425 1189 2489 subeunda
1232 2425 1421 2489 nobis
1470 2425 1615 2489 sint.
1701 2423 1837 2489 Nec
1880 2446 2030 2489 vero
2076 2446 2177 2489 me
2221 2426 2317 2488 fu-
2353 2442 2384 2489 2

305 2515 420 2600 git,
468 2536 660 2598 quam
707 2514 794 2577 sit
841 2513 1140 2578 acerbum
1184 2517 1526 2597 parentum
1572 2513 1806 2579 scelera
1850 2513 2132 2577 filiorum
2172 2535 2318 2596 poe-

227 2628 278 2669 25
304 2604 406 2666 nis
449 2602 567 2687 lui3
622 2601 730 2666 sed
774 2601 898 2666 hoc
942 2601 1261 2685 praeclare
1305 2601 1560 2685 legibus
1606 2604 2045 2685 comparatum
2083 2605 2200 2686 est,
2243 2605 2318 2666 ut

306 2691 538 2755 caritas
591 2690 943 2754 liberorum
989 2690 1318 2754 amiciores
1366 2692 1662 2773 parentes
1708 2690 1803 2754 rei
1846 2689 2137 2773 publicae
2181 2689 2319 2754 red-

306 2779 498 2843 deret.
582 2778 809 2861 Itaque
852 2777 1129 2861 Lepidus
1176 2778 1449 2842 crudelis
1494 2778 1565 2841 in
1606 2777 1865 2864 liberos,
1908 2800 2040 2842 11011
2083 2779 2157 2862 18,
2205 2778 2318 2862 qui

304 2866 614 2967 Lepidum
657 2867 910 2931 hostem
955 2867 1210 2930 iudicat.
1301 2865 1536 2950 Atque,
1581 2866 1693 2930 ille
1738 2866 1794 2930 si
1840 2867 2035 2930 armis
2082 2867 2314 2949 positis

304 2956 380 3019 de
425 2955 488 3018 vi
525 2954 861 3019 damnatus
900 2958 1087 3039 esset,
1133 2975 1259 3037 quo
1298 2954 1368 3017 in
1404 2954 1639 3019 iudicio
1677 2958 1847 3019 certe
1882 2954 2315 3019 defensionem

221 3070 276 3110 ao
301 3066 434 3107 non
475 3043 760 3129 haberet,
803 3043 1066 3107 eandem
1105 3038 1535 3107 calamitatem
1574 3043 1864 3108 subirent
1898 3042 2087 3106 liberi
2123 3043 2312 3107 bonis

300 3131 658 3216 publicatis.
743 3096 1173 3232 Quamquam,
1236 3130 1407 3214 quod
1465 3134 1577 3194 tua
1622 3135 1826 3195 mater
1872 3134 1937 3194 et
1984 3152 2167 3195 soror
2212 3131 2313 3194 de-

297 3224 595 3304 precatur
639 3242 757 3304 pro
804 3220 1039 3304 pueris,
1084 3219 1152 3283 id
1194 3218 1406 3303 ipsum
1453 3222 1517 3283 et
1554 3219 1759 3283 multa
1796 3219 1921 3283 alia
1959 3218 2311 3283 crudeliora

296 3309 487 3373 nobis
548 3309 845 3373 omnibus
910 3307 1188 3391 Lepidus
1199 3358 1218 3391 ,
1286 3306 1613 3371 Antonius
1675 3311 1738 3371 et
1798 3307 2031 3390 reliqui
2089 3306 2311 3371 hostes

299 3397 693 3461 denuntiant.
765 3395 991 3480 Itaque
1035 3396 1381 3460 maximam
1428 3417 1603 3479 spem
1640 3394 1763 3460 hoc
1798 3398 2087 3478 tempore
2121 3394 2313 3460 habe-

215 3511 269 3552 85
297 3507 442 3550 111118
502 3486 571 3550 111
624 3490 690 3550 te
744 3489 936 3568 atquc
995 3484 1277 3548 exercitu
1321 3489 1454 3549 tuo,
1546 3482 1708 3548 Cum
1756 3483 1834 3547 ad
1879 3483 1973 3546 rei
2019 3483 2312 3566 publicae
