2642 3923
390 210 523 275 524
1031 210 1102 264 M.
1145 209 1359 264 TULLI
1396 208 1770 265 CICERONIS

389 355 659 419 mirifica
712 353 958 418 indoles
1013 353 1275 418 virtutis
1324 357 1438 418 est.
1528 352 1799 418 Utinam
1843 357 1980 418 tam
2024 355 2209 418 facile
2255 378 2421 421 eum

388 441 724 507 florentem
770 446 833 507 et
878 442 1234 507 honoribus
1281 446 1346 506 et
1394 442 1603 526 gratia
1640 462 1859 526 regere
1897 464 1969 506 ac
2005 447 2219 506 tenere
2259 467 2419 526 pos·

391 531 611 612 simus,
656 552 849 615 quam
893 530 1082 595 facile
1126 530 1331 594 adhuc
1368 531 1715 594 tenuimus!
1781 531 1905 594 Est
1943 532 2202 595 omnino
2240 532 2418 596 illud

388 619 712 684 difficilius
724 671 740 703 ‚
797 619 908 683 sed
961 623 1176 683 tamen
1229 640 1364 683 non
1416 618 1782 682 diffidimus.
1872 618 2256 684 Persuasum
2304 626 2416 685 est

389 708 559 771 enim
620 708 1010 772 adulescenti
1073 711 1137 771 et
1190 708 1465 771 maxime
1517 729 1631 791 per
1684 729 1785 771 me
1840 707 1977 771 eius
2033 729 2226 791 opera
2281 732 2414 773 nos
2474 737 2502 777 5

389 817 525 859 esse
571 796 798 861 salvos.
870 795 960 859 Et
1006 799 1192 880 certe,
1236 796 1365 859 m'si
1409 795 1467 859 is
1512 795 1872 860 Antonium
1914 796 1994 860 ab
2031 796 2191 860 urbe
2225 819 2414 861 aver-

317 900 350 949 2
388 884 603 967 tisset,
664 885 981 968 perissent
1045 883 1274 948 omnia.
1367 883 1605 947 Triduo
1668 906 1822 948 vero
1877 888 1990 948 aut
2043 885 2410 967 quadriduo

388 977 535 1036 ante
579 972 745 1036 hanc
787 994 924 1036 rem
969 973 1462 1055 pulcherrimam
1505 972 1739 1036 timore
1785 972 2061 1055 quodam
2106 975 2412 1056 perculsa

388 1061 612 1125 civitas
667 1065 810 1125 tota
854 1061 934 1124 ad
978 1065 1043 1125 te
1089 1083 1156 1124 se
1204 1083 1350 1124 cum
1395 1060 1776 1144 coniugibus
1824 1065 1888 1124 et
1933 1061 2154 1125 liberis
2200 1062 2408 1126 effun-

390 1150 606 1234 debat3
670 1149 886 1214 eadem
930 1154 1213 1214 recreata
1258 1171 1308 1212 a.
1349 1149 1404 1213 d.
1443 1166 1544 1212 XII
1586 1148 1727 1212 Kal„
1767 1147 1972 1213 Maias
2017 1153 2099 1235 te·
2126 1150 2252 1214 huc
2299 1173 2407 1214 ve-
2437 1179 2492 1217 1⁰

387 1238 525 1301 nire
589 1259 781 1320 quam
841 1259 908 1301 se
972 1237 1052 1301 ad
1112 1241 1178 1301 te
1241 1237 1335 1300 ire
1398 1237 1695 1301 malebat.
1790 1236 1929 1313 Quo
1986 1237 2241 1320 quidem
2298 1238 2405 1302 die

386 1346 767 1410 magnorum
820 1347 1108 1389 meorum
1166 1325 1462 1390 laborum
1508 1325 1983 1408 multarumque
2028 1325 2403 1410 vigiliarum

383 1414 665 1478 fructum
710 1413 847 1497 cepi
890 1414 1258 1497 maximum,
1305 1414 1362 1477 si
1398 1413 1587 1478 modo
1624 1418 1724 1478 est
1761 1414 1994 1497 aliquis
2031 1414 2282 1478 fructus
2323 1437 2402 1479 ex

388 1502 591 1566 solida
634 1523 907 1585 veraque
944 1502 1167 1587 gloria.
1240 1499 1410 1565 Nam
1445 1506 1666 1566 tantae
1700 1502 2156 1587 multitudinis,
2202 1525 2401 1586 quan-

385 1595 521 1654 tam
565 1590 737 1673 capit
779 1590 936 1654 urbs
983 1594 1225 1673 nostra,
1268 1612 1614 1655 concursus
1661 1595 1759 1654 est
1804 1590 1883 1654 ad
1928 1613 2030 1655 me
2075 1591 2315 1676 factus3
2360 1615 2402 1656 a
2429 1618 2482 1658 15

387 1700 513 1762 qua
573 1701 777 1762 usque
840 1678 909 1742 in
964 1643 1357 1762 Capitolium
1421 1679 1727 1743 deductus
1782 1679 2064 1742 maximo
2120 1679 2400 1744 clamore

387 1771 580 1850 atque
634 1767 863 1850 plausu
918 1766 986 1831 in
1031 1768 1260 1832 rostris
1306 1767 1655 1831 collocatus
1703 1789 1862 1832 sum.
1953 1764 2138 1830 Nihil
2184 1771 2284 1831 est
2329 1769 2401 1833 in

385 1877 486 1920 me
530 1856 744 1939 inane3
805 1873 1022 1938 neque
1057 1855 1228 1919 enim
1274 1855 1489 1939 debet3
1546 1855 1656 1918 sed
1701 1860 1918 1919 tamen
1965 1856 2251 1920 omm'um
2301 1878 2400 1920 or-

384 1944 605 2008 dinum
669 1966 1040 2028 consensus,
1103 1943 1458 2029 gratiarum
1521 1944 1688 2008 actio
1752 1943 2229 2030 gratulatioque
2293 1967 2397 2009 me

384 2036 742 2097 commovet
785 2037 1148 2117 propterea,
1203 2033 1376 2116 quod
1419 2033 1794 2117 popularem
1839 2055 1941 2097 me
1988 2054 2129 2097 esse
2173 2034 2239 2096 in
2282 2055 2397 2116 po·
2430 2061 2482 2099 20

312 2140 345 2187 3
382 2120 524 2206 puli
568 2122 773 2185 salute
816 2122 1213 2204 praeclarum
1259 2126 1372 2185 est.
1448 2118 1572 2185 Sed
1609 2121 1768 2185 haec
1802 2125 1867 2186 te
1904 2121 2073 2185 malo
2115 2122 2194 2185 ab
2233 2120 2395 2187 aliis,

518 2209 621 2274 Me
666 2208 858 2274 velim
904 2209 979 2273 de
1023 2210 1153 2273 tuis
1200 2209 1391 2273 rebus
1436 2210 1848 2292 consiliisque
1891 2209 2092 2273 facias
2129 2209 2398 2294 diligen-

382 2299 631 2362 tissime
676 2298 1011 2362 certiorem
1055 2298 1344 2380 illudque
1390 2298 1774 2381 consideres,
1830 2318 1913 2360 ne
1957 2302 2072 2361 tua
2115 2298 2398 2363 liberali—

381 2391 482 2451 tas
528 2386 905 2450 dissolutior
947 2385 1253 2450 videatur.
1348 2384 1454 2449 Sic
1500 2386 1695 2449 sentit
1743 2389 2023 2469 senatus,
2059 2386 2149 2450 sic
2195 2409 2398 2471 popu-

381 2475 483 2540 lus
529 2474 887 2557 Romanus,
940 2475 1155 2538 nullos
1210 2495 1516 2557 umquam
1567 2474 1789 2538 hostes
1843 2439 2169 2558 digniores
2219 2476 2395 2539 omni
2426 2501 2479 2541 25

385 2563 697 2647 supplicio
743 2562 944 2626 fuisse
989 2585 1182 2646 quam
1226 2584 1336 2627 eos
1383 2563 1571 2647 cive83
1627 2562 1740 2647 qui
1782 2562 1906 2627 hoc
1952 2562 2123 2627 bello
2169 2568 2399 2628 contra

382 2652 657 2737 patriam
720 2673 897 2715 arma
958 2655 1286 2736 ceperunt3
1364 2672 1526 2734 quos
1588 2651 1845 2735 quidem
1908 2672 2027 2734 ego
2094 2651 2400 2716 omnibus

383 2740 719 2805 sententiis
766 2739 1038 2803 ulciscor
1085 2744 1148 2803 et
1194 2760 1543 2823 persequor
1589 2739 1886 2803 omnibus
1932 2739 2122 2803 bonis
2170 2739 2402 2822 adpro·

380 2829 701 2894 bentibus,
793 2827 891 2891 Tu
947 2828 1100 2911 quid
1145 2828 1222 2891 de
1265 2827 1386 2891 hac
1430 2848 1501 2890 re
1547 2828 1803 2912 sentiaS‚
1860 2827 1960 2891 tui
2003 2827 2222 2891 iudicii
2271 2834 2403 2915 est3

382 2938 500 3002 ego
558 2916 650 2980 sic
703 2917 939 3000 sentio,
997 2916 1194 2979 trium
1249 2916 1521 2980 fratrum
1574 2937 1769 2980 unam
1824 2920 1889 2979 et
1943 2914 2208 2979 eandem
2256 2938 2403 2982 esse
2431 2945 2483 2983 3⁰

380 3027 651 3070 causam.

1309 3124 1473 3190 IIIa.
1651 3173 1661 3185 .

790 3238 899 3299 Sor.
924 3240 1133 3295 Romae
1181 3241 1233 3294 V
1261 3240 1393 3296 Kal.
1435 3241 1579 3297 Mai.
1620 3259 1670 3296 a.
1711 3243 1815 3295 711
1854 3241 1992 3307 (43).

987 3342 1275 3398 CICERO
1309 3341 1586 3398 BRUTO
1622 3342 1785 3397 SAL.

291 3462 351 3511 (4)
513 3443 822 3509 Consules
868 3444 1026 3506 duos
1072 3443 1277 3507 bonos
1326 3442 1601 3527 quidem,
1656 3443 1763 3506 sed
1809 3443 2142 3507 dumtaxat
2180 3444 2399 3511 bonos
2429 3475 2483 3516 35

381 3533 671 3596 consules
738 3532 1083 3596 amisimus.
1184 3530 1440 3595 Hirtius
1497 3530 1751 3615 quidem
1795 3531 1876 3594 ‚in
1928 3532 2069 3615 ipsa
2123 3532 2410 3600 victoria
