2642 3923
635 224 1145 280 EPISTULARUM
1181 225 1279 279 AD
1320 224 1644 280 ATTICUM
1678 224 1758 280 VI
1793 231 1947 281 4-6.
2168 224 2293 287 179

279 367 539 453 ἡμέρας.
624 366 840 445 ’Ὅσας
912 369 1118 434 αὐτὸν
1187 367 1584 453 ἠνέγκαμεν,
1667 369 1930 453 σφόδρα
2002 368 2294 434 δέδοικα*

279 454 390 521 καὶ
463 458 586 541 γὰρ
652 466 871 541 παρῆν
934 457 1100 541 πρὸς
1171 456 1341 541 ἡμᾶς
1414 459 1978 541 κατασκεψόμενος
2050 460 2166 521 καί
2230 480 2295 520 τι

282 545 522 629 σχεδὸν
567 543 858 621 ἐλπίσας·
932 544 1266 627 ἀπογνοὺς
1303 542 1363 610 δ’
1418 544 1673 627 ἀλόγως
1717 543 1961 628 ἀπέστη
2011 544 2295 609 ἐπειπών

284 633 522 697 ‘esum‘
584 635 915 717 αἰσχρόν
971 631 1114 698 τον
1156 634 1403 717 δηρόν
1445 656 1524 699 τε
1568 630 1871 717 μένειν’
1918 669 2024 718 —,
2066 653 2292 717 meque

231 746 255 787 5
283 720 650 805 obiurgavit
702 725 916 788 vetere
959 721 1298 804 proverbio
1349 722 1469 787 ‘vde
1531 718 1671 804 μὲν
1731 721 2113 804 διδόμενα
2167 720 2292 784 -’.

283 807 558 892 Reliqua
600 808 744 873 vide
789 813 872 893 et,
917 813 1232 893 quantum
1276 809 1416 873 fieri
1460 813 1696 893 potest,
1740 808 2044 911 perspice.
2331 824 2363 872 3

414 894 553 960 Nos
626 896 746 961 etsi
819 919 1099 960 annuum
1164 901 1419 982 tempus
1491 918 1691 981 prope
1763 897 1893 959 iam
1955 896 2293 972 emeritum

281 983 679 1049 habebamus
727 985 896 1070 (dies
942 985 1113 1049 enim
1149 1002 1375 1049 XXXIII
1421 987 1603 1050 erant
1646 983 1943 1072 reliqui),
1992 984 2295 1048 sollicitu-

284 1072 428 1136 dine
474 1072 836 1156 provinciae
892 1077 1107 1137 tamen
1151 1072 1255 1137 vel
1310 1074 1588 1137 maxime
1639 1073 2041 1174 urgebamur.
2133 1069 2296 1137 Cum

205 1187 258 1226 ιο
287 1160 454 1224 0111111
500 1161 750 1225 arderet
787 1159 973 1244 Syria
1017 1160 1208 1245 bello,
1253 1165 1318 1225 et
1364 1160 1635 1226 Bibulus
1680 1161 1752 1225 in
1785 1163 1970 1225 tanto
2007 1181 2294 1225 maerore
2410 1162 2414 1189 ³

285 1269 399 1313 suo
446 1249 789 1313 maximam
834 1270 1051 1314 curam
1096 1249 1249 1313 belli
1291 1250 1655 1335 sustineret,
1700 1248 1777 1312 ad
1821 1270 2049 1334 meque
2093 1247 2295 1333 legati

285 1337 421 1401 eius
468 1341 533 1401 et
587 1341 888 1420 quaestor
932 1341 997 1401 et
1056 1338 1244 1401 amici
1302 1338 1436 1402 eius
1496 1337 1747 1402 litteras
1805 1337 2164 1420 mitterent,
2222 1340 2295 1400 111

287 1425 575 1490 subsidio
620 1426 929 1509 venirem,
992 1425 1116 1489 etsi
1180 1427 1528 1489 exercitum
1581 1425 1907 1489 infirmum
1961 1424 2297 1508 habebam,

172 1527 175 1532 ’
286 1512 525 1578 auxilia
570 1534 721 1577 sane
764 1512 961 1598 bona,
1014 1513 1124 1577 sed
1170 1535 1244 1577 ea
1290 1512 1691 1598 Galatarum,
1744 1511 2130 1599 Pisidarum,
2174 1510 2296 1595 Ly·
2325 1545 2330 1548 ·

208 1627 258 1668 15
286 1601 530 1665 ciorum
584 1599 778 1688 (haec
831 1601 1002 1666 0111111
1057 1606 1207 1665 sunt
1260 1605 1484 1665 nostra
1537 1567 1839 1687 robora),
1894 1565 2130 1665 tamen,
2156 1622 2295 1665 esse

287 1689 568 1753 officium
604 1711 818 1754 meum
853 1690 1074 1773 putavi
1114 1689 1461 1753 exercitum
1495 1688 1730 1753 habere
1758 1710 1950 1773 quam
1987 1709 2296 1772 proxume

284 1778 564 1861 hostem,
629 1776 840 1861 quoad
895 1777 1056 1841 mihi
1108 1799 1399 1862 praeesse
1454 1777 1816 1860 provinciae
1871 1797 1985 1860 per
2040 1781 2296 1840 senatus

286 1867 652 1930 consultum
696 1865 930 1930 liceret.
1024 1863 1172 1948 Sed,
1228 1887 1356 1950 quo
1413 1885 1532 1949 ego
1587 1865 1863 1928 maxime
1921 1863 2297 1948 delectabar,

285 1953 558 2018 Bibulus
612 1954 923 2019 molestus
983 1953 1144 2018 1111111
1201 1976 1335 2018 11011
1393 1957 1558 2038 erat,
1619 1953 1695 2018 de
1755 1951 2054 2017 omnibus
2104 1952 2296 2019 rebus

207 2070 260 2109 20
288 2042 607 2107 scribebat
669 2042 750 2108 ad
815 2064 919 2106 me
981 2043 1213 2126 potius.
1324 2041 1412 2106 Et
1484 2041 1645 2105 mihi
1718 2040 2100 2105 decessionis
2164 2040 2298 2104 dies

287 2133 662 2213 λεληθότως
707 2130 1069 2214 obrepebat.
1161 2129 1284 2206 Qui
1330 2151 1473 2194 cum
1518 2129 1870 2213 advenerit,
1925 2131 2088 2194 ἄλλο
2146 2131 2299 2213 πρό-

286 2222 522 2303 βλημα,
567 2239 756 2303 quem
801 2219 1181 2304 praeficiam,
1223 2219 1350 2282 nisi
1398 2215 1633 2282 Oaldus
1680 2221 1982 2301 quaestor
2027 2217 2299 2300 venerit3

287 2306 364 2370 de
409 2328 536 2390 quo
583 2306 788 2371 adhuc
831 2305 998 2371 nihil
1041 2306 1198 2371 certi
1243 2305 1651 2371 habebamus.

422 2392 772 2478 Oupiebam
830 2394 1188 2459 mehercule
1250 2394 1609 2480 longiorem
1668 2393 2013 2477 epistulam
2076 2392 2301 2478 facere,
2336 2412 2371 2458 4

207 2510 260 2552 25
291 2483 402 2546 sed
444 2503 563 2547 nec
606 2487 745 2548 erat
788 2504 919 2567 res,
983 2483 1059 2547 de
1108 2505 1232 2566 qua
1288 2481 1656 2566 scriberem,
1716 2503 1832 2546 nec
1890 2481 2087 2546 iocari
2150 2502 2302 2564 prae

288 2591 440 2635 cura
483 2575 790 2655 poteram.
853 2534 1116 2635 V⁷alebis
1163 2570 1366 2655 igitur
1403 2575 1468 2634 et
1511 2534 1759 2654 puellae
1807 2570 2078 2634 salutem
2101 2568 2301 2635 'Avu-

288 2660 543 2744 κωτατῃ
591 2659 758 2723 dices
803 2653 1187 2741 nostraeque
1229 2657 1451 2723 Piliae.

1243 2832 1355 2898 VI.
1961 2879 1965 2883 -

596 2953 740 3009 ser.
779 2953 964 3009 Rhoda·
999 2955 1123 3009 circ.
1161 2953 1258 3007 IV
1287 2954 1376 3007 Id.
1415 2952 1559 3007 Sext.
1599 2970 1651 3008 a.
1691 2956 1800 3009 ⁷04
1837 2956 1979 3022 (σο).

210 3088 265 3128 ao
928 3074 1185 3132 CICERO
1225 3073 1490 3130 ATTICO
1528 3074 1676 3130 SAL.

423 3183 602 3269 Ego,
671 3184 822 3247 dum
884 3184 954 3247 in
1014 3184 1344 3269 provincia
1408 3185 1704 3248 omnibus
1769 3185 1963 3249 rebus
2016 3184 2304 3270 Appium
2345 3203 2372 3252 1

292 3294 478 3356 01110,
542 3272 756 3337 subito
816 3294 959 3336 sum
1021 3272 1228 3336 factus
1285 3273 1672 3337 accusatoris
1728 3272 1865 3336 eius
1912 3293 2106 3337 socer.
2200 3272 2307 3336 ‘Id

294 3361 607 3445 quidem',
652 3360 893 3444 inquis,
940 3360 1034 3423 ‘di
1082 3359 1495 3445 adprobentl’
1580 3359 1683 3423 Ita
1726 3360 1922 3425 velim
1977 3363 2170 3444 teque
2214 3362 2306 3424 ita

292 3469 520 3533 cupere
564 3451 737 3513 certo
782 3449 929 3513 scio.
1022 3445 1162 3533 Sed,
1207 3448 1390 3513 crede
1432 3446 1613 3533 1111111,
1657 3447 1822 3511 nihil
1866 3447 2079 3512 minus
2124 3451 2304 3532 puta-

213 3560 265 3600 35
293 3560 428 3600 ram
479 3557 617 3623 ege,
661 3536 773 3620 qui
817 3534 894 3601 de
929 3535 1022 3600 Ti.
1061 3534 1335 3620 Nerone,
1383 3537 1493 3622 qui
1531 3557 1779 3600 mecum
1819 3538 2051 3619 egerat,
2097 3540 2303 3599 certos

1882 3637 1987 3690 12*
