2642 3923
335 194 465 259 212
1024 194 1098 247 u.
1136 159 1352 248 'rum
1387 192 1764 250 clossoms

339 337 707 422 accipienda
750 337 946 424 plaga
989 341 1105 402 est.
1186 335 1424 402 Sumus
1472 337 1644 402 enim
1688 336 2013 423 flagitiose
2058 337 2361 422 imparati

337 447 483 491 cum
528 448 567 490 a
610 425 931 491 militibus
975 429 1118 490 tum
1163 448 1202 490 a
1238 426 1532 510 pecunia3
1578 447 1771 509 quam
1812 426 2068 510 quidem
2106 447 2360 491 omnem

334 535 470 580 non
512 513 703 579 modo
750 513 1097 599 privatam,
1155 535 1319 597 quae
1364 514 1436 578 in
1480 513 1639 578 urbe
1686 518 1804 599 est,
1851 515 1960 578 sed
2006 515 2200 579 etiam
2246 537 2359 599 pu·

334 602 591 688 blicam,
636 625 797 687 quae
843 604 914 667 in
957 601 1202 667 aerario
1243 606 1359 685 est,
1405 600 1504 666 illi
1543 602 1933 686 reliquimus,
2014 600 2358 686 Pompeius

328 690 417 756 -ad
473 691 759 776 legiones
801 689 1132 775 Appianas
1178 694 1279 755 est
1324 691 1677 775 profectus3
1742 688 2097 756 Labienum
2144 713 2359 756 secum
2417 718 2447 758 ε

337 779 550 844 habet.
649 778 795 865 Ego
864 783 1009 859 tuas
1074 779 1410 863 opiniones
1475 777 1552 842 de
1614 778 1717 842 his
1783 778 1977 843 rebus
2042 783 2358 864 exspecto,

329 866 630 933 Formias
674 889 777 932 me
821 868 1128 932 continuo
1175 868 1455 951 recipere
1500 866 1879 951 cogitabam.

1259 1041 1435 1108 XVI.

740 1162 855 1220 Ser.
886 1162 1113 1219 Calibus
1145 1163 1260 1218 HI
1289 1164 1363 1218 K.
1396 1163 1556 1220 Febr.
1586 1181 1639 1219 a.
1673 1167 1783 1219 705
1820 1167 1961 1233 (49).

970 1284 1227 1342 CICERO
1265 1286 1529 1342 ATTICO
1569 1286 1718 1342 SAL.
2386 1300 2447 1340 10

273 1414 299 1462 1
473 1393 711 1459 Omnes
776 1394 1056 1460 arbitror
1119 1394 1279 1460 mihi
1348 1399 1494 1460 tuas
1556 1395 1811 1460 litteras
1865 1395 2146 1460 redditas
2202 1415 2359 1480 esse,

215 1505 226 1516 ·
341 1483 452 1548 sed
497 1484 737 1567 primas
776 1487 1204 1568 praepostere,
1248 1484 1531 1568 reliquas
1569 1484 1812 1569 ordine,
1856 1506 1984 1569 quo
2023 1488 2175 1548 sunt
2209 1485 2358 1548 mis·

342 1593 448 1635 sae
493 1593 607 1655 per
642 1570 1025 1636 Terentiam.
1108 1570 1205 1635 De
1250 1572 1571 1637 mandatis
1618 1570 1911 1637 Caesaris
1957 1572 2358 1656 adventuque

343 1659 608 1724 Labieni
661 1664 726 1724 et
779 1661 1106 1744 responsis
1165 1660 1500 1725 consulum
1560 1683 1631 1725 ac
1674 1658 1942 1745 Pompei
1996 1660 2226 1745 scripsi
2279 1659 2359 1725 ad

342 1758 406 1812 te
464 1747 701 1812 litteris
746 1748 855 1834 iis,
909 1769 1069 1832 quas
1116 1770 1169 1813 a.
1209 1749 1263 1812 d.
1303 1767 1351 1812 v
1394 1747 1536 1814 Kal.
1577 1747 1797 1833 Capua
1844 1749 2004 1832 dedi,
2048 1749 2359 1833 pluraque
2386 1776 2444 1817 ιε

270 1855 303 1903 2
340 1840 670 1921 praeterea
713 1836 782 1900 in
827 1837 1093 1901 eandem
1135 1837 1477 1921 epistulam
1520 1837 1776 1903 conieci.
1858 1836 2047 1902 Nunc
2092 1836 2211 1902 has
2258 1858 2359 1901 ex-

345 1924 769 2010 spectationes
805 1924 1116 1990 habemus
1155 1925 1334 2012 duas,
1378 1948 1590 2012 unam,
1636 1926 1791 2010 quid
1828 1923 2063 1992 Caesar
2099 1929 2356 1991 acturus

342 2016 457 2098 sit,
512 2035 658 2079 cum
718 2016 1031 2099 acceperit
1085 2035 1183 2099 ea,
1242 2036 1407 2099 quae
1461 2015 1790 2079 referenda
1851 2015 1933 2079 ad
1977 2015 2164 2079 illum
2209 2015 2359 2079 data

340 2106 496 2167 sunt
549 2100 618 2167 L.
669 2101 953 2187 Caesari,
1015 2102 1310 2189 alteram,
1371 2103 1527 2187 quid
1579 2101 1922 2188 Pompeius
1976 2107 2144 2188 agat.
2235 2102 2358 2179 Qui

341 2191 598 2275 quidem
654 2190 735 2255 ad
789 2212 893 2255 me
947 2191 1171 2255 scribit
1231 2192 1451 2275 paucis
1498 2191 1722 2256 diebus
1770 2213 1838 2256 se
1882 2193 2140 2256 firmum
2187 2212 2358 2255 exer·
2386 2218 2442 2258 ιο

339 2280 542 2344 citum
576 2278 952 2343 habiturum
989 2301 1296 2363 spemque
1333 2279 1557 2364 adfert,
1603 2279 1659 2344 si
1695 2279 1761 2344 in
1790 2278 2095 2344 Picenum
2131 2300 2358 2364 agrum

341 2367 480 2452 ipse
533 2367 807 2452 venerit,
868 2389 989 2432 nos
1043 2366 1319 2432 Romam
1373 2368 1694 2433 redituros
1748 2389 1903 2434 esse.
2003 2367 2356 2433 Labienum

341 2478 557 2520 secum
610 2455 805 2520 habet
849 2476 982 2520 non
1025 2455 1430 2523 dubitantem
1466 2457 1545 2521 de
1587 2456 2028 2521 imbecillitate
2066 2454 2355 2521 Caesaris

340 2544 699 2634 copiarum3
757 2544 939 2609 cuius
994 2544 1272 2609 adventu
1319 2542 1575 2609 Gnaeus
1620 2549 1843 2609 noster
1896 2544 2105 2609 multo
2161 2544 2354 2609 animi

340 2632 488 2716 plus
551 2631 766 2697 habet.
864 2630 1004 2697 Nos
1067 2654 1106 2696 a
1158 2632 1530 2698 consulibus
1593 2631 1876 2718 Capuam
1928 2633 2145 2697 venire
2197 2633 2357 2697 iussi
2386 2660 2441 2700 π

345 2742 566 2785 sumus
614 2720 692 2785 ad
738 2718 963 2785 Nonas
1009 2719 1190 2785 Febr.

476 2806 697 2892 Capua
752 2809 1080 2893 profectus
1137 2831 1282 2873 sum
1336 2808 1629 2874 Formias
1687 2831 1742 2875 a.
1788 2809 1846 2874 d.
1891 2826 1971 2873 111
2022 2807 2165 2873 Kal
2255 2808 2357 2874 Eo

345 2897 446 2961 die
499 2918 645 2962 cum
691 2895 956 2962 Calibus
1002 2901 1150 2961 tuas
1196 2897 1447 2962 litteras
1491 2896 1653 2962 hora
1696 2897 1829 2964 fere
1873 2918 2045 2961 nona
2089 2898 2361 2982 accepis-

271 3003 304 3050 3
345 3006 498 3070 sem,
541 2984 660 3050 has
706 2985 932 3051 statim
977 2984 1138 3051 dedi.
1228 2985 1328 3051 De
1372 2984 1671 3050 Terentia
1717 2990 1781 3051 et
1826 2986 2037 3050 Tullia
2080 2986 2204 3050 tibi
2249 2986 2360 3051 ad-

343 3074 602 3138 sentior.
693 3072 798 3140 Ad
843 3094 1004 3158 quas
1051 3073 1458 3159 scripseram,
1513 3075 1593 3138 ad
1638 3079 1705 3139 te
1748 3078 1824 3139 ut
1870 3075 2194 3139 referrent.
2288 3072 2361 3139 Si
2388 3101 2443 3141 so

340 3162 627 3227 nondum
685 3163 1011 3247 profectae
1065 3167 1243 3247 sunt,
1298 3161 1464 3227 nihil
1521 3166 1645 3248 est,
1700 3163 1874 3247 quod
1929 3184 1998 3228 se
2041 3167 2360 3247 moveant,

342 3250 553 3333 quoad
599 3251 1078 3337 perspiciamus,
1124 3272 1251 3334 quo
1296 3251 1423 3315 loci
1470 3250 1557 3315 sit
1600 3273 1719 3317 res.
