2642 3923
682 195 1193 250 EPISTULARUM
1229 196 1327 250 AD
1368 195 1690 250 ATTICUM
1727 197 1752 249 Ι
1789 202 1871 251 16.
2203 196 2283 260 21

270 337 802 403 honorificentior
844 340 985 403 visa
1031 343 1128 403 est
1176 361 1368 422 quam
1413 343 1525 403 aut
1570 339 1699 422 illa,
1746 361 1890 403 cum
1935 340 2144 404 iurare
2191 340 2291 403 tui

271 427 441 490 cives
487 425 909 491 Xenocratem
957 427 1400 491 testimonium
1446 428 1758 491 dicentem
1801 427 2289 513 prohibuerunt,

273 520 385 578 aut
431 536 574 578 cum
621 516 876 578 tabulas
923 514 1170 579 Metelli
1216 513 1571 601 Numidici,
1633 537 1776 579 cum
1833 537 1969 602 eae,
2027 520 2101 579 ut
2146 537 2287 580 mos

275 607 391 687 est,
437 603 1015 689 circumferrentur,
1057 605 1266 667 nostri
1312 604 1551 668 iudices
1599 604 1879 687 aspicere
1922 605 2284 669 noluerunt.

216 717 242 756 5
272 691 481 755 Multo
527 691 709 777 haec,
767 693 1056 775 inquam,
1113 696 1339 755 nostra
1392 714 1494 756 res
1541 692 1759 756 maior.
1850 691 2077 776 Itaque
2122 692 2286 755 iudi-
2323 708 2353 756 5

273 800 416 842 cum
480 781 771 864 vocibuS,
836 802 979 844 cum
1045 801 1162 865 ego
1230 781 1320 844 sic
1385 781 1465 845 ab
1530 780 1610 843 iis
1674 784 1748 844 ut
1813 780 1985 844 salus
2042 781 2286 864 patriae

272 867 664 953 defenderer,
721 868 962 932 fractus
1023 890 1168 932 reus
1229 872 1294 932 et
1340 891 1467 933 una
1520 869 1776 951 patroni
1822 890 2040 932 omnes
2086 870 2286 933 conci-

271 955 528 1039 derunt3
586 956 663 1019 ad
715 977 818 1020 me
865 961 1078 1021 autem
1125 956 1340 1020 eadem
1385 956 1745 1039 frequentia
1789 957 2099 1040 postridie
2144 979 2286 1021 con·

273 1044 475 1128 venit,
522 1066 793 1127 quacum
839 1044 1059 1109 abiens
1106 1044 1443 1109 consulatu
1491 1066 1632 1108 sum
1673 1045 1931 1109 domum
1970 1045 2284 1109 reductus

189 1160 242 1197 ιο
274 1129 562 1195 Clamare
624 1132 935 1215 praeclari
981 1131 1399 1217 Ariopagitae
1459 1155 1526 1197 se
1586 1154 1718 1197 non
1782 1154 1919 1196 esse
1981 1138 2285 1198 venturos

269 1220 399 1283 nisi
445 1221 759 1303 praesidio
808 1221 1177 1285 constituto.
1252 1220 1552 1285 Refertur
1589 1221 1667 1284 ad
1713 1221 2067 1285 consilium.
2142 1220 2288 1286 Una

272 1309 411 1372 sola
471 1309 789 1372 sententia
852 1309 1238 1392 praesidium
1298 1331 1432 1373 non
1491 1309 1886 1374 desideravit.
1986 1307 2288 1374 Defertur

269 1418 371 1460 res
402 1396 480 1460 ad
519 1402 828 1461 senatum.
906 1395 1295 1461 Gravissime
1334 1398 1865 1481 ornatissimeque
1901 1398 2286 1482 decernitur3

270 1484 614 1548 laudantur
660 1485 926 1570 iudices;
972 1486 1158 1549 datur
1202 1487 1536 1570 negotium
1582 1486 2086 1571 magistratibus
2169 1485 2287 1550 Re-

190 1601 240 1639 15
274 1594 662 1655 sponsurum
707 1573 1034 1638 hominem
1078 1596 1264 1637 nemo
1311 1574 1764 1638 arbitrabatur.

697 1696 1003 1762 ‘''Effltsve
1049 1707 1177 1762 νῦν
1221 1721 1357 1780 μοι,
1401 1700 1671 1761 Μοῦσαι
1721 1735 1803 1744 -

697 1786 921 1861 ὅππως
968 1787 1050 1868 δὴ
1095 1796 1361 1867 πρῶτον
1406 1795 1540 1869 πῦρ
1588 1786 1862 1870 ἔμπεσε)

405 1924 600 1991 Nosti
649 1923 916 1990 Calvum
963 1947 1038 1990 ex
1092 1924 1482 1989 Nanneianis
1529 1926 1737 2011 illum,
1784 1925 1967 1990 illum
2002 1926 2286 1991 laudato·

270 2038 407 2079 rem
445 2037 676 2101 meum,
721 2014 796 2078 de
834 2015 1014 2078 cuius
1053 2015 1342 2078 oratione
1380 2035 1530 2099 erga
1564 2036 1666 2078 me
1700 2014 2053 2078 honorifica
2099 2015 2178 2078 ad
2222 2020 2287 2079 te

190 2132 242 2169 20
273 2104 665 2187 scripseram.
759 2102 966 2166 Biduo
1012 2124 1126 2186 per
1169 2125 1370 2166 unum
1417 2125 1670 2167 servum
1716 2107 1779 2167 et
1821 2125 1966 2167 eum
2012 2125 2087 2167 ex
2134 2103 2286 2167 ludo

274 2192 657 2277 gladiatorio
727 2191 998 2255 confecit
1075 2195 1285 2255 totum
1364 2192 1722 2276 negotium3
1801 2191 2132 2255 arcessivit
2207 2192 2287 2255 ad

274 2302 361 2367 se,
405 2280 725 2365 promisit,
769 2280 1157 2363 intercessit,
1205 2280 1394 2343 dedit.
1486 2279 1623 2343 Iam
1673 2301 1820 2344 vero
1869 2278 1957 2366 (o,
2003 2280 2067 2343 di
2114 2280 2287 2365 boni,

271 2391 409 2432 rem
454 2365 828 2453 perditaml)
866 2368 1060 2431 etiam
1107 2375 1325 2431 noctes
1364 2372 1677 2431 certarum
1717 2368 2057 2432 mulierum
2095 2372 2288 2452 atque

275 2456 896 2521 adulescentulorum
955 2455 1272 2519 nobilium
1332 2456 1837 2538 introductiones
1896 2478 2027 2520 non
2089 2457 2287 2520 nullis

192 2573 243 2613 25
274 2544 593 2609 iudicibus
652 2565 770 2628 pro
832 2544 1136 2607 mercedis
1197 2544 1452 2608 cumulo
1512 2545 1785 2607 fuerunt.
1877 2543 1980 2608 Ita
2039 2565 2286 2609 summo

273 2634 556 2697 discessu
614 2632 958 2716 bonorum,
1015 2632 1204 2716 pleno
1262 2632 1405 2696 foro
1468 2654 1795 2697 servorum
1850 2650 1993 2695 XXV
2047 2633 2287 2697 iudices

273 2722 367 2785 ita
411 2721 612 2784 fortes
650 2725 867 2784 tamen
911 2719 1190 2806 fuerunt,
1235 2723 1308 2783 ut
1349 2741 1595 2785 summo
1633 2722 1967 2804 proposito
2005 2721 2286 2803 periculo

274 2810 377 2873 vel
422 2810 628 2892 perire
671 2809 1013 2872 maluerint
1069 2830 1259 2891 quam
1317 2808 1577 2891 perdere
1623 2809 1851 2872 omnia.
1943 2826 2114 2872 XXXI
2159 2809 2290 2873 fue·

275 2902 447 2983 runt,
493 2918 653 2980 quos
697 2897 897 2961 fames
934 2897 1141 2980 magis
1180 2918 1371 2980 quam
1412 2897 1582 2960 fama
1619 2898 2048 2961 commoverit.
2123 2895 2289 2972 Quo-

194 3014 246 3051 ao
273 3008 418 3049 rum
458 2983 724 3049 Catulus
771 3007 916 3049 cum
952 2986 1216 3049 vidisset
1254 2985 1586 3071 quendam,
1634 2984 1820 3061 ‘Quid
1857 2985 2014 3068 vos',
2059 2986 2290 3070 inquit,

282 3073 689 3157 'praesidium
725 3096 763 3137 a
798 3074 984 3137 nobis
1036 3072 1507 3156 postulabatis?
1553 3095 1652 3157 an,
1696 3096 1777 3137 ne
1811 3073 2059 3137 nummi
2103 3074 2288 3138 vobis

276 3163 702 3247 eriperentur,
756 3161 1150 3226 timebatis‘R'
1242 3160 1488 3245 Habes,
1548 3166 1620 3225 ut
1665 3161 2039 3225 brevissime
2085 3163 2289 3247 potui,
2327 3179 2356 3226 6

277 3272 478 3335 genus
527 3246 743 3314 iudicii
790 3254 855 3314 et
900 3271 1157 3314 causam
1202 3249 1643 3313 absolutionis

410 3338 674 3414 Quaeris
720 3338 1031 3422 deincePS,
1080 3338 1189 3421 qui
1226 3360 1395 3401 nunc
1433 3338 1519 3401 sit
1565 3341 1774 3402 status
1810 3359 2023 3402 rerum
2070 3341 2134 3401 et
2180 3337 2291 3421 qui

200 3453 249 3490 35
276 3448 472 3491 meus.
564 3426 682 3491 Rei
725 3426 1020 3509 publicae
1062 3429 1304 3489 statum
1350 3426 1561 3510 illum,
1608 3448 1796 3509 quem
1842 3429 1914 3489 tu
1960 3446 2100 3489 meo
2148 3447 2289 3489 con·

280 3515 453 3597 silio,
498 3536 617 3599 ego
665 3514 880 3578 divino
927 3514 1374 3578 confirmatum
1420 3515 1757 3596 putabam,
1816 3514 1926 3595 qui
1973 3512 2282 3575 bonorum
