2642 3923
343 181 477 244 402
987 179 1060 234 M.
1098 179 1313 233 TULLI
1350 178 1723 234 CICERONIS

345 324 824 387 transferamus,
905 321 1167 386 Etenim
1215 326 1366 386 sunt
1411 321 1774 405 Antiochia,
1822 342 1982 405 quae
2020 322 2144 386 iste
2178 321 2364 386 valde

346 411 594 495 probat.
668 408 898 475 Catulo
947 416 1010 474 et
1044 409 1313 474 Lucullo
1363 410 1518 474 alibi
1557 430 1958 494 reponemus,
2002 411 2096 473 ita
2130 414 2365 495 tamen,

351 501 405 564 si
452 506 525 564 tu
569 498 693 564 hoc
738 498 999 582 probas3
1047 498 1250 581 deque
1296 519 1372 562 eo
1418 497 1578 562 mihi·
1624 498 1936 562 rescribas
1983 498 2194 562 velim.

271 606 312 655 4
479 586 577 652 De
630 586 981 650 Brinniana
1035 588 1329 650 auctione
1383 587 1595 670 accepi
1649 609 1685 650 a
1739 585 2041 651 Vestorio
2095 587 2364 651 litteras

347 673 464 740 Ait
519 676 655 740 sine
708 675 840 739 ulla
895 675 1329 739 controversia
1382 696 1518 739 rem
1571 675 1651 738 ad
1694 696 1795 739 me
1844 696 1981 739 esse
2026 675 2364 739 conlatam.
2425 703 2454 742 5

347 762 591 828 Romae
636 763 931 827 videlicet
979 767 1089 827 aut
1133 764 1203 826 in
1247 762 1609 828 Tusculano
1654 785 1757 827 me
1802 764 1940 827 fore
1977 767 2368 846 putaverunt

349 874 402 916 a.
461 851 515 915 d.
567 870 692 915 vm
747 851 888 915 Kal.
936 849 1188 926 Quinct.
1289 849 1477 915 Dices
1543 851 1745 937 igitur
1803 851 1907 916 vel
1967 853 2169 916 amico
2233 857 2368 934 tuo,

343 939 412 1004 1S.
450 939 700 1022 Vettio,
754 939 1046 1004 coheredi
1091 960 1233 1004 meo
1249 991 1267 1024 ,
1329 940 1433 1003 vel
1477 939 1761 1003 Labeoni
1795 945 2049 1026 nostro,
2102 940 2369 1025 paulum

342 1029 679 1112 proferant
733 1028 1120 1113 auctionem3
1165 1049 1267 1091 me
1320 1028 1573 1092 circiter
1617 1025 1841 1092 Nonas
1887 1028 1955 1092 in
2003 1026 2366 1092 Tusculano

342 1118 501 1182 fore.
618 1115 778 1180 Cum
847 1114 1079 1180 Pisone
1151 1115 1420 1180 Erotem
1490 1116 1705 1180 habes
1811 1115 1910 1180 De
1992 1116 2368 1200 Scapulanis
2397 1143 2457 1181 ιο

343 1204 557 1270 hortis
603 1209 746 1269 toto
792 1208 1050 1288 pectore
1095 1204 1468 1288 cogitemus.
1559 1203 1713 1268 Dies
1760 1204 1958 1269 adest.

1158 1342 1336 1429 xm,
1380 1344 1552 1409 xlv.

666 1447 781 1503 Ser.
810 1448 875 1500 in
912 1447 1180 1516 Arpinati
1224 1447 1314 1501 VI
1345 1448 1420 1501 K.
1453 1448 1642 1518 Quint.
1671 1466 1723 1503 a.
1756 1451 1867 1503 709
1906 1452 2045 1517 (45).

953 1552 1244 1608 CICERO
1278 1553 1570 1608 ATTICO
1605 1553 1770 1610 SAL.

280 1660 309 1709 1
485 1641 859 1709 Commotus
917 1644 1048 1708 tuis
1102 1642 1370 1728 litteris,
1435 1645 1605 1727 quod
1662 1645 1739 1708 ad
1796 1668 1898 1709 me
1954 1645 2030 1710 de
2076 1643 2367 1710 Varrone
2396 1672 2449 1712 ιε

352 1732 723 1817 scripseraS,
776 1736 983 1796 totam
1026 1731 1440 1797 Academiam
1495 1733 1575 1796 ab
1631 1732 1998 1798 hominibus
2043 1733 2367 1798 nobilissi-

349 1821 473 1885 mis
519 1820 775 1903 abstuli,
834 1820 1141 1884 transtuli
1186 1820 1267 1885 ad
1310 1824 1606 1885 nostrum
1653 1821 1935 1886 sodalem
1982 1826 2046 1885 et
2094 1843 2170 1885 ex
2215 1823 2368 1886 duo·
2423 1896 2427 1901 ,

349 1909 471 1974 bus
530 1908 716 1973 libris
771 1909 1016 1973 contuli
1071 1909 1139 1973 in
1186 1912 1510 1993 quattuor.
1603 1908 1989 1976 Grandiores
2037 1915 2189 1976 sunt
2235 1933 2366 1976 om-

348 1999 531 2082 nino,
585 2020 776 2081 quam
832 2002 1011 2062 erant
1057 1998 1175 2084 illi,
1222 1998 1332 2062 sed
1366 2002 1583 2063 tamen
1626 1999 1832 2062 multa
1877 2000 2175 2064 detracta.
2266 2000 2366 2064 Tu

299 2115 307 2122 ·
349 2100 565 2151 autem
624 2087 779 2149 mihi
847 2086 1150 2170 pervelim
1218 2086 1485 2169 scribaS,
1550 2088 1662 2170 qui
1724 2087 2117 2153 intellexeris
2181 2088 2365 2152 illum
2394 2115 2448 2154 20

350 2174 542 2259 velle3
606 2174 767 2238 illud
812 2196 963 2238 vero
1011 2175 1234 2259 utique
1281 2174 1442 2238 scire
1488 2176 1696 2261 cupio,
1742 2198 1929 2259 quem
1973 2177 2365 2241 intellexeris

349 2264 432 2327 ab
480 2285 553 2327 eo
602 2267 1108 2345 ζηλοτυπεῖσθαι
1153 2263 1281 2326 n'isi
1327 2263 1495 2327 forte
1540 2263 1829 2327 Brutum.
1905 2263 1978 2327 Id
2022 2264 2234 2328 hercle
2271 2287 2367 2329 re-

350 2352 592 2416 stabat!
667 2350 791 2415 Sed
843 2355 1058 2414 tamen
1118 2350 1278 2414 scire
1334 2352 1654 2434 pervelim.
1745 2350 1927 2416 Libri
1972 2353 2224 2435 quidem
2273 2354 2368 2417 ita

350 2441 661 2524 exierunt,
704 2439 833 2503 nisi
878 2439 1046 2503 forte
1090 2460 1193 2502 me
1238 2440 1593 2503 communis
1636 2444 1951 2523 φιλαυτία
1989 2440 2246 2525 decipit,
2291 2445 2367 2506 ut

351 2530 421 2593 in
474 2529 592 2592 tali
652 2549 881 2613 genere
933 2548 1013 2590 ne
1069 2526 1239 2610 apud
1286 2525 1563 2592 Graecos
1621 2527 1878 2613 quidem
1937 2529 2145 2593 simile
2192 2530 2367 2613 quic-
2395 2556 2448 2595 ετ»

352 2639 559 2701 quam.
659 2614 758 2679 Tu
810 2615 990 2679 illam
1043 2615 1356 2679 iacturam
1414 2617 1579 2680 feres
1636 2638 1838 2701 aequo
1895 2617 2137 2702 animo,
2192 2617 2367 2701 quod

351 2705 482 2791 illa,
529 2725 708 2788 quae.
733 2702 931 2767 habes
978 2703 1054 2768 de
1100 2702 1516 2788 Academicis,
1561 2706 1803 2768 frustra
1839 2704 2157 2788 descripta
2194 2711 2364 2770 sunt.

352 2792 561 2857 Multo
617 2795 835 2856 tamen
885 2791 1041 2856 haec
1096 2795 1283 2855 erunt
1345 2793 1806 2878 splendidiora,
1860 2793 2184 2876 breviora,
2238 2816 2366 2859 me-

284 2898 319 2945 2
351 2882 529 2946 liora.
631 2878 822 2944 Nunc
884 2883 1098 2943 autem
1162 2879 1418 2964 ἀπορῶ,
1484 2901 1611 2964 quo
1670 2903 1772 2945 me
1834 2886 2095 2945 vertam.
2194 2881 2365 2947 Volo
2405 2889 2411 2893 ’

352 2967 724 3033 Dolabellae
786 2968 968 3032 valde
1033 2967 1444 3051 desideranti3
1509 2990 1642 3032 non
1708 2970 1982 3054 reperio,
2051 2970 2232 3054 quid,
2301 2976 2366 3034 et
2394 2997 2450 3037 zo

350 3058 547 3122 simul
590 3056 914 3140 (αἰδέομαι
968 3056 1216 3140 Τρῶας’
1260 3077 1485 3140 neque,
1532 3057 1586 3121 si
1634 3057 1892 3141 aliquid,
1935 3062 2161 3142 potero
2207 3058 2365 3143 μέμ-

351 3158 490 3247 ψιν,
525 3145 816 3230 effugere.
920 3142 1057 3208 Aut
1110 3144 1486 3245 cessandum
1538 3146 1742 3230 igitur
1794 3150 1906 3209 aut
1960 3146 2205 3229 aliquid
2260 3168 2365 3210 ex-

279 3343 311 3389 3
347 3230 1215 3406 oofflgffizzmfflegeglbgssgio
1239 3232 2008 3407 zzffcqiliidmagciltgmzudape
2042 3345 2146 3387 me
2180 3323 2365 3387 valde

352 3410 548 3493 angit.
625 3406 750 3472 Sed
793 3407 1014 3471 crebro
1060 3414 1324 3493 regusto
1372 3415 1516 3474 tuas
1560 3410 1836 3495 litteras3
1881 3412 1950 3474 in
1998 3411 2101 3475 his
2150 3412 2366 3496 acqui-
2396 3438 2451 3480 35

352 3518 514 3560 esco.
605 3495 846 3559 Tamen
893 3500 1189 3578 exspecto
1236 3519 1450 3563 novas.
