2642 3923
307 187 559 242 LXXXII
949 183 1374 239 ADNOTATIO
1414 183 1698 239 CRITICA

306 346 357 383 V.
389 326 450 384 O.
477 327 542 383 E.
571 324 828 380 Schmidt
867 324 1002 381 ‘Der
1035 323 1284 379 Briefw.’
1325 343 1379 395 p.
1413 329 1531 392 163,
1568 325 1666 379 IV
1689 324 1763 378 K.
1786 325 1922 394 Apr.
1944 325 2153 392 Baiter,
2191 326 2347 379 inter

319 399 410 453 VI
430 398 504 452 K.
535 406 584 453 et
610 398 723 451 III
743 397 890 451 Non.
919 389 1202 462 Wesenh„
1243 397 1447 450 March
1480 400 1557 450 29
1592 396 1746 464 Tyrr.
1770 410 1854 466 ep.
1878 401 1995 451 376.
2035 426 2105 436 —-
2144 401 2211 448 32
2249 412 2342 450 ve·

307 471 578 523 ruiramus
611 468 856 535 Manut,
894 466 1176 532 Wesenb.,
1222 466 1383 533 Boot,
1419 466 1652 535 Madvig
1687 465 1897 521 Adx'r.II
1923 484 1978 536 p.
1999 472 2121 533 238,
2159 465 2345 535 Τγιτ.,

310 542 612 594 venerimus
659 538 838 604 codd.,
873 538 1033 593 Boot.
1098 542 1118 605 ΙΙ
1179 537 1249 591 Ρ.
1288 537 1427 592 289.
1468 543 1534 590 14
1581 536 1725 606 ἥρως
1772 538 1961 619 (heros)
2009 536 2159 591 Celer
2193 537 2342 590 Leh-

308 627 481 664 mann
517 611 635 665 Att.
664 628 719 680 p.
751 614 853 662 202
875 626 982 676 sq.,
1027 609 1180 662 heros
1219 607 1273 662 (J.
1314 623 1401 680 ep.
1430 607 1530 663 sel.
1558 608 1638 661 HI
1667 612 1733 661 16
1779 622 1892 661 non
1937 610 2342 676 interpretanS,

312 681 494 748 cred0,
531 680 935 748 nequissimum
973 695 1095 733 esse
1132 678 1329 746 heroa,
1376 679 1526 747 quod
1560 677 1685 732 vult
1719 677 1780 733 Ο.
1809 677 1873 734 Ε.
1904 678 2159 732 Schmidt
2192 696 2340 734 mus,

310 752 488 807 Rhen.
512 756 646 804 1897
676 768 731 820 Ρ.
754 754 874 817 159,
913 750 1013 803 sed
1048 765 1216 817 quem
1252 748 1328 801 ad
1362 749 1590 803 modum
1615 768 1670 820 p.
1700 754 1785 805 28.
1816 754 1881 802 31
1923 748 2077 815 Cato,
2117 755 2236 803 207.
2268 756 2343 802 33

314 822 623 888 Labienus,
671 820 897 891 saepius
936 820 1189 874 Caesaris
1228 820 1615 874 interfectores
1652 823 1922 873 vocantur
1956 819 2171 886 heroes,
2208 820 2246 874 i.
2290 837 2341 874 e.

314 893 491 946 divini
526 892 807 960 homines,
854 907 1133 958 nusquam
1171 890 1352 946 aliter.
1418 890 1589 946 codd.
1629 890 1844 944 habent
1878 890 1997 945 fere
2032 907 2148 945 eros
2184 892 2343 958 celer,

313 964 371 1017 M
427 979 515 1017 ero
564 964 772 1030 sceleri,
832 962 893 1015 in
955 978 1063 1029 quo
1117 961 1427 1016 Schmidtio
1474 960 1568 1017 1.1.
1618 964 1676 1016 et
1725 961 1859 1015 ‘Der
1910 961 2336 1016 Briefwechsel'

312 1054 367 1104 Ρ.
401 1040 501 1088 163
532 1051 613 1102 sq.
644 1036 858 1087 certum
894 1031 1115 1087 videtur
1149 1031 1328 1085 latere
1366 1050 1489 1087 eras
1515 1033 1741 1098 sceleri-9,
1780 1032 1816 1088 i.
1848 1048 1894 1087 e.
1925 1031 2145 1088 Caesar.
2208 1032 2344 1086 ‘Die

314 1105 709 1173 Bezeichnung
753 1103 987 1158 Caesare
1034 1101 1119 1156 als
1176 1103 1273 1156 des
1318 1101 1644 1156 Hausherrn
1689 1103 1828 1156 iiber
1875 1102 1966 1157 ein
2011 1103 2342 1157 verbreche-

314 1176 524 1230 risches
583 1174 869 1242 Gesinde’,
924 1174 1135 1242 inquit,
1194 1174 1533 1244 ‘entspricht
1594 1190 1738 1243 ganz
1803 1174 1902 1227 der
1954 1173 2345 1244 Anschauung

316 1246 551 1301 Ciceros.
641 1244 755 1300 Der
807 1243 1105 1299 Ausdruck
1155 1243 1326 1297 kehrt
1378 1244 1438 1298 in
1501 1243 1791 1298 ahnlicher
1843 1243 2345 1315 Verstfimmelung

318 1318 524 1371 wieder
562 1315 611 1370 X
639 1323 688 1371 5.
719 1317 773 1370 2’
815 1315 1035 1369 scilicet
1077 1315 1137 1368 in
1176 1314 1453 1368 Schmidti
1488 1314 1632 1369 libro
1668 1334 1724 1386 p.
1765 1321 1883 1383 171,
1924 1315 2062 1368 alibi
2097 1331 2344 1382 usquam

315 1406 464 1443 erum
493 1388 708 1441 dictum
735 1402 859 1441 esse
883 1386 1197 1457 principem
1223 1388 1327 1439 aut
1342 1403 1399 1438 m
1481 1386 1676 1439 'strum
1694 1386 1908 1468 ignoro,
1933 1387 2184 1441 ‘sceleris’
2208 1402 2343 1440 vero

319 1460 484 1514 ‘erus'
515 1458 704 1513 nescio
733 1458 873 1526 quid
897 1457 1201 1526 praecipue
1235 1402 1496 1510 mirabaifle
1522 1456 1664 1510 mihi
1690 1457 1914 1510 videtur
1938 1456 2164 1524 habere,
2193 1458 2230 1528 †
2247 1474 2346 1511 ero

314 1531 499 1585 sceleri
534 1528 751 1596 Baiter,
788 1528 957 1596 Boot,
994 1526 1227 1597 Tyrrell,
1266 1528 1415 1581 Eros
1454 1527 1651 1582 Celeris
1687 1526 1931 1595 Gon-ad„
1967 1527 2230 1583 Wesenb.
2269 1559 2342 1569 —-

321 1607 387 1655 16
430 1601 598 1667 Tulli,
634 1616 748 1653 non
790 1599 969 1654 Titias·
1003 1598 1276 1666 Lambin.,
1314 1597 1550 1668 Tyrrell,
1593 1598 1758 1668 Quid,
1794 1598 1949 1654 Servi
1982 1599 2151 1666 filius,
2189 1599 2341 1652 Pon-

315 1673 427 1725 tius
469 1672 790 1726 Titinianus
826 1670 891 1723 in
933 1670 1019 1724 his
1063 1670 1256 1724 castris
1298 1670 1528 1736 fuerunt
1564 1666 1675 1724 -ἓ
1710 1667 1773 1724 Ο.
1803 1668 1866 1724 Ε.
1905 1666 2162 1723 Schmidt
2194 1686 2339 1725 mus,

315 1742 493 1797 Rhen.
525 1746 660 1795 1897
691 1759 746 1811 p.
770 1745 872 1795 160
892 1756 974 1807 sq.
995 1770 1065 1781 —
1088 1745 1150 1793 17
1183 1740 1289 1795 Sex
1314 1741 1510 1794 habet
1537 1740 1769 1810 leqiones
1798 1739 2053 1809 Schuetz,
2080 1740 2239 1795 Boot.
2270 1772 2342 1780 —

319 1819 383 1867 19
404 1813 564 1884 [Hoc
579 1813 764 1878 fuerat
785 1811 1112 1881 extumum]
1127 1810 1432 1878 Meutzner,
1462 1810 1618 1880 Tyrr.
1648 1841 1718 1852 --
1746 1817 1811 1864 23
1832 1812 1941 1865 scri
1978 1828 2139 1866 seras,
2178 1812 2340 1881 Inye-

318 1881 546 1938 muisti?
589 1881 823 1952 Tyr-rell.
852 1912 924 1924 -
953 1888 1021 1935 24
1042 1882 1183 1936 Pedi
1201 1883 1532 1936 Norbanum
1560 1878 1606 1935 O
1642 1880 1704 1937 E.
1727 1880 1914 1935 Schmi
1955 1884 1982 1935 t
2011 1881 2145 1935 ‘Der
2161 1882 2342 1935 Brief-

315 1953 578 2009 wechsel’
607 1973 664 2027 p.
687 1958 807 2022 165,
848 1953 1133 2021 Pelarmm,
1164 1954 1448 2022 pellanum
1486 1951 1671 2020 codd,
1702 1952 1991 2007 Pedanam
2018 1951 2171 2021 Mal„
2211 1953 2340 2010 edd.

317 2058 384 2066 —-
407 2032 473 2080 25
494 2027 624 2080 inde
643 2057 708 2067 -
732 2026 1003 2094 Exspecto
1023 2025 1237 2094 quidem
1253 2023 1559 2092 Lehmann,
1575 2025 1734 2078 valde
1751 2031 1993 2147 exemto
2010 2023 2079 2079 H.
2096 2024 2161 2079 A.
2182 2024 2344 2078 Koch

316 2114 501 2168 progr.
531 2096 681 2152 Port.
715 2101 851 2150 1868
879 2113 935 2166 Ρ.
964 2101 1049 2162 27,
1088 2096 1247 2149 avide
1284 2112 1379 2149 eoes
1444 2101 1526 2150 cto
1564 2095 1650 2150 Fr.
1674 2094 1761 2150 W.
1784 2093 1853 2149 Sc
1950 2095 2040 2148 idt
2065 2094 2340 2150 FleckeiS.

317 2168 505 2223 annal.
539 2172 674 2221 1874
692 2185 748 2237 p.
771 2172 891 2234 741,
920 2166 1062 2220 coni.
1082 2166 1242 2221 Boot.
1289 2164 1352 2220 Ο.
1425 2209 1436 2220 .
1458 2164 1714 2219 Schmidt
1737 2166 1870 2219 ‘Der
1889 2165 2134 2220 Briefw.‘
2160 2185 2214 2235 p.
2238 2172 2339 2220 167

317 2240 445 2292 inde
462 2239 869 2307 interpretatur
890 2237 982 2291 ‘ex
1002 2252 1066 2290 eo
1087 2238 1383 2307 tempore',
1408 2252 1520 2290 non
1541 2236 1844 2291 admodum
1861 2235 2248 2305 probabiliter.
2270 2268 2341 2277 —

314 2309 395 2365 Ib.
425 2311 771 2378 λαλαγεῦσαν
797 2307 1016 2375 Βοείυει,
1050 2305 1219 2377 vulg„
1257 2308 1651 2361 ΑΛΛΤΕΛΕΑΝ
1689 2307 1764 2375 Μ,
1811 2324 1938 2360 cum
1975 2323 2138 2361 cruce
2181 2307 2343 2376 Boot,

401 2378 551 2448 rrell,
591 2375 648 2445 ἐξ
678 2379 890 2434 ἀδύτου
916 2376 1188 2448 λέγουσαν
1213 2377 1368 2446 Bury
1393 2376 1681 2432 Hermath.
1719 2376 1755 2429 V
1792 2383 1928 2432 1885
1956 2395 2010 2447 p.
2042 2384 2163 2445 273,
2238 2382 2342 2433 ελι-

317 2454 352 2505 ὃ
388 2471 460 2505 να
496 2454 844 2519 λαλαγεῢσαν
871 2448 1014 2502 Ellis
1051 2447 1252 2503 Philol.
1282 2447 1406 2501 LIV
1430 2466 1486 2518 p.
1520 2453 1620 2501 746
1642 2465 1723 2516 sq.
1752 2480 1821 2489 —
1852 2454 1919 2502 26
1957 2450 2164 2502 malim
2246 2451 2345 2503 oot

314 2522 519 2576 Mnem.
542 2526 681 2575 1890
717 2538 773 2592 Ρ.
803 2525 907 2574 356
945 2522 1005 2618 et
1042 2524 1178 2573 1892
1216 2537 1271 2589 Ρ.
1304 2525 1434 2586 123,
1481 2518 1716 2621 ἝγπῗΙΙ,
1763 2520 1969 2573 malum
2013 2519 2100 2572 Μι
2137 2519 2227 2589 (cf.
2267 2520 2344 2573 ad

313 2590 809 2733 {21.²{³3{;2².¹)’.'¹²¹
908 2588 1509 2716 εέῗιῗῑξέεὲῗὲέίἕξέ
1556 2588 2060 2715 trallunt?-
2086 2595 2342 2732 {afflat

314 2736 455 2789 mus’
497 2734 642 2787 Boot
686 2750 747 2786 1n
794 2732 942 2801 adn.,
988 2747 1094 2786 nec
1139 2730 1404 2801 displicet
1438 2731 1713 2800 Tyrrellio
1761 2748 1847 2801 ep.
1886 2735 2007 2799 377,
2051 2732 2194 2785 mihi
2229 2749 2343 2786 non

356 2804 522 2860 lacet.
587 2808 604 2873 ΙΙ
667 2803 738 2858 P.
786 2802 923 2858 292.
973 2808 1005 2856 8
1043 2810 1169 2858 tuas
1220 2805 1353 2873 post
1390 2802 1599 2857 litteras
1643 2801 1909 2855 dubitans
1962 2802 2160 2855 addidi
2217 2820 2344 2857 cum

392 2873 720 2946 esenbergio
759 2876 819 2929 et
850 2873 1077 2941 Booti03
1124 2889 1258 2927 nam
1291 2872 1472 2927 nihilo
1511 2873 1694 2927 minus
1733 2872 2028 2943 probabile
2067 2874 2176 2928 erit
2212 2893 2249 2928 a
2286 2882 2346 2928 te

317 2948 501 3015 accepi
537 2946 767 3013 litteras,
807 2946 866 3000 et
908 2944 1149 3000 fortasse
1183 2947 1383 2998 neutro
1421 2960 1453 2997 o
1495 2961 1561 2998 us
1608 2946 1698 2998 est
1728 2946 1797 2997 ut
1830 2961 1883 3013 p.
1916 2949 2036 2999 326.
2067 2950 2114 2999 9.
2137 2945 2222 2985 ..·..
2259 2945 2342 2999 Ib.

318 3019 465 3072 lectis
502 3018 635 3070 ante
669 3017 938 3085 respiravi
974 3016 1104 3071 add.
1139 3014 1422 3082 Cratand.,
1506 3014 1732 3082 ambin.,
1771 3014 1840 3067 Z'·
1878 3014 2185 3080 (Lehmann
2221 3015 2341 3071 Att.

403 3094 488 3155 72,
527 3092 594 3140 99
615 3103 717 3153 ex„
768 3093 869 3141 122
891 3103 975 3143 ex.
1001 3129 1016 3154 ,
1061 3085 1352 3154 Wesenb.,
1402 3086 1554 3139 intra
1591 3084 1870 3139 cancellos
1908 3085 2077 3153 Boot,
2116 3085 2347 3141 dubitat

314 3107 379 3213 g.
410 3158 474 3214 E.
503 3157 761 3211 Schmidt
802 3157 965 3212 Philo
993 3200 1004 3213 .
1047 3162 1185 3211 1896
1224 3190 1228 3193 «
1275 3202 1286 3212 .
1319 3163 1439 3212 709.
1515 3188 1584 3196 —
1662 3161 1726 3210 16
1782 3155 2073 3211 ἀσπουὸεί
2125 3156 2347 3226 Tyrrell

318 3246 404 3300 ep.
435 3233 556 3282 378.
594 3259 664 3269 -
699 3228 780 3284 Ib.
845 3226 1194 3352 ἇπολοίμηνέ
1230 3175 1397 3295 Bait„
1437 3245 1543 3283 om.
1574 3226 1649 3293 M,
1686 3227 1843 3296 Tyr-r.
1883 3258 1953 3267 —
1992 3233 2061 3281 24
2097 3235 2348 3283 senatum

317 3302 461 3355 enim
495 3316 610 3355 mm
637 3307 776 3369 puto
862 3300 1109 3366 raevius,
1197 3299 1358 3364 aiter,
1394 3298 1562 3366 Boot,
1601 3297 1845 3367 Tyrrell,
1882 3314 1998 3352 non
2033 3300 2178 3353 enim
2207 3307 2350 3369 puto

317 3371 496 3439 codd„
536 3388 663 3424 cum
690 3387 852 3426 cruce
887 3370 1151 3425 Wesenb.
1216 3374 1235 3437 ΙΙ
1297 3369 1368 3423 Ρ.
1406 3368 1544 3423 293.
1579 3375 1606 3422 1
1647 3371 1895 3423 animum
1931 3386 2104 3423 meum
2141 3371 2350 3425 detines

319 3443 460 3498 coni.
480 3441 762 3509 Wesenb.,
793 3441 856 3499 Ο.
885 3442 948 3498 Ε.
980 3440 1234 3495 Schmidt
1259 3439 1534 3495 Fleckeis.
1566 3439 1753 3495 annal.
1788 3444 1924 3493 1896
1943 3456 1998 3510 p.
2021 3446 2141 3506 264,
2173 3459 2348 3494 meum

316 3516 522 3569 detines
551 3514 801 3583 (detenes)
830 3511 1008 3580 codd„
1040 3528 1165 3565 cum
1194 3527 1357 3565 cruce
1384 3509 1555 3579 Wes.,
1583 3510 1743 3579 Boot,
1772 3527 1855 3566 me
1882 3511 2011 3565 inde
2038 3518 2184 3566 tenes
2201 3512 2349 3575 Bos..
