2642 3923
604 220 1119 277 EPISTULARUM
1155 221 1256 276 AD
1292 220 1618 277 ATTIOUM
1652 221 1731 275 IX
1768 223 1978 278 ’ΤΒ-9.
2173 220 2304 285 269

285 364 742 449 inimicissimi3
816 385 1091 449 quorum
1155 364 1444 430 artificiis
1507 365 1803 430 effectum
1867 370 1992 449 est,
2062 370 2149 431 ut
2200 386 2303 429 res

284 452 544 537 publica
587 453 657 517 in
701 453 872 518 hunc
917 457 1159 517 statum
1203 454 1580 537 perveniret.

1206 627 1383 694 VIII.

544 748 658 805 Ser.
697 751 761 804 in
797 749 1103 805 Formiano
1132 750 1280 820 prid.
1324 751 1412 805 Id.
1452 752 1626 806 Mart.
1665 768 1717 806 a.
1759 755 1868 806 705
1906 754 2044 819 (49).

234 884 260 924 ὅ
890 871 1180 927 CICERO
1215 872 1509 929 ATTICO
1544 874 1710 930 SAL.

424 980 815 1047 cenantibus
859 998 913 1045 11
957 978 1109 1045 Idus
1155 981 1346 1046 nobis
1394 1003 1465 1047 ac
1509 985 1706 1047 noctu
1754 982 2012 1065 quidem
2058 979 2305 1046 Statius
2344 994 2373 1042 1

288 1092 327 1134 a
370 1074 438 1135 te
482 1071 825 1154 epistulam
871 1069 1132 1133 brevem
1178 1070 1415 1135 attulit.
1508 1068 1605 1134 De
1651 1069 1721 1135 L.
1760 1071 2088 1155 Torquato
2137 1069 2307 1153 quod

289 1159 561 1243 quaeriS,
605 1180 739 1223 non
781 1158 971 1223 modo
1019 1156 1282 1244 Lucius,
1329 1158 1440 1223 sed
1483 1159 1680 1223 etiam
1724 1158 1933 1223 Aulus
1980 1159 2305 1242 profectus

289 1252 407 1330 est,
451 1247 498 1331 †
526 1246 689 1311 alter
731 1247 993 1311 multos,
1064 1244 1162 1310 De
1198 1246 1621 1311 Reatinorum
1658 1268 1893 1312 corona
1941 1246 2112 1330 quod
2158 1246 2306 1310 scri-

209 1340 263 1402 10'
289 1336 418 1421 bis,
470 1334 740 1400 moleste
785 1336 920 1399 fero
968 1333 1038 1398 in
1082 1355 1237 1419 agro
1286 1335 1525 1400 Sabino
1582 1339 1926 1399 sementem
1981 1335 2121 1398 fieri
2165 1356 2309 1418 pro·

291 1423 677 1507 scriptionis.
745 1422 1084 1488 Senatores
1130 1422 1372 1488 multos
1420 1445 1559 1488 esse
1595 1422 1840 1488 Romae
1884 1444 2004 1487 nos
2053 1444 2308 1508 quoque

290 1511 710 1577 audieramus,
799 1511 1049 1595 Ecquid
1114 1516 1300 1594 potes
1362 1511 1596 1597 dicere,
1655 1533 1767 1576 cur
1826 1512 2140 1575 exierint?
2231 1509 2307 1575 In
2340 1526 2377 1581 ‚2

289 1599 393 1664 his
452 1600 612 1665 locis
674 1599 892 1685 opinio
963 1603 1061 1663 est
1128 1600 1495 1665 coniectura
1557 1600 1764 1685 magis
1826 1622 2021 1684 quam
2078 1600 2307 1664 nuntio

290 1692 404 1753 aut
470 1688 705 1752 litteris
773 1687 1106 1753 Caesarem
1163 1686 1439 1752 Formiis
1499 1709 1552 1752 a.
1609 1688 1666 1752 d.
1722 1705 1796 1752 XI
1855 1688 1996 1751 Kal.
2051 1686 2308 1772 Apriles

211 1801 264 1843 ιε
291 1777 445 1842 fore.
525 1774 649 1841 Hic
694 1798 812 1862 ego
858 1775 1088 1839 vellem
1133 1775 1370 1840 habere
1414 1775 1682 1840 Homeri
1727 1776 1908 1840 illam
1953 1775 2310 1840 Minervam

291 1864 658 1929 simulatam
704 1864 1002 1950 Mentori,
1051 1865 1152 1928 cui
1198 1864 1504 1928 dicerem:

293 1989 609 2075 εΜέντορ,
637 2000 776 2065 πῶς
802 1986 862 2054 τ’
896 1986 1002 2074 ἄρ’
1037 1995 1138 2072 ἴω,
1166 2000 1305 2065 πῶς
1333 1986 1386 2054 τ’
1426 1986 1508 2073 ἂρ
1538 1986 2028 2073 προςπτύξομαι
2056 1973 2311 2073 autor?

291 2129 558 2195 Nullam
600 2152 738 2194 rem
782 2152 1089 2214 umquam
1134 2130 1563 2194 difficiliorem
1601 2129 1901 2213 cogitavi,
1947 2128 2057 2192 sed
2094 2129 2312 2215 cogito

291 2223 509 2283 tamen
553 2240 668 2283 nec
713 2240 821 2283 ero
868 2223 943 2282 ut
996 2218 1066 2281 in
1120 2218 1306 2282 malis
1363 2218 1734 2301 imparatus,
1829 2216 1952 2281 Sed
2007 2238 2185 2301 cura,
2238 2221 2312 2282 ut

213 2333 267 2373 20
293 2307 522 2372 valeas,
614 2307 782 2371 Puto
828 2307 1000 2371 enim
1045 2306 1214 2370 diem
1262 2311 1445 2370 tuum
1489 2304 1631 2370 heri
1674 2306 1891 2369 fuisse.

1249 2480 1359 2546 IX.

566 2603 680 2661 Ser.
719 2605 781 2658 in
822 2603 1123 2658 Formiano
1167 2602 1328 2656 XVI
1356 2603 1430 2657 K.
1469 2603 1607 2672 Apr.
1646 2621 1698 2657 a.
1739 2606 1851 2658 705
1889 2607 2027 2672 (49).

933 2724 1188 2781 CICERO
1227 2724 1489 2781 ATTICO
1530 2724 1678 2781 SAL.

428 2833 582 2899 Tres
643 2834 951 2919 epistulas
1009 2839 1155 2898 tuas
1213 2834 1427 2917 accepi
1486 2834 1798 2918 postridie
1843 2830 2012 2898 Idus.
2104 2832 2309 2898 Erant
2353 2849 2379 2896 1

212 2950 266 2990 25
294 2925 510 2986 autem
554 2940 676 3007 1111,
720 2941 815 3007 111,
859 2922 1063 3007 pridie
1098 2920 1250 2988 Idus
1297 2923 1499 2987 datae.
1571 2921 1785 3010 Igitur
1826 2922 2313 3005 antiquissimae

294 3010 524 3094 cuique
567 3012 848 3095 primum
890 3011 1304 3095 respondebo,
1379 3009 1690 3075 Adsentio
1738 3011 1880 3094 tibi,
1926 3013 2001 3074 ut
2045 3011 2116 3074 in
2160 3008 2313 3074 For-

293 3100 508 3164 miano
553 3100 966 3182 potissimum
1023 3121 1402 3183 commorer,
1462 3100 1658 3163 etiam
1716 3098 1793 3162 de
1853 3119 2086 3182 supero
2132 3099 2311 3184 mari,

294 3187 775 3274 temptaboque,
829 3191 903 3253 ut
948 3193 1136 3252 antea
1181 3187 1261 3251 ad
1305 3192 1372 3251 te
1418 3187 1673 3270 scripsi,
1722 3185 2075 3270 ecquonam
2120 3186 2311 3249 modo

293 3276 537 3360 possim
581 3276 915 3342 voluntate
960 3277 1097 3341 eius
1141 3275 1387 3340 nullam
1432 3275 1524 3339 rei
1577 3274 1870 3359 publicae
1925 3279 2174 3358 partem
2222 3280 2312 3338 at-

213 3391 266 3431 ³0
292 3365 560 3451 tingere.
650 3363 834 3441 Quod
877 3365 1099 3429 laudas
1109 3415 1126 3449 ,
1190 3364 1340 3448 quia
1396 3362 1691 3427 oblivisci
1745 3385 1847 3426 me
1894 3362 2120 3445 scripsi
2167 3367 2314 3426 ante

293 3452 463 3517 facta
510 3457 574 3517 et
621 3452 850 3518 delicta
894 3452 1103 3518 nostri
1149 3453 1357 3534 amici,
1403 3472 1522 3536 ego
1559 3471 1711 3515 vero
1758 3452 1851 3515 ita
1885 3451 2071 3515 facio.
2145 3449 2312 3525 Quin

296 3563 369 3605 ea
411 3542 570 3626 ipsa,
616 3562 778 3626 quae
825 3564 864 3606 a
908 3545 971 3606 te
1008 3545 1606 3626 commemorantur,
1643 3560 1824 3603 secus
1862 3538 1943 3602 ab
1984 3558 2058 3601 eo
2105 3537 2174 3600 in
2211 3559 2313 3600 me
