2642 3923
612 214 1126 270 EPISTULARUM
1166 215 1263 268 AD
1303 215 1629 270 ATTICUM
1666 216 1743 269 IV
1783 222 2005 270 11—14.
2196 216 2318 279 117

295 363 556 424 senatus
604 360 914 424 consulto.
1005 357 1164 423 Inde
1211 359 1473 423 domum
1520 362 1801 444 cenatuS,
1847 363 1919 423 ut
1967 361 2091 423 sim
2134 381 2321 423 mane

297 451 559 531 praesto
613 446 860 512 Miloni.
961 445 1061 512 Ibi
1119 451 1184 511 te
1240 447 1444 531 igitur
1509 447 1741 511 videbo
1796 451 1863 512 et
1916 448 2322 532 permanebo.

296 535 545 600 Domus
588 539 655 600 te
697 539 923 599 nostra
968 539 1110 600 tota
1156 535 1415 599 salutat.

1228 745 1403 810 XIII.

242 879 269 918 5
301 867 413 923 Ser.
460 868 524 921 in
574 868 887 922 Tusculano
933 885 1000 921 m.
1048 867 1190 921 Nov.
1231 874 1358 936 post
1404 867 1601 920 XVII
1637 867 1712 921 K.
1760 867 1895 922 Dec.
1933 884 1986 922 a.
2035 871 2146 922 699
2184 870 2321 935 (55).

940 988 1194 1045 CICERO
1233 988 1496 1044 ATTICO
1538 989 1686 1044 SAL.

433 1096 571 1162 Nos
630 1098 700 1162 in
758 1096 1189 1162 Tusculanum
1252 1098 1504 1161 venisse
1563 1121 1615 1163 a.
1673 1098 1730 1161 d.
1778 1116 1927 1162 xvn
1980 1098 2122 1163 Kal.
2171 1098 2316 1164 Dec.
2360 1116 2385 1161 1

308 1186 484 1250 video
515 1189 579 1250 te
607 1186 782 1250 scire.
838 1184 941 1249 Ibi
968 1184 1319 1269 Dionysius
1357 1185 1545 1249 nobis
1583 1190 1842 1269 praesto
1880 1188 2020 1252 fuit.
2078 1186 2319 1252 Romae

305 1297 356 1338 a.
404 1274 460 1337 d.
508 1291 660 1337 xlm
704 1273 844 1338 Kal.
894 1274 1188 1338 volumus
1242 1296 1395 1338 esse.
1490 1273 1655 1350 Quid
1719 1275 1858 1338 dico
1917 1275 2317 1340 ‘volumus’‘?

223 1390 276 1429 ιο
304 1364 500 1426 immo
565 1384 715 1426 vero
780 1362 1084 1447 cogimur.
1186 1361 1448 1425 Milonis
1513 1363 1791 1445 nuptiae.
1894 1362 2320 1429 Comitiorum

303 1472 436 1514 non
478 1450 658 1514 nulla
704 1450 924 1533 opinio
972 1454 1088 1515 est.
1161 1449 1327 1534 EgO,
1376 1455 1449 1513 ut
1495 1451 1581 1514 sit
1627 1455 1785 1536 rata,
1831 1452 2067 1516 afuisse
2114 1474 2215 1516 me
2250 1452 2322 1517 in

305 1538 830 1603 altercationibus
841 1588 868 1621 ,.
905 1559 1063 1622 quas
1110 1538 1180 1602 in
1226 1541 1452 1602 senatu
1497 1540 1697 1603 factas
1746 1539 1963 1624 audio,
2006 1540 2141 1605 fero
2186 1561 2319 1605 non

303 1626 587 1691 moleste.
691 1624 861 1690 Nam
915 1630 1028 1690 aut
1090 1626 1534 1709 defendissem,
1597 1627 1768 1709 quod
1825 1649 1959 1692 non
2021 1628 2321 1714 placeret,

306 1718 419 1778 aut
454 1714 815 1800 defuissem,
851 1715 952 1778 cui
986 1735 1120 1777 non
1155 1718 1498 1797 oporteret.
1573 1712 1697 1778 Sed
1732 1714 2092 1780 mehercule
2127 1717 2320 1780 velim

225 1830 277 1870 ιε
305 1824 408 1867 res
462 1802 621 1866 istas
678 1807 743 1865 et
796 1806 1193 1886 praesentem
1248 1806 1491 1866 statum
1544 1803 1636 1865 rei
1690 1803 2009 1890 publicae,
2071 1808 2136 1868 et
2191 1826 2318 1887 quo

307 1891 518 1955 animo
575 1890 868 1955 consules
921 1891 1132 1954 ferant
1184 1890 1356 1954 hunc
1416 1893 1739 1975 σκυλμόν,
1799 1891 2039 1955 scribas
2096 1892 2173 1956 ad
2219 1914 2320 1956 me

307 1983 612 2065 quantum
672 1985 842 2063 pote.
931 1978 1135 2043 Valde
1191 2001 1334 2043 sum
1379 1978 1753 2063 ὀξύπεινος,
1810 1985 1903 2066 et,
1947 1981 2003 2044 si
2049 1981 2319 2065 quaeriS,

307 2068 521 2133 omnia
565 2067 726 2132 mihi
772 2071 923 2132 sunt
969 2071 1279 2152 suspecta.
1375 2065 1679 2131 Crassum
1725 2068 1982 2152 quidem
2025 2074 2319 2133 nostrum
2360 2085 2389 2131 2

306 2157 552 2221 minore
625 2156 940 2240 dignitate
1011 2156 1193 2220 aiunt
1262 2155 1622 2239 profectum
1693 2156 2067 2239 paludatum
2131 2179 2321 2240 quam

225 2273 279 2311 20
308 2245 465 2309 olim
510 2244 837 2328 aequalem
883 2243 1019 2308 eius
1060 2242 1128 2307 L.
1166 2243 1457 2329 Paulum,
1502 2244 1657 2307 item
1703 2244 1938 2308 iterum
1983 2246 2321 2310 consulem.

309 2330 363 2397 O
417 2333 743 2397 hominem
795 2333 1094 2416 nequam!
1188 2331 1284 2395 De
1340 2332 1525 2395 libris
1582 2333 1882 2396 oratoriis
1939 2333 2181 2397 factum
2226 2337 2324 2397 est

307 2444 345 2485 a
388 2443 491 2485 me
535 2421 889 2506 diligenter.
962 2419 1093 2484 Diu
1137 2421 1540 2504 multumque
1588 2422 1658 2485 in
1702 2421 2001 2485 manibus
2046 2421 2323 2486 fuerunt.

304 2509 645 2574 Describas
691 2509 857 2573 licet.
947 2506 1118 2572 Illud
1163 2509 1359 2573 etiam
1404 2514 1584 2590 atque
1627 2510 1815 2573 etiam
1859 2513 1926 2574 te
1971 2530 2160 2595 rogo,
2206 2511 2328 2594 τὴν

303 2607 648 2683 παροῦσαν
674 2598 1071 2662 κατάστασιν
1096 2598 1435 2680 τυπωδῶς,
1470 2618 1551 2660 ne
1580 2596 1750 2661 istuc
1779 2596 2017 2683 hospes
2056 2598 2322 2662 veniam.

231 2854 283 2893 25
1235 2825 1410 2890 XIV.

523 2945 636 3001 Sor.
673 2948 736 3001 in
775 2947 1019 3002 Cumano
1055 2964 1122 3000 m.
1158 2946 1303 3000 Mai.
1337 2953 1463 3015 post
1507 2948 1595 3001 VI
1625 2948 1713 3001 Id.
1753 2966 1802 3001 a.
1846 2952 1955 3004 700
1993 2951 2131 3016 (54).

947 3067 1201 3124 CICERO
1239 3068 1500 3124 ATTICO
1542 3069 1690 3125 SAL.

441 3177 781 3243 Vestorius
826 3181 1045 3242 noster
1094 3199 1190 3241 me
1237 3201 1350 3261 per
1393 3179 1645 3242 litteras
1688 3178 1841 3243 fecit
1887 3179 2225 3243 certiorem
2263 3184 2326 3243 te
2369 3198 2394 3243 1
2503 3205 2512 3209 ·

309 3266 517 3331 Roma
554 3290 604 3330 a.
645 3266 700 3330 d.
740 3284 811 3329 vl
846 3264 995 3330 Idus
1033 3265 1236 3330 Maias
1281 3266 1330 3348 †
1357 3271 1583 3349 putare
1625 3267 1985 3351 profectum
2031 3289 2165 3332 esse
2202 3271 2328 3349 tarf

232 3385 283 3424 30
311 3356 454 3421 dius
463 3408 482 3441 ,
536 3377 729 3439 quam
792 3354 1067 3439 dixeras,
1133 3355 1303 3439 quod
1366 3354 1578 3418 minus
1633 3354 1960 3419 valuisses
2067 3353 2137 3419 Si
2201 3356 2330 3420 iam

309 3443 539 3509 melius
576 3442 768 3528 vales,
810 3442 1212 3506 vehementer
1258 3443 1521 3527 gaudeo.
1586 3440 1801 3507 Velim
1838 3444 2102 3507 domum
2149 3443 2228 3506 ad
2264 3448 2328 3506 te

311 3532 571 3612 scribas,
616 3535 691 3595 ut
734 3530 895 3596 mihi
940 3532 1038 3595 tui
1084 3530 1236 3595 fibri
1272 3534 1535 3615 pateant
1562 3552 1693 3595 non
1734 3553 1935 3614 secuS,
1981 3552 2054 3595 ac
2099 3531 2154 3594 si
2191 3530 2328 3612 ipse
