2642 3923
399 192 524 256 144
1030 191 1105 246 M.
1143 190 1358 247 TULLI
1393 188 1768 246 CICERONIS

392 336 478 401 sit
523 335 715 400 modo
761 356 1060 400 annuum.
1152 333 1223 400 Si
1266 340 1675 420 prorogatur,
1720 338 1934 399 actum
1978 342 2093 400 est
2167 332 2414 400 Verum

390 424 690 509 perfacile
734 424 951 489 resisti
996 427 1233 510 potest,
1277 426 1353 488 tu
1398 422 1588 488 modo
1634 422 1876 488 Romae
1923 423 2029 488 sis.

527 511 819 597 Quaeris,
875 512 1030 597 quid
1081 510 1186 577 bic
1243 532 1447 597 agam.
1537 509 1641 576 Ita
1683 512 1924 598 vivam,
1975 516 2051 576 ut
2094 511 2410 576 maximos

393 606 687 685 sumptus
743 600 925 665 facio.
1028 599 1298 664 Mirifice
1360 600 1639 665 delector
1689 598 1812 664 hoc
1867 599 2189 665 instituto.
2281 600 2411 664 Ad-

390 689 706 753 mirabills
753 689 1144 753 abstinentia
1188 711 1265 753 ex
1302 689 1658 773 praeceptis
1704 689 1866 774 tuis,
1918 693 1995 753 ut
2036 710 2283 772 verear,
2328 710 2412 753 ne
2468 712 2494 753 5

390 777 570 863 illud,
627 776 797 862 quod
841 781 1052 842 tecum
1097 777 1476 861 permutavi,
1518 798 1782 841 versura
1826 777 1985 841 1111111
2034 741 2411 842 solvendum

392 867 494 931 sit.
569 867 673 949 Ap
676 866 741 950 pi
787 865 1052 930 vulnera
1095 887 1230 930 non
1264 865 1516 948 refricO‚
1561 865 1671 930 sed
1708 870 2017 950 apparent
2052 886 2169 930 nec
2206 866 2411 931 occuli

391 889 717 1040 possunt.p
780 951 912 1018 Iter
967 952 1279 1019 Laodicea
1343 917 1653 1019 faciebam
1708 976 1761 1018 a.
1808 953 1866 1018 d.
1912 971 1990 1018 111
2043 951 2211 1019 Non
2260 953 2412 1020 Sex-

392 1043 558 1127 tiles,
602 1064 747 1107 cum
790 1040 909 1107 has
955 1042 1207 1107 litteras
1254 1041 1503 1127 dabam,
1549 1042 1618 1106 in
1653 1045 1864 1107 castra
1900 1042 1970 1107 in
2005 1040 2411 1126 Lycaoniam.

391 1129 546 1196 Inde
593 1131 672 1196 ad
717 1129 1000 1195 Taurum
1044 1130 1432 1216 cogitabam,
1476 1134 1551 1195 ut
1596 1151 1741 1195 cum
1776 1130 2157 1216 Moeragene
2205 1131 2411 1218 signis
2441 1154 2493 1193 ιο

391 1220 662 1303 30113113,
708 1220 765 1284 31
810 1240 1085 1304 possem,
1131 1218 1207 1283 de
1254 1239 1439 1284 servo
1488 1223 1602 1284 tuo
1653 1219 2019 1283 deciderem.

394 1341 781 1409 ‘Clitellae
836 1341 1015 1408 bovi
1076 1346 1259 1408 sunt
1311 1342 1754 1428 impositae3
1818 1342 2042 1427 plane
2100 1363 2252 1408 non
2296 1348 2414 1409 est

1085 1433 1436 1496 nostrum
1493 1432 1722 1496 onus.³

396 1572 517 1639 Sed
562 1573 857 1659 feremus,
909 1572 1119 1658 modo,
1156 1573 1212 1637 si
1255 1593 1360 1637 me
1406 1594 1602 1658 amas,
1647 1573 1703 1636 si
1747 1577 1813 1637 te
1849 1595 1886 1637 a
1923 1594 2024 1638 me
2060 1573 2259 1638 amari
2297 1573 2412 1658 vis,

395 1661 564 1727 adsis
612 1665 683 1725 tu
731 1660 808 1725 ad
854 1665 1129 1747 tempus,
1173 1664 1249 1725 ut
1293 1666 1588 1725 senatum
1632 1664 1846 1726 totum
1891 1662 2144 1727 excites.
2236 1661 2412 1726 Miri·
2440 1684 2491 1725 11

394 1749 510 1814 fice
558 1749 872 1814 sollicitus
911 1770 1074 1835 sum,
1118 1749 1290 1834 quod
1326 1749 1456 1813 iam
1492 1749 1602 1814 diu
1637 1749 1800 1813 mihi
1834 1749 2061 1835 ignota
2096 1753 2248 1814 sunt
2283 1751 2413 1815 ista

397 1837 623 1903 omnia.
717 1836 943 1923 Quare,
986 1840 1061 1902 ut
1107 1838 1186 1902 ad
1229 1841 1296 1902 te
1343 1842 1490 1901 ante
1539 1838 1783 1922 scripsi,
1829 1859 1973 1902 cum
2018 1842 2228 1903 cetera
2271 1843 2412 1903 tum

396 1948 496 1991 res
560 1926 816 2012 publica
880 1948 1031 1992 cura
1093 1930 1168 1991 ut
1232 1925 1394 1991 mihi
1458 1929 1614 1992 nota
1678 1926 1781 1991 sit.
1880 1925 2076 1992 Plura
2137 1927 2412 1992 scribam

393 2017 439 2098 †
497 2015 678 2080 tarde
732 2015 855 2080 tibi
911 2015 1163 2080 redditu
1218 2015 1327 2098 iri,
1387 2015 1496 2080 sed
1541 2015 1772 2080 dabam
1816 2015 2120 2081 familiari
2163 2014 2412 2082 homini

396 2125 469 2169 ac
504 2103 874 2189 domestico,
909 2101 978 2170 C.
1007 2103 1375 2168 Andronico
1408 2101 1779 2168 Puteolano.
1852 2103 1952 2168 'ru
1981 2108 2195 2169 autem
2224 2126 2412 2189 saepe
2441 2130 2493 2169 so

396 2193 544 2257 dare
615 2191 971 2257 tabellariis
1034 2191 1523 2276 publicanorum
1588 2190 1831 2276 poteris
1891 2214 2004 2275 per
2066 2193 2413 2277 magistros

397 2281 750 2365 scripturae
795 2283 860 2344 et
904 2283 1131 2364 portus
1178 2284 1543 2345 nostrarum
1591 2280 1989 2346 dioecesium.

1317 2473 1492 2540 XVI.

398 2594 512 2651 Ser.
541 2595 604 2650 in
648 2596 842 2651 itinere
879 2613 916 2651 a
953 2594 1228 2667 Synnada
1258 2596 1335 2650 ad
1370 2596 1752 2651 Philomelium
1786 2597 1932 2652 inter
1967 2614 2017 2650 a
2049 2596 2102 2651 d.
2141 2597 2194 2651 V
2224 2603 2274 2652 et
2310 2598 2418 2653 III

1079 2667 1167 2721 101
1197 2665 1343 2721 Sext.
1373 2683 1423 2722 a.
1458 2669 1565 2721 703
1604 2670 1741 2736 (51)
2444 2680 2491 2721 ιε

1034 2787 1289 2845 CICERO
1330 2787 1591 2845 ATTICO
1630 2789 1778 2845 SAL.

526 2898 676 2963 Etsi
730 2898 800 2963 in
856 2898 999 2983 ipso
1054 2899 1286 2964 itinere
1333 2901 1398 2962 et
1442 2899 1547 2963 via
1594 2898 2001 2965 discedebant
2047 2899 2415 2983 publicano-

396 3010 541 3052 rum
593 2987 944 3071 tabellarii,
1000 2990 1064 3052 et
1119 3008 1370 3051 eramus
1426 2987 1497 3051 in
1542 3008 1759 3071 cursu,
1813 2990 2028 3052 tamen
2074 2989 2414 3073 surripien-

396 3076 549 3140 dum
604 3075 846 3160 aliquid
898 3075 1123 3159 putavi
1179 3075 1401 3160 spatii,
1464 3097 1544 3140 ne
1597 3097 1699 3139 me
1752 3076 2188 3141 immemorem
2243 3099 2414 3141 man-

398 3164 530 3228 dati
595 3164 692 3228 tui
756 3167 1034 3248 putares.
1134 3162 1365 3246 Itaque
1428 3164 1688 3228 subsedi
1745 3164 1813 3228 in
1873 3164 2014 3248 ipsa
2067 3165 2198 3249 via,
2263 3164 2413 3229 dum
2439 3192 2490 3233 ³0

396 3250 567 3335 baec,
613 3272 776 3335 quae
821 3252 1176 3336 longiorem
1217 3251 1581 3317 desiderant
1621 3253 1998 3338 orationem,
2049 3255 2416 3318 summatim

397 3339 519 3403 tibi
571 3339 1046 3422 perscriberem.
1138 3340 1421 3404 Maxima
1466 3341 1943 3424 exspectatione
1987 3340 2058 3405 in
2102 3341 2416 3426 perditam

397 3430 460 3490 et
505 3427 696 3510 plane
733 3447 1018 3491 eversam
1055 3429 1125 3492 in
1160 3433 1541 3511 perpetuum
1580 3430 1978 3512 provinciam
2012 3451 2131 3494 nos
2169 3431 2415 3495 venisse

396 3514 558 3577 scito
604 3513 811 3597 pridie
859 3513 1001 3579 Kal.
1042 3513 1338 3601 Sextiles,
1382 3521 1669 3581 moratos
1715 3516 2005 3582 triduum
2049 3517 2414 3603 Laodiceae,
