2642 3923
313 170 443 234 380
946 170 1020 224 M.
1060 169 1272 223 TULLI
1310 169 1684 225 CICERONIS

311 336 462 377 nam
508 314 671 399 legis
719 313 964 397 studeo,
1012 334 1203 397 quam
1250 318 1324 378 ut
1369 313 1645 376 maxime
1683 312 1995 396 adsequar
2033 311 2330 377 ἀποθέω-

314 419 440 467 σιν.
533 400 713 477 Quod
762 406 1073 486 poteram,
1119 402 1174 465 si
1219 402 1288 465 in
1335 402 1477 484 ipsa
1521 402 1676 465 villa
1719 401 2019 483 facerem3
2082 400 2209 485 sed,
2253 405 2331 464 ut

315 512 502 573 saepe
545 490 746 554 locuti
792 512 1031 575 sumuS,
1096 490 1633 554 commutationes
1679 489 2086 553 dominorum
2132 488 2331 552 refor-

313 578 502 642 mido.
575 577 653 642 In
698 599 853 662 agro
900 578 1284 661 ubicumque
1332 578 1557 662 fecero,
1601 578 1763 641 mihi
1807 578 2027 641 videor
2064 577 2328 660 adsequi

313 687 522 751 posse,
564 670 639 730 ut
684 667 1031 750 posteritas
1076 667 1312 731 habeat
1347 666 1738 751 religionem.
1813 664 1954 730 Hae
1989 686 2166 729 meae
2200 665 2327 729 tibi
2384 692 2417 731 5

312 755 591 838 ineptiae
648 753 882 841 (fateor
938 754 1135 836 enim)
1193 755 1488 820 ferendae
1543 758 1720 838 sunt3
1784 775 1933 818 nam
1985 752 2191 817 habeo
2245 775 2328 817 ne

313 864 416 907 me
462 842 719 927 quidem
761 843 992 927 ipsum,
1038 843 1294 926 quicum
1342 848 1478 907 tam
1523 843 1821 908 audacter
1865 842 2327 905 communicem

314 953 506 1015 quam
551 936 770 996 tecum.
847 930 963 996 Sin
1007 930 1129 995 tibi
1175 952 1296 1015 res,
1344 931 1399 995 si
1444 931 1642 1015 locus,
1691 931 1747 994 si
1783 930 2157 994 institutum
2194 931 2327 1013 pla-

313 1024 431 1105 cet,
474 1020 635 1104 lege,
689 1040 942 1105 quaeso,
988 1020 1195 1103 legem
1241 1019 1529 1103 mihique
1576 1041 1715 1084 eam
1758 1019 1961 1083 mitte.
2058 1018 2127 1083 Si
2174 1018 2327 1102 quid

311 1108 382 1172 in
440 1112 719 1172 mentem
765 1111 1003 1192 veniet,
1061 1128 1188 1191 quo
1236 1108 1428 1172 modo
1476 1130 1616 1173 eam
1663 1107 1941 1192 effugere
1984 1106 2327 1190 possimus,
2357 1133 2414 1172 ιο

312 1199 583 1260 utemur.

445 1283 550 1347 Ad
592 1283 868 1348 Brutum
924 1284 980 1348 si
1027 1283 1182 1367 quid
1227 1283 1493 1369 scribeS,
1550 1284 1681 1349 nisi
1727 1284 2004 1348 alienum
2048 1283 2329 1369 putabis,

316 1371 656 1457 obiurgato
706 1393 868 1458 eum,
914 1372 1087 1455 quod
1131 1372 1199 1435 in
1249 1336 1535 1437 Cumano
1574 1393 1712 1437 esse
1748 1372 2029 1436 noluerit
2065 1376 2329 1456 propter

316 1480 455 1523 eam
514 1481 798 1545 causam,
861 1481 1053 1543 quam
1107 1460 1230 1524 tibi
1284 1460 1463 1525 dixit.
1557 1458 1887 1545 Cogitanti
1943 1460 2114 1524 enim
2168 1460 2327 1524 mihi

313 1547 480 1611 nihil
524 1552 660 1612 tam
704 1549 954 1613 videtur
999 1549 1289 1631 potuisse
1335 1549 1541 1613 facere
1584 1550 1838 1613 rustice.
1929 1548 2048 1633 Et,
2104 1548 2159 1613 si
2205 1549 2328 1612 tibi
2358 1575 2415 1615 ιε»

313 1635 592 1718 placebit
637 1637 728 1701 sic
773 1657 961 1721 agere
1004 1637 1083 1701 de
1127 1636 1294 1720 sanc,
1351 1642 1425 1701 ut
1472 1638 1814 1721 coepimus,
1867 1637 2058 1702 velim
2107 1636 2329 1700 cohor-

315 1729 451 1789 tere
515 1729 580 1788 et
645 1747 912 1789 exacuas
978 1722 1321 1789 Cluatium.
1414 1723 1610 1809 Nam,
1675 1726 1927 1789 etiamsi
1992 1725 2120 1789 alio
2186 1724 2328 1789 loco

314 1812 610 1899 placebit,
655 1813 832 1876 illius
878 1813 1068 1877 nobis
1117 1835 1308 1897 opera
1355 1813 1749 1896 consilioque
1795 1813 2106 1877 utendum
2150 1818 2327 1897 puto.

316 1900 412 1964 Tu
458 1901 538 1965 ad
583 1900 805 1966 villam
849 1902 1124 1967 fortasse
1171 1923 1325 1966 cras.

1157 2076 1487 2143 XXXVII.
2360 2106 2417 2145 κο

825 2197 938 2254 Sor.
968 2198 1068 2252 IV
1096 2199 1245 2252 Non.
1277 2198 1423 2252 Mai.
1453 2216 1504 2253 a.
1537 2203 1647 2254 709
1684 2201 1821 2267 (45).

907 2320 1196 2376 CICERO
1232 2321 1524 2377 ATTICO
1561 2322 1721 2377 SAL.

446 2430 509 2495 A
570 2435 636 2495 te
695 2429 838 2494 heri
902 2429 1060 2493 duas
1120 2430 1432 2512 epistulas
1498 2431 1740 2514 accepi,
1805 2429 2072 2494 alteram
2127 2431 2330 2514 pridie

313 2519 528 2583 datam
573 2517 818 2600 HilarO,
866 2518 1132 2582 alteram
1178 2518 1401 2582 eodem
1447 2517 1548 2581 die
1590 2518 1946 2603 tabellario,
1992 2519 2330 2603 accepique

314 2608 395 2672 ab
441 2608 742 2691 Aegypta
777 2607 1011 2670 liberto
1050 2606 1271 2670 eodem
1308 2606 1411 2670 die
1446 2605 1677 2670 Piliam
1716 2611 1781 2670 et
1815 2606 2102 2670 Atticam
2140 2608 2329 2690 plane
2355 2634 2410 2673 ετ»

313 2695 479 2759 belle
543 2716 613 2759 se
663 2694 914 2758 habere.
1009 2693 1194 2770 Quod
1251 2694 1414 2758 mihi
1466 2694 1655 2758 Bruti
1709 2694 1988 2780 litteras,
2053 2700 2326 2780 gratum.

313 2782 416 2846 Ad
461 2804 564 2846 me
610 2805 863 2867 quoque
908 2782 1112 2866 misit3
1159 2804 1321 2867 quae
1367 2783 1622 2848 litterae
1658 2781 1819 2846 mihi
1853 2783 2141 2848 redditae
2177 2788 2328 2847 sunt

314 2871 510 2936 tertio
566 2870 811 2935 decimo
868 2870 984 2934 die.
1076 2870 1241 2934 Eam
1300 2871 1509 2953 ipsam
1555 2870 1632 2934 ad
1678 2874 1744 2934 te
1789 2871 2134 2954 epistulam
2179 2872 2325 2936 misi

315 2963 380 3023 et
426 2959 507 3023 ad
551 2981 693 3024 eam
738 2960 1097 3043 exemplum
1144 2980 1431 3022 mearum
1476 2959 1856 3022 litterarum.

437 3045 535 3110 De
579 3047 759 3131 fano,
815 3048 872 3111 si
914 3046 1080 3110 nihil
1123 3047 1285 3110 mihi
1331 3047 1670 3111 hortorum
1716 3048 1964 3111 invenis
1975 3101 1991 3131 ,
2037 3049 2147 3130 qui
2193 3049 2329 3131 qui·
2355 3075 2411 3115 so

313 3135 456 3198 dem
521 3135 645 3199 tibi
708 3135 1069 3200 inveniendi
1135 3139 1314 3220 sunt,
1369 3135 1424 3199 si
1479 3157 1581 3198 me
1641 3137 1808 3199 tanti
1864 3135 2049 3221 faciS,
2103 3137 2329 3220 quanti
2417 3203 2425 3207 ,

314 3228 482 3287 certe
527 3224 702 3308 facis,
760 3223 942 3286 valde
986 3224 1191 3306 probo
1239 3224 1557 3287 rationem
1602 3228 1782 3287 tuam
1829 3225 1906 3288 de
1951 3190 2326 3289 TrisculanO.

314 3309 618 3411 Quamvis
664 3310 941 3393 prudens
989 3311 1067 3374 ad
1115 3312 1528 3396 cogitandum
1575 3312 1692 3396 siS,
1748 3313 1914 3376 sicut
1958 3334 2052 3399 es,
2097 3316 2330 3399 tamen,

310 3398 439 3461 nisi
499 3417 767 3480 magnae
822 3419 1008 3462 curae
1063 3399 1187 3462 tibi
1243 3405 1439 3484 esset,
1496 3405 1570 3465 ut
1616 3423 1734 3486 ego
1781 3422 2199 3484 consequerer
2244 3400 2329 3486 id,

314 3483 485 3566 quod
532 3505 765 3567 magno
814 3507 1003 3568 opere
1047 3487 1304 3572 vellem,
1358 3511 1712 3572 numquam
1756 3510 1830 3553 ea
1874 3510 1976 3552 res
2024 3489 2145 3553 tibi
2192 3494 2328 3552 tam
2355 3516 2410 3556 ⁸⁵
