2642 3923
657 195 1166 250 EPISTULARUM
1202 195 1301 250 AD
1339 193 1665 250 ATTICUM
1701 195 1752 248 11
1789 202 1840 263 4,
1878 201 1926 248 5.
2212 194 2298 257 47

275 349 521 425 tamen,
593 344 668 404 ut
730 339 896 403 nihil
958 338 1172 403 minus
1236 338 1430 403 velim
1496 360 1688 423 quam
1751 337 2174 422 Pomponiam
2236 340 2303 402 et

275 450 547 512 puerum
593 427 837 492 versari
885 427 953 491 in
1000 426 1231 491 timore
1277 427 1518 492 ruinae.

1254 600 1333 667 V.

801 723 917 780 Ser.
946 724 1089 779 Anti
1123 741 1191 778 m.
1222 724 1362 792 Apr.
1401 741 1453 778 a.
1493 727 1604 779 095
1642 727 1782 792 (59).

222 862 247 900 5
920 845 1174 903 CICERO
1214 844 1476 900 ATTICO
1516 845 1664 901 SAL.

411 955 619 1042 Cupio
667 956 957 1041 equidem
1015 959 1080 1021 et
1128 956 1254 1020 iam
1299 955 1545 1039 pridem
1601 956 1789 1039 cupio
1836 954 2303 1019 Alexandream
2342 976 2364 1022 1

274 1046 715 1131 reliquamque
750 1045 1120 1131 Aegyptum
1168 1044 1373 1108 visere
1429 1047 1495 1108 et
1550 1043 1744 1108 simul
1799 1043 1880 1108 ab
1925 1042 2047 1108 hac
2098 1042 2303 1108 homi-

273 1156 431 1199 num
480 1135 779 1199 satietate
823 1133 1033 1207 nostri
1081 1130 1401 1197 discedere
1437 1136 1503 1197 et
1544 1154 1688 1197 cum
1736 1132 1952 1215 aliquo
1989 1131 2301 1197 desiderio

274 1223 536 1307 reverti3
583 1223 694 1287 sed
736 1221 861 1288 hoc
905 1226 1196 1304 tempore
1240 1225 1307 1285 et
1352 1220 1454 1285 his
1501 1220 1911 1285 mittentibus

195 1375 248 1412 10
429 1344 754 1431 αἰδέομαι
809 1349 1035 1429 Τρῶας
1080 1344 1189 1410 καὶ
1245 1346 1560 1433 Τρῳάδας
1607 1341 2154 1421 ἑλκεσιπέπλους.’

277 1486 443 1563 Quid
475 1488 643 1552 enim
670 1488 882 1552 nostri
914 1487 1280 1573 optimateS,
1317 1486 1374 1551 si
1412 1487 1525 1570 qui
1562 1485 1797 1569 reliqui
1836 1490 2007 1568 sunt,
2043 1484 2305 1569 loquen-

277 1577 431 1640 tur?
469 1597 552 1640 an
577 1599 681 1640 me
710 1576 928 1659 aliquo
966 1576 1250 1659 praemio
1280 1574 1358 1639 de
1395 1575 1716 1639 sententia
1743 1596 1883 1640 esse
1920 1573 2304 1638 deductum?

429 1698 905 1782 ’Πουλυδάμας
949 1722 1064 1783 μοι
1107 1710 1369 1784 πρῶτος
1416 1698 1751 1782 ἐλεγχείην
1795 1697 2161 1781 &vadissaus

281 1838 445 1906 Cato
491 1839 600 1904 ille
645 1844 897 1923 noster,
955 1840 1065 1923 qui
1112 1840 1272 1903 mihi
1318 1862 1484 1904 unus
1532 1845 1631 1904 est
1676 1860 1794 1923 pro
1842 1842 2098 1903 centum
2144 1838 2306 1902 mili·

203 1958 252 1997 15
280 1929 421 1995 bus,
527 1927 692 2005 Quid
758 1949 910 1994 vero
989 1928 1297 1993 historiae
1362 1926 1439 1993 de
1506 1927 1695 1994 nobis
1758 1927 1837 1993 ad
1911 1948 2112 1993 annos
2181 1924 2305 1993 DO

282 2018 751 2102 praedicarint?
834 2016 1004 2093 Quas
1061 2017 1317 2118 quidem
1365 2037 1486 2102 ego
1550 2017 1757 2083 multo
1823 2017 2030 2102 magis
2084 2038 2307 2080 vereor

283 2128 478 2190 quam
523 2128 746 2171 eorum
792 2105 1145 2207 hominum,
1191 2106 1302 2189 qui
1349 2104 1541 2170 hodie
1586 2106 1841 2189 vivunt,
1886 2105 2305 2168 rumusculos,

284 2193 429 2279 Sed,
474 2197 722 2278 opinor,
771 2194 1161 2277 excipiamus
1208 2198 1273 2258 et
1320 2198 1775 2277 exspectemus.
1868 2190 1938 2257 Si
1991 2192 2160 2256 enim
2209 2193 2328 2256 de-

283 2284 542 2367 feretur,
587 2284 710 2347 erit
756 2281 1060 2366 quaedam
1106 2286 1330 2346 nostra
1368 2285 1676 2365 potesta8‚
1721 2286 1787 2346 et
1822 2285 1961 2345 tum
2003 2280 2308 2346 delibera-

203 2402 253 2438 ευ
282 2371 514 2436 bimus,
571 2370 790 2435 Etiam
828 2371 1084 2435 hercule
1132 2374 1229 2434 est
1276 2371 1344 2434 in
1389 2392 1520 2435 non
1557 2370 1923 2454 accipiendo
1962 2390 2092 2433 non
2129 2369 2310 2434 nulla

284 2459 508 2546 gloria.
603 2458 831 2543 Quare,
878 2458 933 2523 si
981 2456 1137 2542 quid
1178 2461 1524 2542 Θεοφάνης
1560 2463 1772 2524 tecum
1818 2460 1987 2522 forte
2028 2459 2309 2523 contule·

284 2549 391 2632 rit,
434 2569 516 2613 ne
564 2549 825 2612 omnino
874 2547 1250 2630 repudiaris.

416 2635 515 2702 De
558 2636 705 2701 istis
752 2635 943 2700 rebus
989 2641 1287 2718 exspecto
1335 2638 1481 2700 tuas
1538 2634 1820 2719 litteras,
1881 2634 2034 2719 quid
2078 2634 2309 2700 Arrius
2348 2654 2379 2701 2

282 2728 519 2809 narret,
563 2745 691 2809 quo
738 2724 951 2788 animo
1000 2745 1067 2788 se
1112 2722 1496 2787 destitutum
1533 2722 1716 2806 ferat,
1764 2727 1831 2786 et
1869 2724 1981 2806 qui
2018 2723 2309 2788 consules

206 2840 258 2879 25
286 2817 611 2897 parentur,
650 2816 890 2896 utrum,
927 2815 1000 2876 ut
1028 2810 1251 2895 populi
1289 2833 1517 2893 sermo,
1555 2810 1896 2895 Pompeius
1937 2816 2001 2876 et
2041 2809 2309 2876 Crassus

288 2924 387 2984 an,
432 2905 507 2965 ut
551 2901 712 2965 mihi
759 2900 1088 2983 scribitur,
1144 2921 1287 2963 cum
1336 2898 1613 2964 Gabinio
1662 2897 1921 2964 Servius
1971 2898 2312 2984 Sulpicius,

287 2995 352 3054 et
396 3012 553 3054 num
598 3011 763 3091 quae
806 3010 1009 3053 novae
1055 2988 1230 3072 leges
1288 2992 1354 3052 et
1406 3010 1562 3052 num
1617 2988 1773 3071 quid
1829 2988 1980 3053 novi
2030 2989 2312 3072 omnino,

288 3082 372 3164 et,
416 3078 720 3161 quoniam
758 3075 979 3160 Nepos
1023 3076 1472 3160 proficiscitur,
1518 3076 1772 3140 cuinam
1819 3081 2173 3161 auguratus
2211 3077 2313 3141 de-

288 3166 559 3250 feratur3
619 3187 746 3250 quo
807 3166 1067 3250 quidem
1126 3187 1255 3228 uno
1318 3184 1438 3249 ego
1502 3164 1582 3227 ab
1644 3164 1785 3227 istis
1840 3165 1981 3248 capi
2026 3185 2309 3248 possum.

208 3282 260 3320 ου
287 3253 451 3318 Vide
496 3253 829 3319 levitatem
877 3276 1099 3318 meam.
1176 3250 1301 3317 Sed
1340 3252 1495 3336 quid
1541 3273 1661 3337 ego
1708 3253 1879 3338 haec,
1926 3275 2088 3337 quae
2125 3254 2311 3337 cupio

290 3343 604 3427 deponere
651 3348 716 3407 et
760 3346 902 3407 toto
950 3342 1164 3406 animo
1212 3345 1407 3424 atque
1456 3340 1629 3404 omni
1677 3363 1828 3405 cura
1874 3342 2313 3424 φιλοσοφεῖνῖ

293 3428 435 3514 Sic,
459 3432 743 3516 inquam,
779 3431 849 3495 in
885 3431 1098 3495 animo
1137 3434 1262 3511 est3
1307 3429 1537 3493 vellem
1576 3428 1656 3493 ab
1695 3429 1903 3512 initi0,
1939 3451 2109 3494 nunc
2144 3452 2315 3513 vem,

293 3519 622 3603 quoniam,
683 3541 845 3602 quae
906 3518 1127 3603 putavi
1187 3540 1327 3583 esse
1387 3517 1737 3602 praeclara,
1809 3522 2108 3600 expertus
2169 3539 2308 3580 sum
