2642 3923
632 217 1143 276 EPISTULARUM
1180 220 1279 274 AD
1316 219 1643 276 ATTICUM
1679 220 1757 275 IX
1792 226 1947 275 2-3.
2172 219 2299 283 257

286 359 421 446 Sin,
465 383 609 426 cum
645 366 934 450 potuero,
977 385 1111 429 non
1146 385 1399 448 venem,
1442 368 1583 428 tum
1620 365 1744 428 erit
1779 364 2096 449 inimicus,
2134 363 2304 447 quod

285 470 404 534 ego
450 471 583 514 non
626 472 700 514 eo
747 473 986 538 vereor,
1030 474 1112 516 ne
1157 452 1317 516 mihi
1363 457 1590 516 noceat
1638 451 1822 539 (quid
1864 452 2035 516 enim
2070 452 2303 516 faciet?

400 573 545 649 (Τίς
590 571 650 638 δ’
706 572 843 639 ἐστὶ
889 575 1133 651 δοῦλος
1176 583 1298 639 τοῦ
1344 581 1586 640 θανεῖν
1632 576 1954 660 ἄφροντις
1999 573 2193 662 ὥν;’),

287 713 396 778 sed
443 715 596 798 quia
638 715 880 799 ingrati
925 715 1121 780 animi
1168 716 1410 779 crimen
1453 714 1705 780 horreo,
1789 713 2056 780 Confido
2102 715 2303 800 igitur

232 826 260 868 ο
288 801 630 867 adventum
674 808 969 868 nostrum
1005 804 1122 887 illi,
1161 824 1421 887 quoquo
1459 808 1749 888 tempore
1785 804 1997 889 fuerit,
2043 809 2117 867 ut
2155 804 2303 868 scri-

288 890 411 976 bis,
456 890 850 974 ἀσμενιστὸν
894 891 1046 955 fore.
1137 890 1324 974 Nam,
1371 891 1540 975 quod
1587 893 1700 978 aie,
1747 892 1803 956 si
1846 892 1951 956 hic
1997 897 2303 976 tempera-

286 978 419 1042 tius
479 977 706 1065 egerit,
769 979 1230 1045 consideratius
1287 980 1627 1044 consilium
1691 984 1755 1045 te
1800 980 2126 1063 daturum,
2192 981 2303 1064 qui

285 1066 391 1131 hic
434 1071 649 1150 potest
695 1088 763 1131 se
817 1088 1036 1152 gerere
1087 1089 1220 1132 non
1264 1068 1553 1151 perdite?
1626 1067 1808 1155 Vita,
1860 1090 2099 1151 mores,
2154 1073 2303 1132 ante

285 1156 480 1238 facta,
534 1155 701 1219 ratio
749 1156 1027 1240 suscepti
1072 1157 1345 1241 negotii,
1393 1156 1569 1242 socii,
1614 1157 1781 1221 vires
1828 1156 2145 1221 bonorum
2191 1161 2302 1220 aut

206 1269 258 1308 ιο
286 1245 482 1307 etiam
525 1245 886 1308 constantia
930 1249 1104 1327 eoyet.

417 1331 699 1396 Vixdum
746 1332 1088 1416 epistulam
1133 1336 1313 1396 tuam
1358 1332 1658 1417 legeram,
1703 1355 1848 1397 cum
1893 1333 1974 1396 ad
2017 1354 2120 1397 me
2165 1354 2300 1397 cur-
2337 1348 2370 1396 3

283 1440 431 1484 rens
485 1419 565 1483 ad
608 1419 795 1484 illum
837 1419 1185 1485 Postumus
1231 1418 1497 1484 Curtius
1542 1420 1717 1485 venit
1761 1420 1928 1485 nihil
1972 1422 2099 1485 nisi
2147 1421 2302 1485 clas-

283 1528 384 1572 ses
429 1507 700 1591 loquens
748 1512 812 1572 et
848 1511 1182 1573 exercitus.
1255 1508 1594 1592 Eripiebat
1630 1507 1996 1592 Hispaniae,
2042 1509 2301 1574 tenebat

283 1595 537 1677 Asiam,
612 1596 924 1683 Siciliam,
995 1596 1308 1678 Africam,
1382 1595 1769 1680 Sardiniam,
1832 1597 2172 1662 confestim
2232 1597 2303 1660 in

205 1709 257 1750 15
288 1682 618 1748 Graeciam
661 1684 1178 1768 persequebatur.
1253 1684 1558 1748 Eundum
1604 1684 1804 1769 igitur
1849 1689 1964 1771 est,
2006 1707 2124 1750 nec
2166 1689 2302 1749 tam

286 1777 362 1836 ut
416 1771 572 1836 belli
628 1795 820 1856 quam
874 1778 949 1837 ut
992 1773 1182 1858 fugae
1231 1773 1387 1837 socii
1433 1772 1649 1837 simus.
1741 1771 1876 1837 Nec
1920 1773 2088 1837 enim
2133 1774 2300 1838 ferre

284 1865 512 1944 potero
567 1882 890 1926 sermones
946 1861 1246 1944 istorum,
1302 1860 1686 1945 quicumque
1733 1866 1910 1946 sunt3
1972 1883 2104 1926 non
2149 1866 2299 1925 sunt

285 1949 456 2014 enim
500 1952 687 2033 certe,
733 1954 806 2014 ut
852 1949 1273 2036 appellantur,
1319 1949 1491 2014 boni.
1568 1946 1690 2014 Sed
1735 1954 1950 2014 tamen
1985 1949 2051 2014 id
2087 1949 2300 2034 ipsum

287 2038 446 2102 scire
492 2038 707 2124 cupio,
767 2038 921 2123 quid
965 2038 1333 2122 loquantur,
1375 2037 1566 2122 idque
1611 2043 1685 2101 ut
1731 2039 2028 2122 exquiras
2073 2060 2301 2122 meque

204 2152 259 2191 20
285 2126 619 2190 certiorem
654 2126 868 2211 facias,
913 2130 979 2190 te
1018 2125 1425 2191 vehementer
1461 2147 1638 2211 rog0.
1709 2124 1849 2191 Nos
1887 2126 2111 2211 adhuc,
2148 2126 2301 2210 quid

282 2212 588 2278 Brundisi
642 2219 855 2280 actum
909 2219 1104 2301 esset,
1155 2210 1344 2298 plane
1396 2214 1849 2279 nesciebamus.
1941 2212 2106 2278 Cum
2152 2215 2301 2279 scie·

283 2324 459 2387 mus,
522 2307 663 2366 tum
717 2324 793 2366 ex
848 2323 919 2367 re
972 2306 1037 2368 et
1091 2324 1167 2366 ex
1222 2311 1510 2387 tempore
1565 2302 1906 2367 consilium
1959 2303 2302 2388 capiemus,

286 2389 395 2455 sed
440 2395 699 2455 utemur
742 2395 873 2456 tuo,

1241 2564 1356 2631 ΠΙ.

199 2697 258 2739 2⁵
661 2686 773 2741 Ser.
806 2686 1048 2742 meiis
1094 2688 1218 2742 VII
1244 2688 1334 2742 Id.
1365 2688 1536 2743 Mart.
1566 2704 1617 2742 a.
1649 2691 1760 2743 705
1795 2692 1932 2757 (49).

888 2809 1176 2866 CICERO
1209 2810 1501 2865 ATTICO
1536 2811 1701 2866 SAL.

418 2916 666 2982 Domiti
728 2919 900 2983 filius
964 2919 1223 2984 transiit
1285 2917 1576 2983 Formias
1640 2937 1765 2983 vm
1826 2916 1978 2984 Idus
2043 2940 2300 2984 currens
2341 2934 2370 2982 1

285 3006 366 3071 ad
423 3011 694 3071 matrem
745 3005 1087 3092 Neapolim
1146 3006 1433 3091 mihique
1490 3007 1775 3072 nuntiari
1818 3008 2009 3072 iussit
2055 3011 2304 3092 patrem

285 3094 367 3159 ad
420 3094 646 3158 urbem
699 3116 864 3181 esse,
926 3117 1070 3161 cum
1126 3096 1202 3159 de
1256 3117 1333 3160 eo
1388 3096 1636 3161 curiose
1682 3096 2036 3180 quaesisset
2082 3117 2302 3161 servus

201 3209 260 3249 ³0
285 3187 508 3247 noster
562 3181 929 3267 Dionysius.
1029 3182 1168 3248 Nos
1232 3188 1448 3247 autem
1502 3184 1903 3249 audieramus
1959 3206 2104 3248 eum
2158 3206 2302 3268 pro-

285 3273 525 3336 fectum
596 3270 730 3336 sive
801 3272 881 3336 ad
940 3271 1317 3356 Pompeium
1391 3273 1524 3336 sive
1597 3272 1667 3336 in
1729 3271 2127 3356 Hispaniam.
2227 3269 2301 3337 Id

286 3360 466 3424 cuius
520 3360 694 3424 modi
750 3359 862 3444 sit,
916 3359 1076 3425 scire
1131 3381 1282 3425 sane
1336 3359 1544 3424 velim.
1635 3357 1806 3425 Nam
1860 3360 1938 3425 ad
1983 3360 2075 3442 id,
2131 3360 2302 3443 quod

285 3448 595 3534 delibero,
649 3448 956 3532 pertinet,
1012 3449 1068 3513 si
1112 3448 1223 3513 ille
1268 3453 1438 3512 certe
1483 3471 1802 3533 nusquam
1845 3447 2156 3532 discessit,
2209 3448 2302 3510 in·

285 3536 586 3622 tellegere
633 3535 923 3601 Gnaeum
967 3558 1100 3602 non
1144 3558 1282 3601 esse
1327 3536 1546 3601 faciles
1590 3535 1780 3601 nobis
1828 3557 1906 3600 ex
1949 3534 2138 3600 Italia
2174 3534 2302 3598 exi-

391 3649 484 3692 010.
512 3650 643 3700 epist.
670 3651 731 3692 11.
1913 3642 1976 3690 17
