<?xml version="1.0" encoding="UTF-8"?>
<!DOCTYPE html PUBLIC "-//W3C//DTD XHTML 1.0 Transitional//EN"
    "http://www.w3.org/TR/xhtml1/DTD/xhtml1-transitional.dtd">
<html xmlns="http://www.w3.org/1999/xhtml" xml:lang="en" lang="en">
 <head>
  <title>
</title>
<meta http-equiv="Content-Type" content="text/html;charset=utf-8" />
  <meta name='ocr-system' content='tesseract 3.04.00' />
  <meta name='ocr-capabilities' content='ocr_page ocr_carea ocr_par ocr_line ocrx_word'/>
</head>
<body>
  <div class='ocr_page' id='page_1' title='image "./scriptaquaemans00friegoog_0128.png"; bbox 0 0 2642 3923; ppageno 0'>
   <div class='ocr_carea' id='block_1_1' title="bbox 372 171 1841 231">
    <p class='ocr_par' dir='ltr' id='par_1_1' title="bbox 372 171 1841 231">
     <span class='ocr_line' id='line_1_1' title="bbox 372 171 1841 231; baseline 0.003 -5"><span class='ocrx_word' id='word_1_1' title='bbox 372 171 593 226; x_wconf 87' lang='lat' dir='ltr'>CXXIV</span> <span class='ocrx_word' id='word_1_2' title='bbox 1097 174 1520 231; x_wconf 86' lang='lat' dir='ltr'>ADNOTATIO</span> <span class='ocrx_word' id='word_1_3' title='bbox 1560 174 1841 230; x_wconf 85' lang='lat' dir='ltr'>CRITICA</span> 
     </span>
    </p>
   </div>
   <div class='ocr_carea' id='block_1_2' title="bbox 371 314 2400 1165">
    <p class='ocr_par' dir='ltr' id='par_1_2' title="bbox 371 314 2400 1165">
     <span class='ocr_line' id='line_1_2' title="bbox 373 314 2394 386; baseline 0.002 -19"><span class='ocrx_word' id='word_1_4' title='bbox 373 314 532 368; x_wconf 89' lang='lat' dir='ltr'><strong><em>codd.</em></strong></span> <span class='ocrx_word' id='word_1_5' title='bbox 562 314 713 381; x_wconf 86' lang='lat' dir='ltr'><strong><em>Bosi,</em></strong></span> <span class='ocrx_word' id='word_1_6' title='bbox 749 314 986 385; x_wconf 84' lang='lat' dir='ltr'><strong><em>L(mgo),</em></strong></span> <span class='ocrx_word' id='word_1_7' title='bbox 1023 314 1305 383; x_wconf 89' lang='lat' dir='ltr'><strong><em>Wesenb.,</em></strong></span> <span class='ocrx_word' id='word_1_8' title='bbox 1344 315 1502 370; x_wconf 89' lang='lat' dir='ltr'><strong><em>Boot.</em></strong></span> <span class='ocrx_word' id='word_1_9' title='bbox 1549 347 1620 359; x_wconf 91' lang='lat'>—</span> <span class='ocrx_word' id='word_1_10' title='bbox 1656 316 1734 370; x_wconf 86' lang='lat' dir='ltr'><strong><em>Ib.</em></strong></span> <span class='ocrx_word' id='word_1_11' title='bbox 1763 334 1879 372; x_wconf 87' lang='lat' dir='ltr'><strong><em>mea</em></strong></span> <span class='ocrx_word' id='word_1_12' title='bbox 1912 334 2050 386; x_wconf 73' lang='lat' dir='ltr'><strong><em>pene</em></strong></span> <span class='ocrx_word' id='word_1_13' title='bbox 2085 319 2299 374; x_wconf 77' lang='lat' dir='ltr'><strong><em>absente</em></strong></span> <span class='ocrx_word' id='word_1_14' title='bbox 2334 318 2394 371; x_wconf 79' lang='lat' dir='ltr'><strong>M</strong></span> 
     </span>
     <span class='ocr_line' id='line_1_3' title="bbox 372 386 2395 459; baseline 0.002 -20"><span class='ocrx_word' id='word_1_15' title='bbox 372 388 691 455; x_wconf 88' lang='lat' dir='ltr'><strong><em>(propterea</em></strong></span> <span class='ocrx_word' id='word_1_16' title='bbox 715 386 914 456; x_wconf 79' lang='lat' dir='ltr'>scripsi</span> <span class='ocrx_word' id='word_1_17' title='bbox 933 404 969 439; x_wconf 92' lang='lat' dir='ltr'><strong><em>a</em></strong></span> <span class='ocrx_word' id='word_1_18' title='bbox 973 394 1192 455; x_wconf 77' lang='lat' dir='ltr'><strong><em>psente3</em></strong></span> <span class='ocrx_word' id='word_1_19' title='bbox 1222 403 1356 440; x_wconf 90' lang='lat' dir='ltr'><strong><em>nam</em></strong></span> <span class='ocrx_word' id='word_1_20' title='bbox 1375 404 1412 440; x_wconf 89' lang='lat' dir='ltr'><strong><em>a</em></strong></span> <span class='ocrx_word' id='word_1_21' title='bbox 1424 404 1562 455; x_wconf 79' lang='lat' dir='ltr'><strong><em>pene</em></strong></span> <span class='ocrx_word' id='word_1_22' title='bbox 1590 391 1677 441; x_wconf 90' lang='lat' dir='ltr'><strong><em>est</em></strong></span> <span class='ocrx_word' id='word_1_23' title='bbox 1704 390 1958 458; x_wconf 79' lang='lat' dir='ltr'><strong><em>apsente),</em></strong></span> <span class='ocrx_word' id='word_1_24' title='bbox 1977 389 2180 459; x_wconf 69' lang='lat' dir='ltr'><strong><em>[paene</em></strong></span> <span class='ocrx_word' id='word_1_25' title='bbox 2231 388 2395 457; x_wconf 93' lang='lat' dir='ltr'><strong><em>Boot,</em></strong></span> 
     </span>
     <span class='ocr_line' id='line_1_4' title="bbox 373 457 2397 529; baseline 0.002 -19"><span class='ocrx_word' id='word_1_26' title='bbox 373 473 453 510; x_wconf 81' lang='lat' dir='ltr'><strong><em>me</em></strong></span> <span class='ocrx_word' id='word_1_27' title='bbox 482 458 704 512; x_wconf 78' lang='lat' dir='ltr'><strong><em>absente.</em></strong></span> <span class='ocrx_word' id='word_1_28' title='bbox 727 457 898 526; x_wconf 76' lang='lat' dir='ltr'><strong><em>plane</em></strong></span> <span class='ocrx_word' id='word_1_29' title='bbox 932 457 1118 511; x_wconf 86' lang='lat' dir='ltr'><strong><em>Moser</em></strong></span> <span class='ocrx_word' id='word_1_30' title='bbox 1152 474 1339 527; x_wconf 84' lang='lat' dir='ltr'>progr.</span> <span class='ocrx_word' id='word_1_31' title='bbox 1368 457 1500 511; x_wconf 86' lang='lat' dir='ltr'><strong><em>Ulm</em></strong></span> <span class='ocrx_word' id='word_1_32' title='bbox 1537 464 1673 513; x_wconf 87' lang='grc'>1851</span> <span class='ocrx_word' id='word_1_33' title='bbox 1711 477 1764 529; x_wconf 93' lang='lat' dir='ltr'><strong>p.</strong></span> <span class='ocrx_word' id='word_1_34' title='bbox 1797 464 1846 514; x_wconf 87' lang='grc'><strong><em>8.</em></strong></span> <span class='ocrx_word' id='word_1_35' title='bbox 1884 490 1954 500; x_wconf 91' lang='grc'><strong><em>--</em></strong></span> <span class='ocrx_word' id='word_1_36' title='bbox 1983 465 2048 512; x_wconf 90' lang='grc'><strong><em>21</em></strong></span> <span class='ocrx_word' id='word_1_37' title='bbox 2078 477 2127 514; x_wconf 84' lang='lat' dir='ltr'><strong>v.</strong></span> <span class='ocrx_word' id='word_1_38' title='bbox 2198 459 2397 514; x_wconf 89' lang='lat' dir='ltr'><strong><em>chiche</em></strong></span> 
     </span>
     <span class='ocr_line' id='line_1_5' title="bbox 373 526 2398 601; baseline 0.004 -22"><span class='ocrx_word' id='word_1_39' title='bbox 373 526 558 582; x_wconf 86' lang='lat' dir='ltr'><strong><em>Herm.</em></strong></span> <span class='ocrx_word' id='word_1_40' title='bbox 598 527 778 581; x_wconf 90' lang='lat' dir='ltr'>XVIII</span> <span class='ocrx_word' id='word_1_41' title='bbox 812 546 866 597; x_wconf 88' lang='lat' dir='ltr'><strong><em>p.</em></strong></span> <span class='ocrx_word' id='word_1_42' title='bbox 899 534 1031 591; x_wconf 84' lang='lat'><strong><em>614,</em></strong></span> <span class='ocrx_word' id='word_1_43' title='bbox 1084 527 1340 582; x_wconf 75' lang='lat' dir='ltr'><strong>Schmidt</strong></span> <span class='ocrx_word' id='word_1_44' title='bbox 1372 546 1428 599; x_wconf 89' lang='lat' dir='ltr'><strong><em>p.</em></strong></span> <span class='ocrx_word' id='word_1_45' title='bbox 1461 534 1589 598; x_wconf 88' lang='grc'>520,</span> <span class='ocrx_word' id='word_1_46' title='bbox 1654 529 1875 598; x_wconf 75' lang='lat' dir='ltr'><strong><em>Tyn-eil</em></strong></span> <span class='ocrx_word' id='word_1_47' title='bbox 1920 546 2007 601; x_wconf 86' lang='lat' dir='ltr'><strong><em>ep.</em></strong></span> <span class='ocrx_word' id='word_1_48' title='bbox 2037 535 2166 598; x_wconf 85' lang='grc'>643,</span> <span class='ocrx_word' id='word_1_49' title='bbox 2219 548 2398 586; x_wconf 74' lang='lat' dir='ltr'><strong><em>mense</em></strong></span> 
     </span>
     <span class='ocr_line' id='line_1_6' title="bbox 381 598 2398 670; baseline 0.002 -19"><span class='ocrx_word' id='word_1_50' title='bbox 381 598 566 668; x_wconf 76' lang='lat' dir='ltr'><strong><em>Quint.</em></strong></span> <span class='ocrx_word' id='word_1_51' title='bbox 596 598 807 667; x_wconf 77' lang='lat' dir='ltr'><strong><em>Baiter,</em></strong></span> <span class='ocrx_word' id='word_1_52' title='bbox 844 598 1107 653; x_wconf 87' lang='lat' dir='ltr'><strong><em>Wesenb.</em></strong></span> <span class='ocrx_word' id='word_1_53' title='bbox 1148 630 1213 641; x_wconf 90' lang='lat'><strong>—</strong></span> <span class='ocrx_word' id='word_1_54' title='bbox 1264 605 1330 653; x_wconf 86' lang='grc'>27</span> <span class='ocrx_word' id='word_1_55' title='bbox 1369 601 1631 656; x_wconf 76' lang='lat' dir='ltr'><strong><em>datm-mn</em></strong></span> <span class='ocrx_word' id='word_1_56' title='bbox 1667 602 1800 655; x_wconf 90' lang='lat' dir='ltr'><strong><em>ante</em></strong></span> <span class='ocrx_word' id='word_1_57' title='bbox 1836 599 1981 656; x_wconf 61' lang='lat' dir='ltr'><strong><em>Data·</em></strong></span> <span class='ocrx_word' id='word_1_58' title='bbox 2015 601 2145 655; x_wconf 85' lang='lat' dir='ltr'><strong><em>add.</em></strong></span> <span class='ocrx_word' id='word_1_59' title='bbox 2173 601 2398 670; x_wconf 78' lang='lat' dir='ltr'><strong>Tyn-cll</strong></span> 
     </span>
     <span class='ocr_line' id='line_1_7' title="bbox 374 668 2398 742; baseline 0.001 -20"><span class='ocrx_word' id='word_1_60' title='bbox 374 668 696 739; x_wconf 55' lang='lat' dir='ltr'><strong><em>(Perhaps,</em></strong></span> <span class='ocrx_word' id='word_1_61' title='bbox 741 669 973 738; x_wconf 78' lang='lat' dir='ltr'><strong><em>indeed,</em></strong></span> <span class='ocrx_word' id='word_1_62' title='bbox 1027 669 1079 724; x_wconf 89' lang='lat' dir='ltr'><strong><em>it</em></strong></span> <span class='ocrx_word' id='word_1_63' title='bbox 1129 670 1178 724; x_wconf 93' lang='lat' dir='ltr'><strong><em>is</em></strong></span> <span class='ocrx_word' id='word_1_64' title='bbox 1224 672 1329 725; x_wconf 89' lang='lat' dir='ltr'><strong><em>not</em></strong></span> <span class='ocrx_word' id='word_1_65' title='bbox 1374 670 1691 739; x_wconf 72' lang='lat' dir='ltr'><strong>absolutely</strong></span> <span class='ocrx_word' id='word_1_66' title='bbox 1737 687 2034 741; x_wconf 79' lang='lat' dir='ltr'><strong><em>necessary</em></strong></span> <span class='ocrx_word' id='word_1_67' title='bbox 2081 674 2140 726; x_wconf 94' lang='lat' dir='ltr'><strong><em>to</em></strong></span> <span class='ocrx_word' id='word_1_68' title='bbox 2187 671 2398 742; x_wconf 79' lang='lat' dir='ltr'>supply</span> 
     </span>
     <span class='ocr_line' id='line_1_8' title="bbox 375 740 2396 812; baseline 0.002 -19"><span class='ocrx_word' id='word_1_69' title='bbox 375 741 695 810; x_wconf 75' lang='lat' dir='ltr'><strong><em>datarum’).</em></strong></span> <span class='ocrx_word' id='word_1_70' title='bbox 742 772 814 783; x_wconf 90' lang='lat'><em>-</em></span> <span class='ocrx_word' id='word_1_71' title='bbox 860 745 928 794; x_wconf 89' lang='grc'>28</span> <span class='ocrx_word' id='word_1_72' title='bbox 964 742 1236 812; x_wconf 64' lang='lat' dir='ltr'><strong><em>intem-um</em></strong></span> <span class='ocrx_word' id='word_1_73' title='bbox 1270 740 1385 798; x_wconf 79' lang='lat' dir='ltr'><strong><em>est?</em></strong></span> <span class='ocrx_word' id='word_1_74' title='bbox 1439 741 1694 796; x_wconf 79' lang='lat' dir='ltr'><strong>Schmidt</strong></span> <span class='ocrx_word' id='word_1_75' title='bbox 1729 745 1945 798; x_wconf 87' lang='lat' dir='ltr'><strong><em>certum</em></strong></span> <span class='ocrx_word' id='word_1_76' title='bbox 1979 758 2103 798; x_wconf 88' lang='lat' dir='ltr'><strong><em>esse</em></strong></span> <span class='ocrx_word' id='word_1_77' title='bbox 2138 745 2396 798; x_wconf 85' lang='lat' dir='ltr'><strong><em>statuens</em></strong></span> 
     </span>
     <span class='ocr_line' id='line_1_9' title="bbox 379 809 2396 882; baseline 0.002 -19"><span class='ocrx_word' id='word_1_78' title='bbox 379 809 514 866; x_wconf 84' lang='lat' dir='ltr'><strong><em>‘Der</em></strong></span> <span class='ocrx_word' id='word_1_79' title='bbox 548 810 966 866; x_wconf 85' lang='lat' dir='ltr'><strong><em>Briefwechsel&#39;</em></strong></span> <span class='ocrx_word' id='word_1_80' title='bbox 1017 829 1073 882; x_wconf 90' lang='lat' dir='ltr'><strong>p.</strong></span> <span class='ocrx_word' id='word_1_81' title='bbox 1103 817 1208 867; x_wconf 83' lang='lat'><strong><em>329</em></strong></span> <span class='ocrx_word' id='word_1_82' title='bbox 1246 809 1568 867; x_wconf 80' lang='lat' dir='ltr'><strong><em>Ciceronem</em></strong></span> <span class='ocrx_word' id='word_1_83' title='bbox 1609 813 1871 882; x_wconf 79' lang='lat' dir='ltr'><strong><em>ignorare</em></strong></span> <span class='ocrx_word' id='word_1_84' title='bbox 1917 814 1987 868; x_wconf 93' lang='lat' dir='ltr'><strong><em>de</em></strong></span> <span class='ocrx_word' id='word_1_85' title='bbox 2031 813 2219 868; x_wconf 87' lang='lat' dir='ltr'><strong><em>reditu</em></strong></span> <span class='ocrx_word' id='word_1_86' title='bbox 2252 813 2396 868; x_wconf 90' lang='lat' dir='ltr'><strong><em>Var-</em></strong></span> 
     </span>
     <span class='ocr_line' id='line_1_10' title="bbox 374 880 2400 953; baseline 0.002 -18"><span class='ocrx_word' id='word_1_87' title='bbox 374 880 544 937; x_wconf 86' lang='lat' dir='ltr'><strong><em>ronis.</em></strong></span> <span class='ocrx_word' id='word_1_88' title='bbox 626 881 787 937; x_wconf 85' lang='lat' dir='ltr'><strong><em>Unde</em></strong></span> <span class='ocrx_word' id='word_1_89' title='bbox 841 882 1047 937; x_wconf 83' lang='lat' dir='ltr'><strong><em>scimus</em></strong></span> <span class='ocrx_word' id='word_1_90' title='bbox 1099 899 1213 937; x_wconf 86' lang='lat' dir='ltr'><strong><em>non</em></strong></span> <span class='ocrx_word' id='word_1_91' title='bbox 1268 883 1559 953; x_wconf 75' lang='lat' dir='ltr'><strong><em>scripsisse</em></strong></span> <span class='ocrx_word' id='word_1_92' title='bbox 1610 883 1889 939; x_wconf 80' lang='lat' dir='ltr'><strong><em>Atticm:</em></strong></span> <span class='ocrx_word' id='word_1_93' title='bbox 1966 884 2171 940; x_wconf 80' lang='lat' dir='ltr'><strong><em>‘Hodie</em></strong></span> <span class='ocrx_word' id='word_1_94' title='bbox 2221 887 2400 940; x_wconf 73' lang='lat' dir='ltr'><strong><em>veniet</em></strong></span> 
     </span>
     <span class='ocr_line' id='line_1_11' title="bbox 371 952 2398 1023; baseline 0.002 -16"><span class='ocrx_word' id='word_1_95' title='bbox 371 952 592 1020; x_wconf 73' lang='lat' dir='ltr'><strong><em>“Varro;</em></strong></span> <span class='ocrx_word' id='word_1_96' title='bbox 644 954 874 1009; x_wconf 56' lang='lat' dir='ltr'><strong><em>amulae</em></strong></span> <span class='ocrx_word' id='word_1_97' title='bbox 916 955 1145 1021; x_wconf 72' lang='lat' dir='ltr'><strong><em>venerit,</em></strong></span> <span class='ocrx_word' id='word_1_98' title='bbox 1198 955 1400 1009; x_wconf 76' lang='lat' dir='ltr'><strong><em>dabo&#39;?</em></strong></span> <span class='ocrx_word' id='word_1_99' title='bbox 1454 986 1521 995; x_wconf 88' lang='lat'>—</span> <span class='ocrx_word' id='word_1_100' title='bbox 1578 959 1646 1008; x_wconf 87' lang='grc'>29</span> <span class='ocrx_word' id='word_1_101' title='bbox 1691 957 1806 1010; x_wconf 74' lang='lat' dir='ltr'><strong><em>nisi</em></strong></span> <span class='ocrx_word' id='word_1_102' title='bbox 1849 971 1980 1023; x_wconf 62' lang='lat' dir='ltr'><strong><em>scr„</em></strong></span> <span class='ocrx_word' id='word_1_103' title='bbox 2026 957 2079 1010; x_wconf 79' lang='lat' dir='ltr'><strong><em>si</em></strong></span> <span class='ocrx_word' id='word_1_104' title='bbox 2122 955 2282 1010; x_wconf 85' lang='lat' dir='ltr'><strong><em>codd.</em></strong></span> <span class='ocrx_word' id='word_1_105' title='bbox 2329 959 2398 1011; x_wconf 90' lang='lat' dir='ltr'><strong><em>ut</em></strong></span> 
     </span>
     <span class='ocr_line' id='line_1_12' title="bbox 374 1025 2396 1094; baseline 0.002 -17"><span class='ocrx_word' id='word_1_106' title='bbox 374 1041 429 1093; x_wconf 89' lang='lat' dir='ltr'><strong><em>p.</em></strong></span> <span class='ocrx_word' id='word_1_107' title='bbox 452 1029 534 1077; x_wconf 85' lang='lat'><strong>52.</strong></span> <span class='ocrx_word' id='word_1_108' title='bbox 548 1029 636 1088; x_wconf 88' lang='grc'><strong><em>31,</em></strong></span> <span class='ocrx_word' id='word_1_109' title='bbox 665 1029 882 1091; x_wconf 80' lang='lat'><strong><em>106.22,</em></strong></span> <span class='ocrx_word' id='word_1_110' title='bbox 912 1030 1132 1093; x_wconf 81' lang='lat'><strong><em>398.14,</em></strong></span> <span class='ocrx_word' id='word_1_111' title='bbox 1160 1029 1361 1079; x_wconf 81' lang='lat'><strong>545.13</strong></span> <span class='ocrx_word' id='word_1_112' title='bbox 1381 1027 1505 1092; x_wconf 90' lang='lat' dir='ltr'><strong><em>etc.,</em></strong></span> <span class='ocrx_word' id='word_1_113' title='bbox 1523 1026 1618 1081; x_wconf 81' lang='lat' dir='ltr'><strong><em>sed</em></strong></span> <span class='ocrx_word' id='word_1_114' title='bbox 1629 1025 1863 1094; x_wconf 88' lang='lat' dir='ltr'><strong><em>Manut.,</em></strong></span> <span class='ocrx_word' id='word_1_115' title='bbox 1881 1025 2091 1093; x_wconf 82' lang='lat' dir='ltr'><strong><em>Baiter,</em></strong></span> <span class='ocrx_word' id='word_1_116' title='bbox 2110 1026 2396 1094; x_wconf 88' lang='lat' dir='ltr'><strong><em>Wesenb.,</em></strong></span> 
     </span>
     <span class='ocr_line' id='line_1_13' title="bbox 378 1093 2396 1165; baseline 0.002 -18"><span class='ocrx_word' id='word_1_117' title='bbox 378 1093 657 1163; x_wconf 85' lang='lat' dir='ltr'><strong><em>Schmidt,</em></strong></span> <span class='ocrx_word' id='word_1_118' title='bbox 712 1097 811 1151; x_wconf 82' lang='lat' dir='ltr'><strong><em>etsi</em></strong></span> <span class='ocrx_word' id='word_1_119' title='bbox 854 1094 1035 1164; x_wconf 85' lang='lat' dir='ltr'><strong><em>Klotz,</em></strong></span> <span class='ocrx_word' id='word_1_120' title='bbox 1082 1094 1244 1164; x_wconf 84' lang='lat' dir='ltr'><strong>Boot,</strong></span> <span class='ocrx_word' id='word_1_121' title='bbox 1280 1095 1518 1165; x_wconf 73' lang='lat' dir='ltr'><strong><em>Tyr-rell,</em></strong></span> <span class='ocrx_word' id='word_1_122' title='bbox 1553 1097 1755 1152; x_wconf 80' lang='lat' dir='ltr'><strong><em>scilieet</em></strong></span> <span class='ocrx_word' id='word_1_123' title='bbox 1789 1095 2045 1150; x_wconf 87' lang='lat' dir='ltr'><strong><em>Schmidt</em></strong></span> <span class='ocrx_word' id='word_1_124' title='bbox 2078 1097 2222 1151; x_wconf 90' lang='lat' dir='ltr'><strong><em>Phil.</em></strong></span> <span class='ocrx_word' id='word_1_125' title='bbox 2254 1103 2396 1153; x_wconf 84' lang='lat'>1898</span> 
     </span>
    </p>
   </div>
   <div class='ocr_carea' id='block_1_3' title="bbox 267 1165 2392 1237">
    <p class='ocr_par' dir='ltr' id='par_1_3' title="bbox 267 1165 2392 1237">
     <span class='ocr_line' id='line_1_14' title="bbox 267 1165 2392 1237; baseline 0.002 -19"><span class='ocrx_word' id='word_1_126' title='bbox 267 1192 276 1201; x_wconf 89' lang='lat'><strong>·</strong></span> <span class='ocrx_word' id='word_1_127' title='bbox 376 1184 430 1235; x_wconf 87' lang='lat' dir='ltr'><strong><em>p.</em></strong></span> <span class='ocrx_word' id='word_1_128' title='bbox 463 1169 582 1219; x_wconf 83' lang='lat'><strong>188.</strong></span> <span class='ocrx_word' id='word_1_129' title='bbox 663 1168 683 1234; x_wconf 86' lang='grc' dir='ltr'><strong><em>ΙΙ</em></strong></span> <span class='ocrx_word' id='word_1_130' title='bbox 763 1165 835 1220; x_wconf 81' lang='grc' dir='ltr'>Ρ.</span> <span class='ocrx_word' id='word_1_131' title='bbox 863 1165 1001 1222; x_wconf 82' lang='grc'>422.</span> <span class='ocrx_word' id='word_1_132' title='bbox 1031 1172 1063 1219; x_wconf 89' lang='grc'>2</span> <span class='ocrx_word' id='word_1_133' title='bbox 1109 1183 1170 1222; x_wconf 87' lang='lat' dir='ltr'><strong><em>eo</em></strong></span> <span class='ocrx_word' id='word_1_134' title='bbox 1211 1171 1346 1237; x_wconf 86' lang='lat' dir='ltr'><strong><em>post</em></strong></span> <span class='ocrx_word' id='word_1_135' title='bbox 1388 1168 1559 1221; x_wconf 78' lang='lat' dir='ltr'><strong><em>audio</em></strong></span> <span class='ocrx_word' id='word_1_136' title='bbox 1605 1168 1733 1222; x_wconf 91' lang='lat' dir='ltr'><strong><em>add.</em></strong></span> <span class='ocrx_word' id='word_1_137' title='bbox 1764 1166 2046 1234; x_wconf 89' lang='lat' dir='ltr'><strong><em>Wesenb.,</em></strong></span> <span class='ocrx_word' id='word_1_138' title='bbox 2093 1168 2236 1222; x_wconf 92' lang='lat' dir='ltr'><strong>Boot</strong></span> <span class='ocrx_word' id='word_1_139' title='bbox 2272 1168 2392 1224; x_wconf 87' lang='lat' dir='ltr'><strong><em>scil.</em></strong></span> 
     </span>
    </p>
   </div>
   <div class='ocr_carea' id='block_1_4' title="bbox 376 1236 2403 3574">
    <p class='ocr_par' dir='ltr' id='par_1_4' title="bbox 376 1236 2400 2371">
     <span class='ocr_line' id='line_1_15' title="bbox 376 1236 2397 1308; baseline 0.001 -16"><span class='ocrx_word' id='word_1_140' title='bbox 376 1237 476 1292; x_wconf 81' lang='lat' dir='ltr'><strong><em>hoc</em></strong></span> <span class='ocrx_word' id='word_1_141' title='bbox 530 1236 911 1290; x_wconf 79' lang='lat' dir='ltr'><strong><em>accusativum</em></strong></span> <span class='ocrx_word' id='word_1_142' title='bbox 966 1252 1089 1291; x_wconf 89' lang='lat' dir='ltr'><strong><em>esse</em></strong></span> <span class='ocrx_word' id='word_1_143' title='bbox 1138 1237 1373 1308; x_wconf 90' lang='lat' dir='ltr'><strong><em>opinati.</em></strong></span> <span class='ocrx_word' id='word_1_144' title='bbox 1430 1268 1498 1278; x_wconf 92' lang='lat'><strong>—</strong></span> <span class='ocrx_word' id='word_1_145' title='bbox 1553 1243 1586 1291; x_wconf 85' lang='grc'>6</span> <span class='ocrx_word' id='word_1_146' title='bbox 1631 1256 1680 1293; x_wconf 87' lang='lat' dir='ltr'><strong>v.</strong></span> <span class='ocrx_word' id='word_1_147' title='bbox 1721 1237 1956 1293; x_wconf 88' lang='lat' dir='ltr'><strong><em>Schiche</em></strong></span> <span class='ocrx_word' id='word_1_148' title='bbox 2001 1238 2186 1294; x_wconf 89' lang='lat' dir='ltr'><strong><em>Herm.</em></strong></span> <span class='ocrx_word' id='word_1_149' title='bbox 2215 1239 2397 1294; x_wconf 85' lang='lat' dir='ltr'>XVIII</span> 
     </span>
     <span class='ocr_line' id='line_1_16' title="bbox 376 1306 2400 1379; baseline 0.003 -19"><span class='ocrx_word' id='word_1_150' title='bbox 376 1326 431 1378; x_wconf 93' lang='lat' dir='ltr'><strong><em>p.</em></strong></span> <span class='ocrx_word' id='word_1_151' title='bbox 461 1313 565 1361; x_wconf 88' lang='grc'><strong><em>612</em></strong></span> <span class='ocrx_word' id='word_1_152' title='bbox 593 1309 653 1361; x_wconf 89' lang='lat' dir='ltr'><strong><em>et</em></strong></span> <span class='ocrx_word' id='word_1_153' title='bbox 679 1313 802 1374; x_wconf 88' lang='grc'>615,</span> <span class='ocrx_word' id='word_1_154' title='bbox 840 1306 1096 1362; x_wconf 89' lang='lat' dir='ltr'><strong><em>Schmidt</em></strong></span> <span class='ocrx_word' id='word_1_155' title='bbox 1127 1326 1181 1378; x_wconf 92' lang='lat' dir='ltr'><strong><em>p.</em></strong></span> <span class='ocrx_word' id='word_1_156' title='bbox 1212 1314 1333 1375; x_wconf 84' lang='lat'><strong><em>521,</em></strong></span> <span class='ocrx_word' id='word_1_157' title='bbox 1371 1308 1590 1377; x_wconf 75' lang='lat' dir='ltr'><strong><em>Tyr-rell</em></strong></span> <span class='ocrx_word' id='word_1_158' title='bbox 1624 1325 1710 1379; x_wconf 90' lang='lat' dir='ltr'><strong><em>ep.</em></strong></span> <span class='ocrx_word' id='word_1_159' title='bbox 1733 1314 1852 1378; x_wconf 89' lang='grc'>657,</span> <span class='ocrx_word' id='word_1_160' title='bbox 1890 1310 1953 1365; x_wconf 74' lang='lat' dir='ltr'><strong><em>in</em></strong></span> <span class='ocrx_word' id='word_1_161' title='bbox 1985 1310 2200 1367; x_wconf 61' lang='lat' dir='ltr'><strong><em>Tusa-uz.</em></strong></span> <span class='ocrx_word' id='word_1_162' title='bbox 2219 1328 2400 1366; x_wconf 77' lang='lat' dir='ltr'><strong><em>mense</em></strong></span> 
     </span>
     <span class='ocr_line' id='line_1_17' title="bbox 383 1377 2399 1449; baseline 0.002 -17"><span class='ocrx_word' id='word_1_163' title='bbox 383 1377 597 1447; x_wconf 73' lang='lat' dir='ltr'><strong><em>Quinct.</em></strong></span> <span class='ocrx_word' id='word_1_164' title='bbox 637 1377 927 1445; x_wconf 88' lang='lat' dir='ltr'><strong><em>Wesenb.,</em></strong></span> <span class='ocrx_word' id='word_1_165' title='bbox 974 1378 1095 1432; x_wconf 91' lang='lat' dir='ltr'><strong><em>sine</em></strong></span> <span class='ocrx_word' id='word_1_166' title='bbox 1139 1378 1262 1434; x_wconf 91' lang='lat' dir='ltr'><strong><em>loco</em></strong></span> <span class='ocrx_word' id='word_1_167' title='bbox 1310 1381 1370 1433; x_wconf 89' lang='lat' dir='ltr'><strong><em>et</em></strong></span> <span class='ocrx_word' id='word_1_168' title='bbox 1412 1382 1663 1449; x_wconf 89' lang='lat' dir='ltr'><strong><em>tempore</em></strong></span> <span class='ocrx_word' id='word_1_169' title='bbox 1707 1379 1917 1435; x_wconf 86' lang='lat' dir='ltr'><strong><em>Baiter.</em></strong></span> <span class='ocrx_word' id='word_1_170' title='bbox 1973 1411 2044 1422; x_wconf 90' lang='lat'>—</span> <span class='ocrx_word' id='word_1_171' title='bbox 2101 1385 2168 1435; x_wconf 93' lang='grc'>13</span> <span class='ocrx_word' id='word_1_172' title='bbox 2210 1382 2399 1449; x_wconf 68' lang='lat' dir='ltr'><strong><em>favere</em></strong></span> 
     </span>
     <span class='ocr_line' id='line_1_18' title="bbox 377 1448 2393 1521; baseline 0.003 -20"><span class='ocrx_word' id='word_1_173' title='bbox 377 1449 635 1519; x_wconf 87' lang='lat' dir='ltr'><strong><em>Malasp.,</em></strong></span> <span class='ocrx_word' id='word_1_174' title='bbox 671 1448 839 1519; x_wconf 62' lang='lat' dir='ltr'>vulg„</span> <span class='ocrx_word' id='word_1_175' title='bbox 866 1450 1044 1515; x_wconf 81' lang='lat' dir='ltr'><strong><em>facere</em></strong></span> <span class='ocrx_word' id='word_1_176' title='bbox 1079 1450 1238 1504; x_wconf 90' lang='lat' dir='ltr'><strong><em>codd.</em></strong></span> <span class='ocrx_word' id='word_1_177' title='bbox 1278 1450 1374 1517; x_wconf 89' lang='lat' dir='ltr'><strong><em>(ad</em></strong></span> <span class='ocrx_word' id='word_1_178' title='bbox 1407 1468 1464 1520; x_wconf 89' lang='lat' dir='ltr'><strong><em>p.</em></strong></span> <span class='ocrx_word' id='word_1_179' title='bbox 1497 1453 1698 1521; x_wconf 81' lang='lat'><strong>170.9)‚</strong></span> <span class='ocrx_word' id='word_1_180' title='bbox 1737 1449 2006 1518; x_wconf 80' lang='lat' dir='ltr'><strong><em>Schmidt,</em></strong></span> <span class='ocrx_word' id='word_1_181' title='bbox 2042 1454 2215 1508; x_wconf 79' lang='lat' dir='ltr'><strong><em>iacere</em></strong></span> <span class='ocrx_word' id='word_1_182' title='bbox 2249 1453 2393 1509; x_wconf 90' lang='lat' dir='ltr'><strong><em>coni.</em></strong></span> 
     </span>
     <span class='ocr_line' id='line_1_19' title="bbox 378 1518 2395 1593; baseline 0.002 -20"><span class='ocrx_word' id='word_1_183' title='bbox 378 1518 666 1573; x_wconf 83' lang='lat' dir='ltr'><strong><em>Lehmann</em></strong></span> <span class='ocrx_word' id='word_1_184' title='bbox 706 1519 1044 1576; x_wconf 61' lang='lat' dir='ltr'><strong><em>‘Jahresben</em></strong></span> <span class='ocrx_word' id='word_1_185' title='bbox 1074 1520 1171 1574; x_wconf 90' lang='lat' dir='ltr'><strong><em>des</em></strong></span> <span class='ocrx_word' id='word_1_186' title='bbox 1208 1520 1405 1591; x_wconf 88' lang='lat' dir='ltr'><strong><em>philol.</em></strong></span> <span class='ocrx_word' id='word_1_187' title='bbox 1435 1519 1690 1576; x_wconf 89' lang='lat' dir='ltr'><strong><em>Vereins’</em></strong></span> <span class='ocrx_word' id='word_1_188' title='bbox 1734 1527 1871 1576; x_wconf 89' lang='grc'>1888</span> <span class='ocrx_word' id='word_1_189' title='bbox 1907 1541 1962 1593; x_wconf 90' lang='lat' dir='ltr'><strong><em>p.</em></strong></span> <span class='ocrx_word' id='word_1_190' title='bbox 1992 1527 2113 1590; x_wconf 88' lang='grc'><strong><em>258,</em></strong></span> <span class='ocrx_word' id='word_1_191' title='bbox 2154 1521 2274 1587; x_wconf 84' lang='lat' dir='ltr'><strong>‘Qu.</strong></span> <span class='ocrx_word' id='word_1_192' title='bbox 2304 1525 2395 1590; x_wconf 82' lang='lat' dir='ltr'><strong><em>fa-</em></strong></span> 
     </span>
     <span class='ocr_line' id='line_1_20' title="bbox 378 1592 2394 1665; baseline 0.002 -19"><span class='ocrx_word' id='word_1_193' title='bbox 378 1607 491 1646; x_wconf 82' lang='lat' dir='ltr'><strong><em>cere</em></strong></span> <span class='ocrx_word' id='word_1_194' title='bbox 525 1594 610 1659; x_wconf 93' lang='lat' dir='ltr'><strong><em>(or</em></strong></span> <span class='ocrx_word' id='word_1_195' title='bbox 645 1592 837 1659; x_wconf 83' lang='lat' dir='ltr'><strong><em>iacere)</em></strong></span> <span class='ocrx_word' id='word_1_196' title='bbox 876 1592 1209 1660; x_wconf 70' lang='lat' dir='ltr'><strong><em>maximeque</em></strong></span> <span class='ocrx_word' id='word_1_197' title='bbox 1243 1592 1309 1645; x_wconf 74' lang='lat' dir='ltr'><strong><em>in</em></strong></span> <span class='ocrx_word' id='word_1_198' title='bbox 1343 1593 1605 1647; x_wconf 79' lang='lat' dir='ltr'><strong><em>conviviis</em></strong></span> <span class='ocrx_word' id='word_1_199' title='bbox 1639 1594 1900 1660; x_wconf 78' lang='lat' dir='ltr'><strong><em>convicia,</em></strong></span> <span class='ocrx_word' id='word_1_200' title='bbox 1936 1608 2000 1647; x_wconf 88' lang='lat' dir='ltr'><strong><em>or</em></strong></span> <span class='ocrx_word' id='word_1_201' title='bbox 2024 1595 2194 1660; x_wconf 83' lang='lat' dir='ltr'><strong><em>facete</em></strong></span> <span class='ocrx_word' id='word_1_202' title='bbox 2220 1611 2394 1665; x_wconf 62' lang='lat' dir='ltr'><strong><em>agere,</em></strong></span> 
     </span>
     <span class='ocr_line' id='line_1_21' title="bbox 378 1660 2395 1735; baseline 0.002 -20"><span class='ocrx_word' id='word_1_203' title='bbox 378 1661 467 1717; x_wconf 84' lang='lat' dir='ltr'><strong><em>for</em></strong></span> <span class='ocrx_word' id='word_1_204' title='bbox 500 1662 697 1727; x_wconf 82' lang='lat' dir='ltr'><strong><em>faeere’</em></strong></span> <span class='ocrx_word' id='word_1_205' title='bbox 722 1662 849 1714; x_wconf 86' lang='lat' dir='ltr'><strong><em>adn.</em></strong></span> <span class='ocrx_word' id='word_1_206' title='bbox 870 1660 1103 1730; x_wconf 81' lang='lat' dir='ltr'><strong><em>Tyrrell.</em></strong></span> <span class='ocrx_word' id='word_1_207' title='bbox 1128 1693 1198 1703; x_wconf 89' lang='lat'><strong><em>-—-</em></strong></span> <span class='ocrx_word' id='word_1_208' title='bbox 1219 1667 1285 1716; x_wconf 87' lang='grc'>17</span> <span class='ocrx_word' id='word_1_209' title='bbox 1314 1661 1389 1717; x_wconf 78' lang='grc' dir='ltr'><strong><em>ἄν</em></strong></span> <span class='ocrx_word' id='word_1_210' title='bbox 1417 1663 1546 1716; x_wconf 82' lang='lat' dir='ltr'><strong><em>add.</em></strong></span> <span class='ocrx_word' id='word_1_211' title='bbox 1574 1662 1784 1730; x_wconf 85' lang='lat' dir='ltr'><strong><em>Baiter,</em></strong></span> <span class='ocrx_word' id='word_1_212' title='bbox 1813 1661 2094 1732; x_wconf 89' lang='lat' dir='ltr'><strong><em>Wesenb.,</em></strong></span> <span class='ocrx_word' id='word_1_213' title='bbox 2123 1663 2395 1735; x_wconf 88' lang='lat' dir='ltr'><strong><em>Schmidt,</em></strong></span> 
     </span>
     <span class='ocr_line' id='line_1_22' title="bbox 377 1732 2394 1804; baseline 0.002 -18"><span class='ocrx_word' id='word_1_214' title='bbox 377 1732 623 1802; x_wconf 77' lang='lat' dir='ltr'><strong><em>Tyrrell,</em></strong></span> <span class='ocrx_word' id='word_1_215' title='bbox 669 1733 981 1787; x_wconf 90' lang='grc' dir='ltr'>ΦΟΒΕΡΑΝ</span> <span class='ocrx_word' id='word_1_216' title='bbox 1022 1735 1111 1787; x_wconf 93' lang='grc' dir='ltr'><strong><em>ΗΝ</em></strong></span> <span class='ocrx_word' id='word_1_217' title='bbox 1149 1733 1224 1788; x_wconf 86' lang='grc' dir='ltr'>Μ.</span> <span class='ocrx_word' id='word_1_218' title='bbox 1261 1764 1332 1774; x_wconf 92' lang='grc'><strong>-</strong></span> <span class='ocrx_word' id='word_1_219' title='bbox 1370 1740 1436 1787; x_wconf 89' lang='grc'><strong><em>26</em></strong></span> <span class='ocrx_word' id='word_1_220' title='bbox 1457 1750 1538 1801; x_wconf 91' lang='lat' dir='ltr'><strong><em>sq.</em></strong></span> <span class='ocrx_word' id='word_1_221' title='bbox 1574 1734 1823 1801; x_wconf 72' lang='lat' dir='ltr'><strong><em>Offilimn</em></strong></span> <span class='ocrx_word' id='word_1_222' title='bbox 1865 1736 1930 1790; x_wconf 85' lang='lat' dir='ltr'><strong><em>de</em></strong></span> <span class='ocrx_word' id='word_1_223' title='bbox 1975 1737 2224 1790; x_wconf 74' lang='lat' dir='ltr'><strong><em>auctione</em></strong></span> <span class='ocrx_word' id='word_1_224' title='bbox 2263 1753 2394 1804; x_wconf 81' lang='lat' dir='ltr'><strong><em>pro·</em></strong></span> 
     </span>
     <span class='ocr_line' id='line_1_23' title="bbox 378 1803 2399 1875; baseline 0.001 -17"><span class='ocrx_word' id='word_1_225' title='bbox 378 1804 693 1870; x_wconf 73' lang='lat' dir='ltr'><strong><em>seribenda;</em></strong></span> <span class='ocrx_word' id='word_1_226' title='bbox 746 1803 989 1873; x_wconf 74' lang='lat' dir='ltr'><strong><em>equidem</em></strong></span> <span class='ocrx_word' id='word_1_227' title='bbox 1035 1820 1163 1857; x_wconf 87' lang='lat' dir='ltr'><strong><em>cum</em></strong></span> <span class='ocrx_word' id='word_1_228' title='bbox 1213 1806 1348 1858; x_wconf 78' lang='lat' dir='ltr'><strong><em>vett.</em></strong></span> <span class='ocrx_word' id='word_1_229' title='bbox 1389 1803 1652 1859; x_wconf 90' lang='lat' dir='ltr'><strong><em>Wesenb.</em></strong></span> <span class='ocrx_word' id='word_1_230' title='bbox 1723 1837 1778 1845; x_wconf 92' lang='grc'>-</span> <span class='ocrx_word' id='word_1_231' title='bbox 1851 1810 1918 1860; x_wconf 88' lang='grc'><strong><em>28</em></strong></span> <span class='ocrx_word' id='word_1_232' title='bbox 1938 1823 2020 1874; x_wconf 87' lang='lat' dir='ltr'><strong><em>sq.</em></strong></span> <span class='ocrx_word' id='word_1_233' title='bbox 2059 1806 2399 1875; x_wconf 81' lang='lat' dir='ltr'><strong><em>Tyrrellium</em></strong></span> 
     </span>
     <span class='ocr_line' id='line_1_24' title="bbox 380 1874 2395 1943; baseline 0.002 -15"><span class='ocrx_word' id='word_1_234' title='bbox 380 1876 603 1928; x_wconf 87' lang='lat' dir='ltr'><strong><em>secutus</em></strong></span> <span class='ocrx_word' id='word_1_235' title='bbox 661 1890 786 1928; x_wconf 87' lang='lat' dir='ltr'><strong><em>sum</em></strong></span> <span class='ocrx_word' id='word_1_236' title='bbox 829 1874 1000 1928; x_wconf 85' lang='lat' dir='ltr'><strong><em>verba</em></strong></span> <span class='ocrx_word' id='word_1_237' title='bbox 1044 1879 1466 1943; x_wconf 72' lang='grc' dir='ltr'><strong><em>παρενθετικῶς</em></strong></span> <span class='ocrx_word' id='word_1_238' title='bbox 1502 1875 1800 1930; x_wconf 87' lang='lat' dir='ltr'><strong><em>scribentis</em></strong></span> <span class='ocrx_word' id='word_1_239' title='bbox 1844 1893 1958 1931; x_wconf 88' lang='lat' dir='ltr'><strong><em>non</em></strong></span> <span class='ocrx_word' id='word_1_240' title='bbox 2001 1876 2123 1932; x_wconf 87' lang='lat' dir='ltr'><strong><em>sine</em></strong></span> <span class='ocrx_word' id='word_1_241' title='bbox 2170 1878 2395 1932; x_wconf 84' lang='lat' dir='ltr'><strong><em>dubita-</em></strong></span> 
     </span>
     <span class='ocr_line' id='line_1_25' title="bbox 381 1944 2394 2019; baseline 0.002 -19"><span class='ocrx_word' id='word_1_242' title='bbox 381 1945 563 2013; x_wconf 69' lang='lat' dir='ltr'><strong><em>tione,</em></strong></span> <span class='ocrx_word' id='word_1_243' title='bbox 598 1947 784 2000; x_wconf 92' lang='lat' dir='ltr'><strong><em>totum</em></strong></span> <span class='ocrx_word' id='word_1_244' title='bbox 818 1944 1005 2000; x_wconf 88' lang='lat' dir='ltr'><strong><em>locum</em></strong></span> <span class='ocrx_word' id='word_1_245' title='bbox 1040 1945 1402 2001; x_wconf 87' lang='lat' dir='ltr'><strong><em>emendatum</em></strong></span> <span class='ocrx_word' id='word_1_246' title='bbox 1436 1961 1560 2001; x_wconf 88' lang='lat' dir='ltr'><strong><em>esse</em></strong></span> <span class='ocrx_word' id='word_1_247' title='bbox 1596 1964 1708 2001; x_wconf 90' lang='lat' dir='ltr'><strong><em>non</em></strong></span> <span class='ocrx_word' id='word_1_248' title='bbox 1745 1948 1924 2003; x_wconf 87' lang='lat' dir='ltr'><strong><em>credo.</em></strong></span> <span class='ocrx_word' id='word_1_249' title='bbox 2000 1947 2090 2001; x_wconf 88' lang='lat' dir='ltr'><strong><em>Ad</em></strong></span> <span class='ocrx_word' id='word_1_250' title='bbox 2124 1967 2178 2019; x_wconf 95' lang='lat' dir='ltr'><strong><em>p.</em></strong></span> <span class='ocrx_word' id='word_1_251' title='bbox 2212 1953 2294 2004; x_wconf 89' lang='grc'><strong><em>16.</em></strong></span> <span class='ocrx_word' id='word_1_252' title='bbox 2308 1954 2394 2005; x_wconf 93' lang='grc'><strong><em>14.</em></strong></span> 
     </span>
     <span class='ocr_line' id='line_1_26' title="bbox 377 2016 2400 2089; baseline 0.003 -19"><span class='ocrx_word' id='word_1_253' title='bbox 377 2049 449 2057; x_wconf 91' lang='lat'><strong><em>—-</em></strong></span> <span class='ocrx_word' id='word_1_254' title='bbox 483 2016 563 2071; x_wconf 88' lang='lat' dir='ltr'><strong><em>Ib.</em></strong></span> <span class='ocrx_word' id='word_1_255' title='bbox 592 2018 709 2089; x_wconf 90' lang='lat' dir='ltr'><strong><em>[et]</em></strong></span> <span class='ocrx_word' id='word_1_256' title='bbox 752 2017 1014 2072; x_wconf 88' lang='lat' dir='ltr'><strong><em>Wesenb.</em></strong></span> <span class='ocrx_word' id='word_1_257' title='bbox 1045 2016 1116 2071; x_wconf 90' lang='lat' dir='ltr'><strong><em>de</em></strong></span> <span class='ocrx_word' id='word_1_258' title='bbox 1160 2017 1376 2072; x_wconf 87' lang='lat' dir='ltr'><strong><em>Baiteri</em></strong></span> <span class='ocrx_word' id='word_1_259' title='bbox 1422 2017 1757 2072; x_wconf 80' lang='lat' dir='ltr'><strong><em>coniectura.</em></strong></span> <span class='ocrx_word' id='word_1_260' title='bbox 1813 2049 1883 2059; x_wconf 88' lang='lat'>-</span> <span class='ocrx_word' id='word_1_261' title='bbox 1936 2025 2006 2072; x_wconf 84' lang='grc'><strong><em>30</em></strong></span> <span class='ocrx_word' id='word_1_262' title='bbox 2050 2020 2113 2072; x_wconf 78' lang='lat' dir='ltr'><strong><em>in</em></strong></span> <span class='ocrx_word' id='word_1_263' title='bbox 2150 2021 2294 2074; x_wconf 82' lang='lat' dir='ltr'><strong><em>diem</em></strong></span> <span class='ocrx_word' id='word_1_264' title='bbox 2327 2038 2400 2076; x_wconf 74' lang='lat' dir='ltr'><strong><em>ex</em></strong></span> 
     </span>
     <span class='ocr_line' id='line_1_27' title="bbox 379 2086 2399 2157; baseline -0 -13"><span class='ocrx_word' id='word_1_265' title='bbox 379 2090 468 2144; x_wconf 85' lang='lat' dir='ltr'><strong><em>die</em></strong></span> <span class='ocrx_word' id='word_1_266' title='bbox 505 2105 638 2155; x_wconf 87' lang='lat' dir='ltr'><strong><em>scr.,</em></strong></span> <span class='ocrx_word' id='word_1_267' title='bbox 683 2090 747 2142; x_wconf 71' lang='lat' dir='ltr'><strong><em>in</em></strong></span> <span class='ocrx_word' id='word_1_268' title='bbox 790 2089 934 2143; x_wconf 77' lang='lat' dir='ltr'><strong><em>diem</em></strong></span> <span class='ocrx_word' id='word_1_269' title='bbox 968 2089 1111 2143; x_wconf 80' lang='lat' dir='ltr'><strong><em>diem</em></strong></span> <span class='ocrx_word' id='word_1_270' title='bbox 1146 2086 1298 2156; x_wconf 72' lang='lat' dir='ltr'><strong><em>M02,</em></strong></span> <span class='ocrx_word' id='word_1_271' title='bbox 1337 2105 1464 2143; x_wconf 90' lang='lat' dir='ltr'><strong><em>cum</em></strong></span> <span class='ocrx_word' id='word_1_272' title='bbox 1500 2105 1662 2143; x_wconf 87' lang='lat' dir='ltr'><strong><em>cruce</em></strong></span> <span class='ocrx_word' id='word_1_273' title='bbox 1698 2088 1966 2157; x_wconf 88' lang='lat' dir='ltr'><strong><em>Schmidt,</em></strong></span> <span class='ocrx_word' id='word_1_274' title='bbox 2003 2089 2143 2143; x_wconf 83' lang='lat' dir='ltr'><strong><em>diem</em></strong></span> <span class='ocrx_word' id='word_1_275' title='bbox 2181 2087 2399 2144; x_wconf 85' lang='lat' dir='ltr'>ZRO¹P</span> 
     </span>
     <span class='ocr_line' id='line_1_28' title="bbox 379 2158 2397 2229; baseline 0 -17"><span class='ocrx_word' id='word_1_276' title='bbox 379 2158 688 2228; x_wconf 89' lang='lat' dir='ltr'><strong><em>(Lehmann</em></strong></span> <span class='ocrx_word' id='word_1_277' title='bbox 723 2159 841 2212; x_wconf 91' lang='lat' dir='ltr'><strong><em>Att.</em></strong></span> <span class='ocrx_word' id='word_1_278' title='bbox 869 2177 925 2228; x_wconf 89' lang='lat' dir='ltr'><strong>p.</strong></span> <span class='ocrx_word' id='word_1_279' title='bbox 956 2162 1040 2226; x_wconf 79' lang='lat'><strong><em>3⁷,</em></strong></span> <span class='ocrx_word' id='word_1_280' title='bbox 1070 2164 1155 2225; x_wconf 91' lang='grc'><strong><em>42,</em></strong></span> <span class='ocrx_word' id='word_1_281' title='bbox 1187 2163 1306 2223; x_wconf 80' lang='grc'>138,</span> <span class='ocrx_word' id='word_1_282' title='bbox 1339 2160 1480 2228; x_wconf 84' lang='grc'>183),</span> <span class='ocrx_word' id='word_1_283' title='bbox 1516 2159 1684 2229; x_wconf 85' lang='lat' dir='ltr'><strong>vulg.,</strong></span> <span class='ocrx_word' id='word_1_284' title='bbox 1720 2162 1785 2214; x_wconf 71' lang='lat' dir='ltr'><strong><em>im</em></strong></span> <span class='ocrx_word' id='word_1_285' title='bbox 1817 2161 1959 2214; x_wconf 78' lang='lat' dir='ltr'><strong><em>diem</em></strong></span> <span class='ocrx_word' id='word_1_286' title='bbox 1993 2160 2058 2214; x_wconf 83' lang='lat' dir='ltr'><strong><em>de</em></strong></span> <span class='ocrx_word' id='word_1_287' title='bbox 2093 2160 2182 2214; x_wconf 77' lang='lat' dir='ltr'><strong><em>die</em></strong></span> <span class='ocrx_word' id='word_1_288' title='bbox 2209 2159 2397 2229; x_wconf 87' lang='lat' dir='ltr'><strong><em>Klotz,</em></strong></span> 
     </span>
     <span class='ocr_line' id='line_1_29' title="bbox 377 2229 2399 2301; baseline 0.001 -18"><span class='ocrx_word' id='word_1_289' title='bbox 377 2229 611 2297; x_wconf 81' lang='lat' dir='ltr'><strong><em>Tyrrell.</em></strong></span> <span class='ocrx_word' id='word_1_290' title='bbox 685 2229 778 2284; x_wconf 94' lang='lat' dir='ltr'><strong><em>Sic</em></strong></span> <span class='ocrx_word' id='word_1_291' title='bbox 813 2229 940 2297; x_wconf 87' lang='lat' dir='ltr'><strong><em>quis</em></strong></span> <span class='ocrx_word' id='word_1_292' title='bbox 978 2229 1280 2299; x_wconf 86' lang='lat' dir='ltr'><strong><em>scripserit,</em></strong></span> <span class='ocrx_word' id='word_1_293' title='bbox 1326 2230 1531 2296; x_wconf 88' lang='lat' dir='ltr'><strong><em>nescio,</em></strong></span> <span class='ocrx_word' id='word_1_294' title='bbox 1567 2233 1792 2300; x_wconf 89' lang='lat' dir='ltr'><strong><em>praeter</em></strong></span> <span class='ocrx_word' id='word_1_295' title='bbox 1827 2230 2233 2286; x_wconf 88' lang='lat' dir='ltr'><strong><em>ecclesiasticos</em></strong></span> <span class='ocrx_word' id='word_1_296' title='bbox 2271 2232 2399 2301; x_wconf 88' lang='lat' dir='ltr'><strong><em>(sed</em></strong></span> 
     </span>
     <span class='ocr_line' id='line_1_30' title="bbox 377 2300 2399 2371; baseline 0 -17"><span class='ocrx_word' id='word_1_297' title='bbox 377 2300 440 2354; x_wconf 89' lang='lat' dir='ltr'><strong><em>hi</em></strong></span> <span class='ocrx_word' id='word_1_298' title='bbox 494 2301 558 2354; x_wconf 80' lang='lat' dir='ltr'><strong><em>de</em></strong></span> <span class='ocrx_word' id='word_1_299' title='bbox 610 2301 699 2355; x_wconf 81' lang='lat' dir='ltr'><strong><em>die</em></strong></span> <span class='ocrx_word' id='word_1_300' title='bbox 752 2301 816 2355; x_wconf 74' lang='lat' dir='ltr'><strong><em>in</em></strong></span> <span class='ocrx_word' id='word_1_301' title='bbox 869 2301 1056 2371; x_wconf 79' lang='lat' dir='ltr'><strong><em>diem),</em></strong></span> <span class='ocrx_word' id='word_1_302' title='bbox 1111 2301 1174 2355; x_wconf 66' lang='lat' dir='ltr'><strong><em>im</em></strong></span> <span class='ocrx_word' id='word_1_303' title='bbox 1226 2302 1370 2355; x_wconf 84' lang='lat' dir='ltr'><strong><em>diem</em></strong></span> <span class='ocrx_word' id='word_1_304' title='bbox 1413 2318 1481 2355; x_wconf 77' lang='lat' dir='ltr'><strong><em>ex</em></strong></span> <span class='ocrx_word' id='word_1_305' title='bbox 1523 2302 1612 2355; x_wconf 79' lang='lat' dir='ltr'><strong><em>die</em></strong></span> <span class='ocrx_word' id='word_1_306' title='bbox 1655 2302 1875 2368; x_wconf 79' lang='lat' dir='ltr'><strong><em>differre</em></strong></span> <span class='ocrx_word' id='word_1_307' title='bbox 1917 2301 2200 2356; x_wconf 86' lang='lat' dir='ltr'><strong><em>invenitur</em></strong></span> <span class='ocrx_word' id='word_1_308' title='bbox 2245 2301 2399 2356; x_wconf 70' lang='lat' dir='ltr'><strong><em>insta</em></strong></span> 
     </span>
    </p>

    <p class='ocr_par' dir='ltr' id='par_1_5' title="bbox 421 2369 2397 2442">
     <span class='ocr_line' id='line_1_31' title="bbox 421 2369 2397 2442; baseline 0.001 -17"><span class='ocrx_word' id='word_1_309' title='bbox 421 2415 431 2425; x_wconf 95' lang='lat'><strong>.</strong></span> <span class='ocrx_word' id='word_1_310' title='bbox 463 2375 581 2424; x_wconf 86' lang='grc'>553.</span> <span class='ocrx_word' id='word_1_311' title='bbox 613 2377 697 2433; x_wconf 89' lang='grc'><strong><em>24,</em></strong></span> <span class='ocrx_word' id='word_1_312' title='bbox 743 2372 956 2426; x_wconf 77' lang='lat' dir='ltr'><strong><em>iussisti</em></strong></span> <span class='ocrx_word' id='word_1_313' title='bbox 990 2372 1172 2426; x_wconf 83' lang='lat' dir='ltr'><strong><em>adesse</em></strong></span> <span class='ocrx_word' id='word_1_314' title='bbox 1209 2369 1328 2425; x_wconf 85' lang='lat' dir='ltr'><strong><em>Cat.</em></strong></span> <span class='ocrx_word' id='word_1_315' title='bbox 1357 2371 1520 2441; x_wconf 81' lang='lat' dir='ltr'><strong><em>frgm.</em></strong></span> <span class='ocrx_word' id='word_1_316' title='bbox 1550 2390 1604 2442; x_wconf 92' lang='lat' dir='ltr'><strong><em>p.</em></strong></span> <span class='ocrx_word' id='word_1_317' title='bbox 1636 2378 1718 2426; x_wconf 83' lang='lat'><strong>63.</strong></span> <span class='ocrx_word' id='word_1_318' title='bbox 1749 2379 1801 2439; x_wconf 84' lang='lat'><strong><em>4,</em></strong></span> <span class='ocrx_word' id='word_1_319' title='bbox 1838 2373 1981 2427; x_wconf 81' lang='lat' dir='ltr'><strong><em>diem</em></strong></span> <span class='ocrx_word' id='word_1_320' title='bbox 2015 2373 2081 2427; x_wconf 82' lang='lat' dir='ltr'><strong><em>de</em></strong></span> <span class='ocrx_word' id='word_1_321' title='bbox 2116 2373 2207 2427; x_wconf 75' lang='lat' dir='ltr'><strong><em>die</em></strong></span> <span class='ocrx_word' id='word_1_322' title='bbox 2241 2389 2276 2426; x_wconf 83' lang='lat' dir='ltr'><strong><em>a</em></strong></span> <span class='ocrx_word' id='word_1_323' title='bbox 2314 2374 2397 2426; x_wconf 86' lang='lat' dir='ltr'><strong><em>ud</em></strong></span> 
     </span>
    </p>

    <p class='ocr_par' dir='ltr' id='par_1_6' title="bbox 376 2441 2399 3148">
     <span class='ocr_line' id='line_1_32' title="bbox 423 2441 2395 2513; baseline 0.001 -18"><span class='ocrx_word' id='word_1_324' title='bbox 423 2442 598 2496; x_wconf 87' lang='lat' dir='ltr'><strong><em>ivium</em></strong></span> <span class='ocrx_word' id='word_1_325' title='bbox 626 2441 893 2510; x_wconf 85' lang='lat' dir='ltr'><strong><em>aliosque.</em></strong></span> <span class='ocrx_word' id='word_1_326' title='bbox 924 2472 993 2483; x_wconf 91' lang='lat'><strong><em>-—</em></strong></span> <span class='ocrx_word' id='word_1_327' title='bbox 1024 2448 1089 2496; x_wconf 84' lang='grc'>32</span> <span class='ocrx_word' id='word_1_328' title='bbox 1119 2443 1315 2497; x_wconf 78' lang='lat' dir='ltr'><strong><em>etiam</em></strong></span> <span class='ocrx_word' id='word_1_329' title='bbox 1353 2445 1454 2496; x_wconf 87' lang='lat' dir='ltr'><strong><em>aut</em></strong></span> <span class='ocrx_word' id='word_1_330' title='bbox 1488 2443 1657 2497; x_wconf 80' lang='lat' dir='ltr'><strong><em>idem</em></strong></span> <span class='ocrx_word' id='word_1_331' title='bbox 1684 2443 1967 2498; x_wconf 76' lang='lat' dir='ltr'><strong><em>Vestorio?</em></strong></span> <span class='ocrx_word' id='word_1_332' title='bbox 2028 2445 2048 2513; x_wconf 79' lang='grc' dir='ltr'><strong><em>ΙΙ</em></strong></span> <span class='ocrx_word' id='word_1_333' title='bbox 2109 2443 2180 2498; x_wconf 81' lang='grc' dir='ltr'>Ρ.</span> <span class='ocrx_word' id='word_1_334' title='bbox 2199 2442 2276 2498; x_wconf 78' lang='lat'><strong><em>42</em></strong></span> <span class='ocrx_word' id='word_1_335' title='bbox 2320 2480 2338 2498; x_wconf 87' lang='lat'><strong>.</strong></span> <span class='ocrx_word' id='word_1_336' title='bbox 2360 2450 2395 2497; x_wconf 88' lang='grc'>2</span> 
     </span>
     <span class='ocr_line' id='line_1_33' title="bbox 379 2511 2399 2582; baseline 0.002 -17"><span class='ocrx_word' id='word_1_337' title='bbox 379 2531 427 2567; x_wconf 90' lang='lat' dir='ltr'><strong>v.</strong></span> <span class='ocrx_word' id='word_1_338' title='bbox 459 2511 715 2566; x_wconf 86' lang='lat' dir='ltr'><strong><em>Schmidt</em></strong></span> <span class='ocrx_word' id='word_1_339' title='bbox 739 2531 793 2582; x_wconf 98' lang='lat' dir='ltr'><strong>p.</strong></span> <span class='ocrx_word' id='word_1_340' title='bbox 808 2519 929 2580; x_wconf 90' lang='grc'>521,</span> <span class='ocrx_word' id='word_1_341' title='bbox 958 2515 1012 2567; x_wconf 79' lang='lat' dir='ltr'><strong><em>A</em></strong></span> <span class='ocrx_word' id='word_1_342' title='bbox 1089 2554 1100 2567; x_wconf 92' lang='lat'><strong>.</strong></span> <span class='ocrx_word' id='word_1_343' title='bbox 1122 2517 1157 2566; x_wconf 76' lang='lat'><strong><em>4</em></strong></span> <span class='ocrx_word' id='word_1_344' title='bbox 1184 2511 1405 2581; x_wconf 80' lang='lat' dir='ltr'><strong><em>Tyrrell</em></strong></span> <span class='ocrx_word' id='word_1_345' title='bbox 1431 2528 1514 2582; x_wconf 91' lang='lat' dir='ltr'><strong><em>ep.</em></strong></span> <span class='ocrx_word' id='word_1_346' title='bbox 1539 2518 1660 2580; x_wconf 83' lang='grc'>658,</span> <span class='ocrx_word' id='word_1_347' title='bbox 1687 2516 1948 2569; x_wconf 75' lang='lat' dir='ltr'><strong><em>zwischen</em></strong></span> <span class='ocrx_word' id='word_1_348' title='bbox 1972 2514 2099 2568; x_wconf 89' lang='lat' dir='ltr'><strong><em>XV</em></strong></span> <span class='ocrx_word' id='word_1_349' title='bbox 2118 2515 2238 2569; x_wconf 73' lang='lat' dir='ltr'><strong><em>und</em></strong></span> <span class='ocrx_word' id='word_1_350' title='bbox 2264 2514 2399 2570; x_wconf 90' lang='lat' dir='ltr'><strong><em>XII</em></strong></span> 
     </span>
     <span class='ocr_line' id='line_1_34' title="bbox 379 2582 2393 2654; baseline 0 -15"><span class='ocrx_word' id='word_1_351' title='bbox 379 2583 523 2639; x_wconf 74' lang='lat' dir='ltr'><strong><em>Seoet.</em></strong></span> <span class='ocrx_word' id='word_1_352' title='bbox 554 2582 789 2638; x_wconf 88' lang='lat' dir='ltr'><strong><em>Schiche</em></strong></span> <span class='ocrx_word' id='word_1_353' title='bbox 824 2582 1010 2637; x_wconf 90' lang='lat' dir='ltr'><strong><em>Herm.</em></strong></span> <span class='ocrx_word' id='word_1_354' title='bbox 1086 2583 1212 2637; x_wconf 89' lang='lat' dir='ltr'><strong><em>VHI</em></strong></span> <span class='ocrx_word' id='word_1_355' title='bbox 1228 2602 1281 2653; x_wconf 91' lang='lat' dir='ltr'><strong><em>p.</em></strong></span> <span class='ocrx_word' id='word_1_356' title='bbox 1296 2589 1418 2652; x_wconf 89' lang='grc'>615,</span> <span class='ocrx_word' id='word_1_357' title='bbox 1444 2601 1621 2639; x_wconf 76' lang='lat' dir='ltr'><strong><em>mense</em></strong></span> <span class='ocrx_word' id='word_1_358' title='bbox 1660 2584 1833 2654; x_wconf 74' lang='lat' dir='ltr'><strong><em>Quint</em></strong></span> <span class='ocrx_word' id='word_1_359' title='bbox 1883 2584 2093 2652; x_wconf 78' lang='lat' dir='ltr'><strong><em>Baiter,</em></strong></span> <span class='ocrx_word' id='word_1_360' title='bbox 2131 2584 2393 2640; x_wconf 88' lang='lat' dir='ltr'><strong><em>Wesenb.</em></strong></span> 
     </span>
     <span class='ocr_line' id='line_1_35' title="bbox 378 2653 2397 2726; baseline 0.001 -18"><span class='ocrx_word' id='word_1_361' title='bbox 378 2686 446 2696; x_wconf 92' lang='lat'><strong>—</strong></span> <span class='ocrx_word' id='word_1_362' title='bbox 483 2660 520 2708; x_wconf 88' lang='grc'>4</span> <span class='ocrx_word' id='word_1_363' title='bbox 557 2654 875 2723; x_wconf 69' lang='lat' dir='ltr'><strong><em>Epiewios</em></strong></span> <span class='ocrx_word' id='word_1_364' title='bbox 911 2653 1144 2723; x_wconf 80' lang='lat' dir='ltr'><strong><em>Tyrrell,</em></strong></span> <span class='ocrx_word' id='word_1_365' title='bbox 1182 2656 1428 2723; x_wconf 77' lang='lat' dir='ltr'><strong><em>epicuros</em></strong></span> <span class='ocrx_word' id='word_1_366' title='bbox 1452 2653 1521 2708; x_wconf 83' lang='lat' dir='ltr'><strong>M.</strong></span> <span class='ocrx_word' id='word_1_367' title='bbox 1576 2655 1665 2708; x_wconf 91' lang='lat' dir='ltr'><strong><em>Ad</em></strong></span> <span class='ocrx_word' id='word_1_368' title='bbox 1699 2674 1753 2726; x_wconf 93' lang='lat' dir='ltr'><strong><em>p.</em></strong></span> <span class='ocrx_word' id='word_1_369' title='bbox 1785 2661 1902 2711; x_wconf 90' lang='grc'>150.</span> <span class='ocrx_word' id='word_1_370' title='bbox 1935 2661 1982 2711; x_wconf 93' lang='grc'><strong><em>8.</em></strong></span> <span class='ocrx_word' id='word_1_371' title='bbox 2022 2686 2093 2698; x_wconf 87' lang='lat'><strong><em>-·</em></strong></span> <span class='ocrx_word' id='word_1_372' title='bbox 2130 2662 2161 2709; x_wconf 83' lang='grc'><strong>9</strong></span> <span class='ocrx_word' id='word_1_373' title='bbox 2201 2656 2397 2711; x_wconf 83' lang='lat' dir='ltr'><strong><em>Sed—-</em></strong></span> 
     </span>
     <span class='ocr_line' id='line_1_36' title="bbox 380 2722 2394 2798; baseline 0 -19"><span class='ocrx_word' id='word_1_374' title='bbox 380 2722 675 2794; x_wconf 75' lang='grc' dir='ltr'><strong><em>ἐπέστησεν</em></strong></span> <span class='ocrx_word' id='word_1_375' title='bbox 701 2725 761 2779; x_wconf 90' lang='lat' dir='ltr'><strong><em>in</em></strong></span> <span class='ocrx_word' id='word_1_376' title='bbox 831 2725 1046 2780; x_wconf 85' lang='lat' dir='ltr'><strong><em>arenth.</em></strong></span> <span class='ocrx_word' id='word_1_377' title='bbox 1067 2723 1330 2779; x_wconf 88' lang='lat' dir='ltr'><strong><em>Wesenb.</em></strong></span> <span class='ocrx_word' id='word_1_378' title='bbox 1378 2725 1469 2779; x_wconf 88' lang='lat' dir='ltr'><strong><em>Ad</em></strong></span> <span class='ocrx_word' id='word_1_379' title='bbox 1495 2743 1549 2794; x_wconf 89' lang='lat' dir='ltr'><strong><em>p.</em></strong></span> <span class='ocrx_word' id='word_1_380' title='bbox 1573 2731 1753 2780; x_wconf 71' lang='grc'>1614.</span> <span class='ocrx_word' id='word_1_381' title='bbox 1774 2758 1843 2767; x_wconf 90' lang='grc'>-</span> <span class='ocrx_word' id='word_1_382' title='bbox 1865 2732 1932 2780; x_wconf 91' lang='grc'>10</span> <span class='ocrx_word' id='word_1_383' title='bbox 1959 2727 1996 2798; x_wconf 89' lang='lat'><em>†</em></span> <span class='ocrx_word' id='word_1_384' title='bbox 2015 2728 2158 2782; x_wconf 73' lang='lat' dir='ltr'><strong><em>enim</em></strong></span> <span class='ocrx_word' id='word_1_385' title='bbox 2184 2727 2394 2796; x_wconf 83' lang='lat' dir='ltr'><strong><em>Baiter,</em></strong></span> 
     </span>
     <span class='ocr_line' id='line_1_37' title="bbox 377 2796 2394 2867; baseline 0.002 -19"><span class='ocrx_word' id='word_1_386' title='bbox 377 2796 523 2850; x_wconf 94' lang='lat' dir='ltr'><strong><em>Boot</em></strong></span> <span class='ocrx_word' id='word_1_387' title='bbox 568 2796 722 2864; x_wconf 88' lang='lat' dir='ltr'><strong><em>prob.</em></strong></span> <span class='ocrx_word' id='word_1_388' title='bbox 820 2796 947 2850; x_wconf 90' lang='lat' dir='ltr'><strong><em>relli</em></strong></span> <span class='ocrx_word' id='word_1_389' title='bbox 993 2796 1135 2851; x_wconf 85' lang='lat' dir='ltr'><strong><em>coni.</em></strong></span> <span class='ocrx_word' id='word_1_390' title='bbox 1173 2796 1298 2867; x_wconf 74' lang='lat' dir='ltr'><strong><em>Eyo</em></strong></span> <span class='ocrx_word' id='word_1_391' title='bbox 1343 2797 1606 2851; x_wconf 76' lang='lat' dir='ltr'><strong><em>minime</em></strong></span> <span class='ocrx_word' id='word_1_392' title='bbox 1641 2799 1900 2867; x_wconf 66' lang='lat' dir='ltr'><strong><em>quicquid</em></strong></span> <span class='ocrx_word' id='word_1_393' title='bbox 1944 2820 2016 2839; x_wconf 90' lang='lat'><strong><em>-·-</em></strong></span> <span class='ocrx_word' id='word_1_394' title='bbox 2060 2804 2237 2867; x_wconf 78' lang='lat' dir='ltr'><strong><em>potest</em></strong></span> <span class='ocrx_word' id='word_1_395' title='bbox 2280 2816 2394 2867; x_wconf 79' lang='lat' dir='ltr'><strong><em>ap-</em></strong></span> 
     </span>
     <span class='ocr_line' id='line_1_38' title="bbox 376 2864 2393 2938; baseline 0.001 -17"><span class='ocrx_word' id='word_1_396' title='bbox 376 2867 606 2936; x_wconf 79' lang='lat' dir='ltr'><strong><em>prob0,</em></strong></span> <span class='ocrx_word' id='word_1_397' title='bbox 645 2864 901 2921; x_wconf 87' lang='lat' dir='ltr'><strong><em>Schmidt</em></strong></span> <span class='ocrx_word' id='word_1_398' title='bbox 936 2866 1077 2921; x_wconf 90' lang='lat' dir='ltr'><strong><em>coni.</em></strong></span> <span class='ocrx_word' id='word_1_399' title='bbox 1106 2867 1231 2937; x_wconf 74' lang='lat' dir='ltr'><strong><em>Eyo</em></strong></span> <span class='ocrx_word' id='word_1_400' title='bbox 1267 2883 1391 2922; x_wconf 85' lang='lat' dir='ltr'><strong><em>vero</em></strong></span> <span class='ocrx_word' id='word_1_401' title='bbox 1416 2884 1684 2938; x_wconf 78' lang='lat' dir='ltr'><strong><em>respuam.</em></strong></span> <span class='ocrx_word' id='word_1_402' title='bbox 1712 2899 1784 2910; x_wconf 89' lang='lat'><strong>—</strong></span> <span class='ocrx_word' id='word_1_403' title='bbox 1814 2874 1880 2923; x_wconf 83' lang='lat'><strong><em>13</em></strong></span> <span class='ocrx_word' id='word_1_404' title='bbox 1903 2875 2105 2937; x_wconf 77' lang='lat' dir='ltr'><strong><em>potest</em></strong></span> <span class='ocrx_word' id='word_1_405' title='bbox 2130 2885 2238 2924; x_wconf 85' lang='lat' dir='ltr'><strong><em>esse</em></strong></span> <span class='ocrx_word' id='word_1_406' title='bbox 2264 2870 2393 2938; x_wconf 79' lang='lat' dir='ltr'><strong><em>imp.</em></strong></span> 
     </span>
     <span class='ocr_line' id='line_1_39' title="bbox 380 2934 2399 3008; baseline 0.001 -17"><span class='ocrx_word' id='word_1_407' title='bbox 380 2953 410 2991; x_wconf 95' lang='lat' dir='ltr'><strong><em>e</em></strong></span> <span class='ocrx_word' id='word_1_408' title='bbox 445 2935 576 2990; x_wconf 88' lang='lat' dir='ltr'><strong><em>Iacl.</em></strong></span> <span class='ocrx_word' id='word_1_409' title='bbox 608 2934 868 2991; x_wconf 88' lang='lat' dir='ltr'><strong><em>Wesenb.</em></strong></span> <span class='ocrx_word' id='word_1_410' title='bbox 932 2937 1025 2991; x_wconf 91' lang='lat' dir='ltr'><strong><em>Ad</em></strong></span> <span class='ocrx_word' id='word_1_411' title='bbox 1041 2943 1327 3007; x_wconf 80' lang='lat' dir='ltr'><strong>p.117.1‘1,</strong></span> <span class='ocrx_word' id='word_1_412' title='bbox 1366 2943 1584 2993; x_wconf 82' lang='grc'>457.83.</span> <span class='ocrx_word' id='word_1_413' title='bbox 1618 2969 1683 2981; x_wconf 86' lang='lat'>-</span> <span class='ocrx_word' id='word_1_414' title='bbox 1713 2944 1781 2993; x_wconf 81' lang='grc'>14</span> <span class='ocrx_word' id='word_1_415' title='bbox 1816 2940 2189 3008; x_wconf 75' lang='lat' dir='ltr'><strong><em>iudicabisque</em></strong></span> <span class='ocrx_word' id='word_1_416' title='bbox 2224 2939 2399 2994; x_wconf 76' lang='lat' dir='ltr'><strong><em>Bruti</em></strong></span> 
     </span>
     <span class='ocr_line' id='line_1_40' title="bbox 379 3006 2398 3078; baseline 0.002 -18"><span class='ocrx_word' id='word_1_417' title='bbox 379 3006 783 3075; x_wconf 88' lang='lat' dir='ltr'><strong><em>Wesenbergio</em></strong></span> <span class='ocrx_word' id='word_1_418' title='bbox 835 3011 1062 3062; x_wconf 83' lang='lat' dir='ltr'><strong><em>auctore</em></strong></span> <span class='ocrx_word' id='word_1_419' title='bbox 1115 3008 1274 3063; x_wconf 89' lang='lat' dir='ltr'><strong><em>Boot.</em></strong></span> <span class='ocrx_word' id='word_1_420' title='bbox 1351 3006 1431 3062; x_wconf 87' lang='lat' dir='ltr'><strong>Cf.</strong></span> <span class='ocrx_word' id='word_1_421' title='bbox 1460 3027 1512 3078; x_wconf 90' lang='lat' dir='ltr'><strong><em>p.</em></strong></span> <span class='ocrx_word' id='word_1_422' title='bbox 1543 3015 1664 3063; x_wconf 84' lang='grc'>426.</span> <span class='ocrx_word' id='word_1_423' title='bbox 1695 3015 1779 3064; x_wconf 84' lang='grc'><strong><em>81.</em></strong></span> <span class='ocrx_word' id='word_1_424' title='bbox 1850 3040 1920 3051; x_wconf 90' lang='lat'><strong><em>—-</em></strong></span> <span class='ocrx_word' id='word_1_425' title='bbox 1991 3015 2058 3062; x_wconf 87' lang='grc'>32</span> <span class='ocrx_word' id='word_1_426' title='bbox 2113 3011 2398 3064; x_wconf 78' lang='lat' dir='ltr'><strong><em>Asturam</em></strong></span> 
     </span>
     <span class='ocr_line' id='line_1_41' title="bbox 377 3076 2396 3148; baseline 0.002 -18"><span class='ocrx_word' id='word_1_427' title='bbox 377 3076 626 3131; x_wconf 88' lang='lat' dir='ltr'><strong><em>Wesenb</em></strong></span> <span class='ocrx_word' id='word_1_428' title='bbox 646 3120 660 3144; x_wconf 91' lang='lat'><strong><em>,</em></strong></span> <span class='ocrx_word' id='word_1_429' title='bbox 678 3078 837 3145; x_wconf 87' lang='lat' dir='ltr'><strong><em>Boot,</em></strong></span> <span class='ocrx_word' id='word_1_430' title='bbox 857 3077 1091 3147; x_wconf 77' lang='lat' dir='ltr'><strong><em>Tyrrell.</em></strong></span> <span class='ocrx_word' id='word_1_431' title='bbox 1108 3109 1178 3119; x_wconf 91' lang='lat'>—</span> <span class='ocrx_word' id='word_1_432' title='bbox 1196 3079 1275 3133; x_wconf 86' lang='lat' dir='ltr'><strong><em>Ib.</em></strong></span> <span class='ocrx_word' id='word_1_433' title='bbox 1296 3081 1348 3134; x_wconf 81' lang='lat' dir='ltr'><strong><em>si</em></strong></span> <span class='ocrx_word' id='word_1_434' title='bbox 1406 3082 1496 3133; x_wconf 91' lang='lat' dir='ltr'><strong><em>ost</em></strong></span> <span class='ocrx_word' id='word_1_435' title='bbox 1512 3079 1714 3135; x_wconf 75' lang='lat' dir='ltr'><strong><em>Caesar</em></strong></span> <span class='ocrx_word' id='word_1_436' title='bbox 1732 3079 2164 3148; x_wconf 79' lang='lat' dir='ltr'><strong><em>colloc.&#39;1&#39;yrrell</em></strong></span> <span class='ocrx_word' id='word_1_437' title='bbox 2181 3080 2340 3134; x_wconf 83' lang='lat' dir='ltr'><strong><em>tacit.</em></strong></span> <span class='ocrx_word' id='word_1_438' title='bbox 2380 3084 2396 3140; x_wconf 78' lang='lat'><strong><em>1¹</em></strong></span> 
     </span>
    </p>

    <p class='ocr_par' dir='ltr' id='par_1_7' title="bbox 377 3146 2403 3574">
     <span class='ocr_line' id='line_1_42' title="bbox 449 3146 2398 3220; baseline 0.002 -19"><span class='ocrx_word' id='word_1_439' title='bbox 449 3147 521 3202; x_wconf 81' lang='grc' dir='ltr'>Ρ.</span> <span class='ocrx_word' id='word_1_440' title='bbox 542 3146 679 3203; x_wconf 81' lang='grc'>424.</span> <span class='ocrx_word' id='word_1_441' title='bbox 700 3155 731 3202; x_wconf 93' lang='grc'>2</span> <span class='ocrx_word' id='word_1_442' title='bbox 760 3167 808 3202; x_wconf 88' lang='lat' dir='ltr'><strong>v.</strong></span> <span class='ocrx_word' id='word_1_443' title='bbox 841 3148 1096 3203; x_wconf 85' lang='lat' dir='ltr'><strong><em>Schmidt</em></strong></span> <span class='ocrx_word' id='word_1_444' title='bbox 1112 3167 1166 3218; x_wconf 91' lang='lat' dir='ltr'><strong>p.</strong></span> <span class='ocrx_word' id='word_1_445' title='bbox 1182 3155 1301 3216; x_wconf 89' lang='grc'>522,</span> <span class='ocrx_word' id='word_1_446' title='bbox 1386 3149 1559 3217; x_wconf 79' lang='lat' dir='ltr'><strong><em>yrrell</em></strong></span> <span class='ocrx_word' id='word_1_447' title='bbox 1577 3156 1799 3220; x_wconf 80' lang='lat' dir='ltr'><strong><em>ep.669,</em></strong></span> <span class='ocrx_word' id='word_1_448' title='bbox 1827 3152 2089 3206; x_wconf 69' lang='lat' dir='ltr'><strong><em>misenen</em></strong></span> <span class='ocrx_word' id='word_1_449' title='bbox 2109 3151 2269 3205; x_wconf 84' lang='lat' dir='ltr'><strong><em>XIV</em></strong></span> <span class='ocrx_word' id='word_1_450' title='bbox 2278 3152 2398 3212; x_wconf 70' lang='lat' dir='ltr'><strong><em>und</em></strong></span> 
     </span>
     <span class='ocr_line' id='line_1_43' title="bbox 379 3219 2397 3304; baseline 0.001 -31"><span class='ocrx_word' id='word_1_451' title='bbox 379 3219 484 3273; x_wconf 84' lang='lat' dir='ltr'><strong><em>XI</em></strong></span> <span class='ocrx_word' id='word_1_452' title='bbox 512 3219 645 3273; x_wconf 88' lang='lat' dir='ltr'><strong><em>Kal.</em></strong></span> <span class='ocrx_word' id='word_1_453' title='bbox 675 3219 820 3275; x_wconf 77' lang='lat' dir='ltr'><strong><em>Seaet.</em></strong></span> <span class='ocrx_word' id='word_1_454' title='bbox 852 3219 1088 3274; x_wconf 85' lang='lat' dir='ltr'><strong><em>Schiche</em></strong></span> <span class='ocrx_word' id='word_1_455' title='bbox 1125 3219 1310 3274; x_wconf 86' lang='lat' dir='ltr'><strong><em>Herm.</em></strong></span> <span class='ocrx_word' id='word_1_456' title='bbox 1333 3220 1514 3274; x_wconf 87' lang='lat' dir='ltr'>XVIII</span> <span class='ocrx_word' id='word_1_457' title='bbox 1539 3238 1595 3304; x_wconf 86' lang='lat' dir='ltr'><strong>p.</strong></span> <span class='ocrx_word' id='word_1_458' title='bbox 1617 3227 1737 3287; x_wconf 90' lang='grc'>615,</span> <span class='ocrx_word' id='word_1_459' title='bbox 1774 3239 1950 3277; x_wconf 73' lang='lat' dir='ltr'><strong><em>mense</em></strong></span> <span class='ocrx_word' id='word_1_460' title='bbox 1980 3221 2165 3291; x_wconf 76' lang='lat' dir='ltr'><strong><em>Quint.</em></strong></span> <span class='ocrx_word' id='word_1_461' title='bbox 2185 3221 2397 3289; x_wconf 87' lang='lat' dir='ltr'><strong><em>Baiter,</em></strong></span> 
     </span>
     <span class='ocr_line' id='line_1_44' title="bbox 380 3288 2398 3360; baseline 0.002 -17"><span class='ocrx_word' id='word_1_462' title='bbox 380 3288 640 3344; x_wconf 89' lang='lat' dir='ltr'><strong><em>Wesenb.</em></strong></span> <span class='ocrx_word' id='word_1_463' title='bbox 680 3322 750 3331; x_wconf 90' lang='lat'>—</span> <span class='ocrx_word' id='word_1_464' title='bbox 789 3295 856 3344; x_wconf 88' lang='grc'>15</span> <span class='ocrx_word' id='word_1_465' title='bbox 895 3291 1189 3353; x_wconf 75' lang='grc' dir='ltr'><strong><em>Παλλάδος</em></strong></span> <span class='ocrx_word' id='word_1_466' title='bbox 1226 3289 1418 3358; x_wconf 87' lang='lat' dir='ltr'><strong><em>Orelli,</em></strong></span> <span class='ocrx_word' id='word_1_467' title='bbox 1455 3291 1665 3357; x_wconf 81' lang='lat' dir='ltr'><strong><em>Baiter,</em></strong></span> <span class='ocrx_word' id='word_1_468' title='bbox 1703 3310 1828 3345; x_wconf 91' lang='lat' dir='ltr'><strong><em>cum</em></strong></span> <span class='ocrx_word' id='word_1_469' title='bbox 1867 3308 2027 3346; x_wconf 87' lang='lat' dir='ltr'><strong><em>cruce</em></strong></span> <span class='ocrx_word' id='word_1_470' title='bbox 2063 3292 2234 3359; x_wconf 95' lang='lat' dir='ltr'><strong><em>Boot,</em></strong></span> <span class='ocrx_word' id='word_1_471' title='bbox 2269 3294 2398 3360; x_wconf 80' lang='grc' dir='ltr'><em>περὶ</em></span> 
     </span>
     <span class='ocr_line' id='line_1_45' title="bbox 380 3359 2398 3430; baseline 0 -15"><span class='ocrx_word' id='word_1_472' title='bbox 380 3359 673 3423; x_wconf 76' lang='grc' dir='ltr'><em>Παλλάδος</em></span> <span class='ocrx_word' id='word_1_473' title='bbox 711 3360 780 3416; x_wconf 91' lang='lat' dir='ltr'><strong><em>de</em></strong></span> <span class='ocrx_word' id='word_1_474' title='bbox 820 3359 995 3416; x_wconf 83' lang='lat' dir='ltr'><strong><em>Orelli</em></strong></span> <span class='ocrx_word' id='word_1_475' title='bbox 1033 3362 1173 3417; x_wconf 88' lang='lat' dir='ltr'><strong><em>coni.</em></strong></span> <span class='ocrx_word' id='word_1_476' title='bbox 1204 3360 1488 3427; x_wconf 91' lang='lat' dir='ltr'><strong><em>Wesenb.,</em></strong></span> <span class='ocrx_word' id='word_1_477' title='bbox 1519 3359 1927 3430; x_wconf 78' lang='grc' dir='ltr'><strong><em>Ἀπολλοδώρου</em></strong></span> <span class='ocrx_word' id='word_1_478' title='bbox 1954 3363 2145 3417; x_wconf 90' lang='lat' dir='ltr'><strong><em>Hirzel</em></strong></span> <span class='ocrx_word' id='word_1_479' title='bbox 2176 3363 2398 3417; x_wconf 78' lang='lat' dir='ltr'><strong><em>‘Unter-</em></strong></span> 
     </span>
     <span class='ocr_line' id='line_1_46' title="bbox 379 3431 2396 3503; baseline 0.002 -18"><span class='ocrx_word' id='word_1_480' title='bbox 379 3431 706 3501; x_wconf 86' lang='lat' dir='ltr'><strong><em>suchungen</em></strong></span> <span class='ocrx_word' id='word_1_481' title='bbox 734 3449 802 3485; x_wconf 88' lang='lat' dir='ltr'><strong><em>zu</em></strong></span> <span class='ocrx_word' id='word_1_482' title='bbox 831 3431 941 3486; x_wconf 86' lang='lat' dir='ltr'><strong><em>Cic.</em></strong></span> <span class='ocrx_word' id='word_1_483' title='bbox 960 3431 1163 3501; x_wconf 90' lang='lat' dir='ltr'><strong><em>philos.</em></strong></span> <span class='ocrx_word' id='word_1_484' title='bbox 1185 3432 1489 3487; x_wconf 88' lang='lat' dir='ltr'><strong><em>Schriften&#39;</em></strong></span> <span class='ocrx_word' id='word_1_485' title='bbox 1510 3432 1537 3486; x_wconf 95' lang='lat' dir='ltr'>I</span> <span class='ocrx_word' id='word_1_486' title='bbox 1553 3451 1607 3502; x_wconf 92' lang='lat' dir='ltr'><strong>p.</strong></span> <span class='ocrx_word' id='word_1_487' title='bbox 1629 3438 1751 3501; x_wconf 88' lang='grc'>212,</span> <span class='ocrx_word' id='word_1_488' title='bbox 1778 3434 1919 3503; x_wconf 88' lang='lat' dir='ltr'><strong><em>prob</em></strong></span> <span class='ocrx_word' id='word_1_489' title='bbox 1957 3433 2192 3488; x_wconf 90' lang='lat' dir='ltr'><strong><em>Schiche</em></strong></span> <span class='ocrx_word' id='word_1_490' title='bbox 2208 3431 2396 3489; x_wconf 84' lang='lat' dir='ltr'><strong><em>Herm.</em></strong></span> 
     </span>
     <span class='ocr_line' id='line_1_47' title="bbox 377 3501 2403 3574; baseline 0.002 -18"><span class='ocrx_word' id='word_1_491' title='bbox 377 3501 559 3556; x_wconf 83' lang='lat' dir='ltr'>XVIII</span> <span class='ocrx_word' id='word_1_492' title='bbox 583 3520 638 3573; x_wconf 91' lang='lat' dir='ltr'><strong>p.</strong></span> <span class='ocrx_word' id='word_1_493' title='bbox 662 3507 783 3571; x_wconf 87' lang='grc'>607,</span> <span class='ocrx_word' id='word_1_494' title='bbox 821 3502 1079 3557; x_wconf 88' lang='lat' dir='ltr'><strong><em>Schmidt</em></strong></span> <span class='ocrx_word' id='word_1_495' title='bbox 1108 3502 1241 3557; x_wconf 81' lang='lat' dir='ltr'><strong><em>‘Der</em></strong></span> <span class='ocrx_word' id='word_1_496' title='bbox 1265 3502 1683 3557; x_wconf 84' lang='lat' dir='ltr'><strong><em>Briefwechsel’</em></strong></span> <span class='ocrx_word' id='word_1_497' title='bbox 1713 3522 1768 3574; x_wconf 90' lang='lat' dir='ltr'><strong>p.</strong></span> <span class='ocrx_word' id='word_1_498' title='bbox 1791 3510 1912 3572; x_wconf 82' lang='grc'>366,</span> <span class='ocrx_word' id='word_1_499' title='bbox 1947 3502 2158 3567; x_wconf 73' lang='grc' dir='ltr'><strong><em>παντός</em></strong></span> <span class='ocrx_word' id='word_1_500' title='bbox 2185 3502 2403 3561; x_wconf 81' lang='lat' dir='ltr'><strong><em>Gurlitt</em></strong></span> 
     </span>
    </p>
   </div>
   <div class='ocr_carea' id='block_1_5' title="bbox 2636 2727 2641 3748">
    <p class='ocr_par' dir='ltr' id='par_1_8' title="bbox 2636 2727 2641 3748">
     <span class='ocr_line' id='line_1_48' title="bbox 2636 2727 2641 3748; baseline 0 0"><span class='ocrx_word' id='word_1_501' title='bbox 2636 2727 2641 3748; x_wconf 95' lang='lat' dir='ltr'><strong><em> </em></strong></span> 
     </span>
    </p>
   </div>
  </div>
 </body>
</html>
