2642 3923
620 186 1131 242 EPISTULARUM
1168 188 1267 241 AD
1304 187 1630 242 ATTmUM
1667 187 1719 241 11
1755 192 1841 256 24,
1878 192 1962 241 25.
2218 183 2300 248 73

278 328 463 406 Quod
511 329 567 394 si
613 330 1043 417 impetrasset,
1085 329 1323 394 iudicia
1367 331 1504 395 fore
1551 330 1947 395 videbantur.
2020 329 2120 395 Ea
2165 351 2302 414 nos,

279 420 506 501 utpote
553 419 664 502 qui
708 418 878 483 nihil
921 423 1329 483 contemnere
1375 419 1725 483 soleremus
1738 469 1753 497 ‚
1799 440 1926 485 non
1969 424 2301 484 contemne-

279 507 523 591 bamuS,
579 507 689 572 sed
743 510 878 571 n‘on
934 506 1556 590 pertimescebamus,
1648 506 2002 572 Hominum
2046 506 2302 591 quidem

282 616 531 659 summa
584 615 739 680 erga
796 616 916 660 nos
979 595 1191 659 studia
1251 595 1807 680 significabantur3
1868 595 1979 659 sed
2036 616 2301 678 prorsus

227 710 252 749 5
280 683 450 747 vitae
496 683 734 767 taedet3
788 684 883 747 ita
928 687 1080 748 sunt
1127 684 1343 748 omnia
1388 685 1673 748 omnium
1728 684 2130 747 miseriarum
2174 682 2303 766 ple·
2381 764 2384 767 Ι

279 772 562 836 nissima.
654 771 849 835 Modo
896 772 1149 836 caedem
1206 772 1626 836 timueramus
1680 772 1728 856 †
1756 794 1878 856 que
1924 772 2132 837 oratio
2179 771 2303 836 for-

282 860 519 924 tissimi
567 860 756 945 senis,
801 858 871 936 Q.
911 857 1195 945 Considi,
1240 861 1626 925 discusserat
1662 882 1735 925 ea
1770 860 2035 943 inquam
2073 858 2305 924 cotidie

282 948 506 1013 timere
551 952 992 1033 potueramus,
1046 912 1262 1013 subito
1310 953 1534 1012 exorta
1588 953 1703 1013 est.
1794 947 1960 1025 Quid
2006 947 2303 1032 quaeris?

281 1036 446 1100 nihil
509 1058 612 1101 me
673 1037 1147 1120 infortunatius,
1218 1037 1382 1101 nihil
1454 1037 1846 1101 fortunatius
1908 1041 2006 1100 est
2071 1035 2302 1101 Catulo

205 1152 258 1190 10
285 1146 430 1190 cum
476 1124 812 1209 splendore
857 1125 1027 1189 vitae
1070 1129 1212 1189 tum
1257 1125 1489 1189 mortis
1525 1129 1830 1209 tempore.
1904 1122 2043 1189 Nos
2090 1129 2307 1189 tamen

283 1212 356 1277 in
410 1212 516 1277 his
579 1213 855 1278 miseriis
920 1217 1129 1277 erecto
1194 1213 1408 1277 animo
1473 1217 1539 1277 et
1600 1214 1863 1277 minime
1926 1213 2304 1297 perturbato

287 1311 508 1367 sumus
567 1300 1144 1385 honestissimeque
1202 1305 1268 1367 et
1327 1301 1708 1387 dignitatem
1764 1307 1823 1367 et
1883 1303 2306 1367 wuctom’tatem

284 1393 578 1454 nostram
622 1410 855 1475 magna
901 1411 1053 1454 cura
1096 1393 1369 1454 tuemur.

419 1476 762 1562 Pompeius
819 1478 894 1542 de
940 1475 1166 1542 Clodio
1225 1478 1408 1542 iubet
1462 1499 1583 1542 nos
1644 1499 1781 1543 esse
1837 1478 1973 1543 sine
2033 1499 2184 1543 cura
2242 1481 2306 1542 et
2345 1495 2375 1541 5

209 1592 259 1632 ιε
290 1587 607 1631 summam
662 1566 734 1630 in
788 1587 909 1631 nos
969 1566 1479 1631 benevolentiam
1540 1567 1715 1630 omni
1771 1567 2059 1631 oratione
2114 1566 2307 1651 signi-
2411 1647 2430 1655 ·

286 1655 453 1720 ficat.
544 1654 635 1718 Te
679 1654 914 1719 habere
955 1655 1373 1719 consiliorum
1418 1659 1760 1739 auctorem,
1806 1654 2308 1719 sollicitudinum

290 1743 554 1828 socium,
599 1743 776 1807 omni
821 1743 891 1806 in
925 1743 1317 1828 cogitatione
1354 1743 1766 1808 coniunctum
1801 1743 2006 1825 cupio,
2082 1741 2310 1828 Quare,

287 1834 364 1896 ut
391 1828 732 1895 Numestio
780 1831 1095 1916 mandavi,
1139 1835 1352 1897 tecum
1396 1835 1471 1894 ut
1509 1835 1744 1916 ageret,
1788 1831 1944 1895 item
1986 1834 2179 1914 atque
2216 1852 2309 1910 eo,

291 1920 349 1984 si
412 1923 657 2006 potest,
721 1920 956 2005 acrius,
1009 1923 1074 1983 te
1129 1940 1288 2006 rogo
1299 1973 1318 2007 ,
1381 1923 1455 1984 ut
1509 1919 1698 2003 plane
1744 1918 1825 1983 ad
1868 1939 1987 1983 nos
2035 1918 2308 1985 advoles.

208 2035 263 2074 πο
289 2007 658 2094 RespirarO,
705 2009 761 2072 si
805 2012 871 2072 te
917 2008 1151 2072 videro.

1204 2184 1405 2250 XXV.

691 2304 805 2362 Ser.
844 2305 1051 2361 Romae
1087 2313 1213 2361 wnte
1250 2306 1324 2360 K.
1363 2306 1503 2362 Nov.
1544 2324 1594 2362 a.
1636 2310 1747 2362 695
1784 2309 1922 2375 (59).

931 2427 1188 2483 CICERO
1226 2429 1487 2485 ATTICO
1527 2430 1674 2484 SAL.

427 2534 590 2603 Cum
638 2536 917 2621 aliquem
963 2538 1131 2621 apud
1175 2541 1240 2601 te
1284 2537 1548 2602 laudaro
1585 2542 1847 2602 tuorum
1882 2538 2316 2623 familiarium,
2354 2556 2377 2601 1

212 2652 265 2692 25
294 2625 508 2690 volam
568 2625 754 2689 illum
809 2626 970 2689 scire
1025 2647 1101 2690 ex
1156 2630 1221 2690 te
1265 2648 1370 2690 me
1422 2626 1491 2691 id
1533 2626 1786 2711 fecisse,
1839 2631 1914 2690 ut
1966 2647 2171 2709 nuper
2213 2646 2316 2689 me

295 2713 421 2778 scis
477 2713 809 2797 scripsisse
864 2712 942 2777 ad
995 2717 1062 2778 te
1116 2713 1192 2778 de
1236 2713 1550 2780 Varronis
1608 2736 1760 2799 erga
1806 2735 1908 2777 me
1955 2713 2197 2800 officio,
2250 2717 2316 2777 te

295 2800 377 2867 ad
435 2823 539 2867 me
601 2802 1004 2885 rescripsisse
1068 2823 1208 2866 eam
1270 2824 1408 2867 rem
1468 2824 1755 2867 summae
1817 2801 1941 2866 tibi
1996 2801 2315 2885 voluptati

232 2947 239 2955 .
296 2911 450 2955 esse.
544 2887 670 2955 Sed
715 2910 834 2975 ego
879 2890 1135 2954 mallem
1173 2890 1255 2954 ad
1298 2892 1484 2955 illum
1530 2890 1897 2974 scripsisses
1934 2888 2094 2954 mihi
2131 2889 2316 2954 illum

297 2979 457 3042 satis
502 2979 735 3064 facere,
787 2999 922 3042 non
967 3000 1093 3061 quo
1139 2979 1404 3065 faceret,
1460 2978 1570 3043 sed
1614 2983 1688 3043 ut
1740 2979 2001 3064 faceret3
2061 2978 2316 3042 mirabi-

214 3093 269 3132 30
294 3067 446 3131 liter
473 3067 643 3131 enim
670 3069 957 3130 moratus
989 3071 1106 3152 est,
1139 3067 1305 3131 sicut
1333 3067 1529 3152 nosti,
1558 3066 1803 3132 εἑλικτοὶ
1829 3065 1939 3132 καὶ
1968 3065 2171 3132 οὐδέν
2190 3066 2301 3113 —-'

296 3152 423 3219 Sed
463 3176 584 3219 nos
629 3158 920 3219 tenemus
967 3160 1378 3239 praeceptum
1432 3155 1592 3218 illud
1639 3156 1776 3231 ‘vde
1821 3167 1955 3221 τῶν
1999 3154 2318 3240 κρατούν-

296 3267 432 3309 των
459 3282 517 3289 --
535 3243 571 3308 '.
618 3241 709 3307 At
734 3241 991 3307 hercule
1011 3242 1174 3307 alter
1202 3248 1355 3308 tuus
1382 3244 1739 3329 familiaris,
1764 3242 2099 3330 Hortalus,
2127 3264 2317 3327 quam

295 3331 485 3415 plena
528 3353 741 3417 manu,
789 3352 981 3415 quam
1026 3331 1325 3417 ingenue,
1377 3354 1569 3416 quam
1617 3336 1841 3397 ornate
1884 3335 2142 3396 nostras
2187 3330 2319 3394 lau-

297 3419 406 3484 des
450 3419 523 3484 in
566 3423 740 3484 astra
784 3419 1068 3506 sustulit,
1113 3441 1258 3484 eum
1295 3419 1373 3486 de
1408 3419 1619 3485 Flacci
1656 3423 1956 3504 praetura
1993 3422 2056 3484 et
2094 3418 2170 3482 de
2205 3417 2319 3481 illo

215 3533 269 3573 35
296 3512 584 3592 tempore
621 3507 1051 3592 Allobrogum
1104 3508 1367 3574 diceret!
1459 3506 1566 3574 Sic
1617 3508 1885 3591 habeto,
1939 3527 2056 3571 nec
2112 3526 2320 3569 aman·
