2642 3923
385 204 512 267 192
1014 204 1090 258 Μ.
1128 203 1343 258 TULLI
1379 202 1753 260 CICERONIS

380 346 558 431 illud,
600 346 673 410 in
716 367 844 430 quo
888 350 955 411 te
999 344 1387 411 Dicaearcho
1433 346 1740 411 adsentiri
1784 367 2008 432 negas,
2055 347 2180 412 etsi
2224 348 2393 430 cupi—

379 434 660 499 dissume
705 435 1057 517 expetitum
1109 457 1146 498 a
1195 438 1363 499 mest
1419 437 1483 499 et
1541 438 1607 498 te
1664 435 2081 520 approbante,
2123 456 2204 499 ne
2260 435 2393 498 diu-

383 523 513 586 tius
559 544 728 587 anno
771 523 842 586 in
886 523 1215 606 provincia
1261 544 1491 607 essem,
1547 527 1764 587 tamen
1822 544 1956 587 non
2015 526 2113 586 est
2170 529 2393 587 nostra

382 611 788 675 contentione
851 611 1219 694 perfectum.
1330 609 1436 675 Sic
1498 611 1669 675 enim
1743 612 1903 676 scito
1915 662 1934 696 ,
1993 611 2260 675 verbum
2324 612 2394 675 in

383 703 606 763 senatu
660 700 901 763 factum
962 720 1100 764 esse
1151 720 1502 783 numquam
1561 699 1638 763 de
1699 699 1833 764 ullo
1895 704 2217 785 nostrum,
2281 700 2391 783 qui
2446 726 2469 765 5

380 787 741 870 provincias
810 788 1234 871 obtinuimuS,
1304 809 1431 871 quo
1492 787 1558 850 in
1618 788 1699 851 iis
1757 787 2001 851 diutius
2063 810 2254 872 quam
2315 810 2393 852 ex

382 879 640 939 senatus
686 876 979 941 consulto
1025 898 1446 962 maneremus,
1490 879 1565 939 ut
1610 876 1738 939 iam
1782 898 1863 940 ne
1907 876 2097 940 istius
2137 876 2391 960 quidem

380 963 474 1027 rei
520 964 772 1047 culpam
819 965 1190 1049 sustineam,
1237 963 1408 1048 quod
1453 963 1666 1029 minus
1704 964 1815 1028 diu
1858 964 2088 1028 fuerim
2137 964 2206 1027 in
2250 985 2392 1046 pro-

379 1051 613 1135 vincia,
669 1074 861 1135 quam
914 1052 1188 1116 fortasse
1231 1052 1426 1116 fuerit
1480 1052 1656 1117 utile.
1750 1051 1875 1116 Sed
1920 1053 2106 1135 ‘quid
2162 1052 2217 1116 si
2270 1051 2392 1117 hoc

378 1139 674 1204 melius‘P'
722 1144 1035 1224 oportune
1082 1140 1206 1205 dici
1249 1139 1502 1205 videtur
1547 1141 1649 1204 vel
1703 1142 1773 1203 in
1817 1139 1940 1204 hoc
1992 1140 2151 1224 ipso.
2244 1137 2390 1204 Sive
2419 1167 2470 1207 10

380 1228 549 1292 enim
596 1228 676 1292 ad
720 1229 1121 1293 concordiam
1167 1250 1267 1293 res
1323 1228 1548 1329 adduci
1602 1232 1818 1312 potest
1873 1229 2007 1293 sive
2061 1228 2140 1292 ad
2194 1229 2390 1294 bono-

378 1337 522 1380 rum
568 1316 931 1402 victoriam,
982 1317 1292 1380 utriusvis
1346 1315 1440 1380 rei
1494 1338 1596 1380 me
1642 1320 1754 1380 aut
1801 1316 2154 1382 adiutorem
2200 1317 2390 1381 velim

379 1425 518 1468 esse
563 1407 675 1468 aut
721 1409 890 1469 certe
935 1425 1067 1469 non
1112 1409 1465 1489 expertem3
1511 1406 1614 1468 sin
1648 1405 1991 1469 vincuntur
2035 1405 2205 1489 boni,
2250 1405 2389 1469 ubi—

380 1514 651 1576 cumque
697 1514 918 1577 essem,
963 1514 1091 1556 una
1137 1514 1280 1556 cum
1327 1493 1407 1557 iis
1445 1492 1651 1557 victus
1690 1514 1909 1557 essem.
1984 1491 2191 1568 Quare
2236 1493 2390 1557 cele—

379 1580 538 1644 ritas
582 1582 789 1645 nostri
844 1581 1084 1646 reditus
1132 1580 1609 1665 ἀμεταμέλητος
1663 1581 1849 1645 debet
1905 1602 2055 1645 esse.
2147 1580 2388 1657 Quodsi
2416 1609 2469 1648 15

379 1672 505 1733 ista
560 1669 750 1734 nobis
810 1669 1118 1753 cogitatio
1179 1669 1255 1733 (16
1324 1669 1652 1753 triumpho
1720 1670 1954 1734 iniecta
2011 1690 2145 1733 non
2201 1674 2387 1753 esset,

379 1778 572 1841 quam
616 1760 691 1821 tu
737 1778 992 1841 quoque
1036 1756 1371 1843 adprobas,
1411 1778 1494 1822 ne
1538 1764 1613 1822 tu
1656 1756 1827 1822 haud
1871 1758 2147 1821 multum
2182 1758 2389 1841 requi-

379 1867 550 1911 reres
598 1845 781 1909 illum
827 1845 1065 1930 virum,
1119 1846 1230 1930 qui
1283 1846 1354 1909 in
1399 1850 1580 1910 sexto
1625 1845 1793 1910 libro
1840 1845 2225 1910 informatus
2271 1850 2386 1911 est.

380 1932 546 2010 Quid
610 1934 778 1999 enim
841 1934 966 1999 tibi
1029 1935 1284 2029 faciam,
1364 1934 1474 2018 qui
1545 1933 1694 1999 illos
1756 1934 1958 1999 libros
2025 1934 2385 1999 devorasti?

370 2023 549 2098 Quin
600 2043 771 2087 nunc
824 2023 1037 2107 ipsum
1089 2044 1223 2087 11611
1276 2022 1583 2087 dubitabo
1637 2045 1774 2087 rem
1828 2025 2076 2087 tantam
2122 2022 2387 2109 abicere,
2416 2050 2470 2089 20

381 2111 436 2174 si
494 2110 558 2175 id
622 2111 744 2175 erit
816 2111 1070 2175 rectius.
1168 2108 1534 2194 Utrumque
1595 2133 1745 2175 vero
1819 2112 2013 2175 simul
2083 2112 2190 2197 agi
2253 2132 2387 2176 non

379 2202 621 2283 potest,
684 2202 748 2262 et
810 2198 886 2264 de
950 2198 1279 2281 triumpho
1344 2199 1684 2264 ambitiose
1749 2203 1813 2263 et
1875 2199 1951 2264 (16
2009 2220 2079 2262 re
2131 2199 2387 2283 publica

378 2287 594 2351 libere.
686 2285 810 2351 Sed
869 2309 950 2351 ne
1008 2286 1352 2370 dubitariS,
1416 2287 1600 2371 quin,
1664 2288 1834 2371 quod
1896 2287 2259 2371 honestius,
2321 2288 2388 2352 id

378 2376 538 2439 mihi
582 2374 873 2439 futurum
920 2375 1006 2439 sit
1052 2375 1395 2459 antiquius
1485 2372 1675 2461 Nam,
1720 2375 1891 2459 quod
1935 2380 2124 2459 putas
2159 2376 2385 2440 utilius

380 2485 537 2551 esse,
580 2464 681 2527 vel
725 2463 886 2527 mihi
933 2464 1104 2547 quod
1147 2463 1354 2528 tutius
1403 2464 1507 2548 sit,
1551 2464 1656 2528 vel
1700 2465 1892 2527 etiam
1929 2466 2004 2527 ut
2041 2463 2135 2529 rei
2181 2464 2387 2547 publi·
2416 2492 2469 2530 25

379 2572 489 2616 cae
532 2552 832 2636 prodesse
877 2552 1148 2637 possim,
1192 2572 1296 2616 me
1343 2572 1480 2616 esse
1524 2572 1668 2615 cum
1714 2552 2011 2653 imperio,
2063 2551 2129 2615 id
2172 2573 2386 2617 coram

379 2639 919 2705 considerabimus
974 2640 1163 2723 quale
1216 2640 1317 2704 sit
1409 2638 1624 2704 Habet
1686 2640 1857 2705 enim
1921 2661 2022 2705 res
2085 2639 2386 2705 delibera-

380 2729 650 2810 tionem3
699 2728 823 2792 etsi
858 2749 935 2792 ex
971 2732 1154 2812 parte
1181 2749 1416 2812 magna
1460 2727 1583 2792 tibi
1629 2727 1967 2792 adsentior.
2039 2725 2138 2793 De
2173 2729 2385 2792 animo

381 2816 611 2881 autem
649 2837 791 2881 meo
846 2837 1000 2902 erga
1052 2838 1188 2881 rem
1240 2816 1563 2899 publicam
1618 2816 1779 2881 bene
1831 2817 1986 2881 facis
2043 2817 2212 2900 quod
2255 2837 2388 2880 non

380 2905 664 2988 dubitas,
717 2908 782 2968 et
827 2904 987 2968 illud
1031 2904 1232 2988 probe
1285 2904 1554 2989 iudicas,
1606 2926 2009 2988 nequaquam
2063 2905 2222 2968 satis
2267 2926 2385 2988 pro
2416 2932 2471 2970 30

378 2993 537 3057 meis
585 2992 833 3079 officiiS,
876 3013 994 3076 pro
1039 2992 1245 3076 ipsius
1291 2993 1361 3056 in
1401 2993 1562 3058 alios
1608 2992 1915 3058 effusione
1951 2993 2136 3056 illum
2182 2993 2251 3056 in
2285 3015 2387 3057 me

379 3081 707 3145 liberalem
752 3080 978 3164 fuisse,
1034 3082 1298 3165 eiusque
1343 3081 1436 3145 rei
1480 3102 1736 3145 causam
1783 3103 1927 3145 vere
1974 3081 2249 3164 explicas
2258 3132 2276 3166 ,
2324 3086 2389 3145 et

379 3171 491 3254 eis,
538 3190 698 3252 quae
744 3168 818 3232 de
864 3167 1066 3234 Fabio
1104 3167 1500 3254 Caninioque
1546 3173 1687 3233 acta
1725 3168 1972 3254 66111116,
2016 3168 2197 3233 valde
2245 3191 2389 3233 con-

382 3256 682 3321 sentiunt
775 3254 949 3332 Quae
994 3256 1052 3321 si
1107 3277 1287 3322 secus
1341 3261 1584 3342 essent,
1641 3261 1980 3340 totumque
2041 3279 2110 3321 66
2167 3257 2276 3321 1116
2321 3258 2391 3321 111
2488 3278 2493 3283 ·
2611 3320 2612 3329 ,

378 3365 482 3407 1116
526 3344 934 3428 profudisset,
979 3348 1193 3408 tamen
1240 3345 1370 3429 illa,
1416 3367 1607 3428 quam
1653 3345 1900 3429 scribis,
1943 3350 2159 3410 custos
2207 3345 2389 3410 urbis
2420 3373 2476 3412 35

378 3451 481 3495 me
524 3431 881 3512 praeclarae
925 3432 1364 3515 inscriptionis
1410 3454 1758 3498 memorem
1803 3454 1941 3497 esse
1976 3437 2231 3519 cogeret
2275 3455 2394 3498 nec

379 3515 539 3579 mihi
584 3517 976 3602 concederet,
1030 3523 1104 3582 ut
1157 3519 1444 3585 imitarer
1488 3520 1860 3586 Volcacium
1914 3525 2025 3586 aut
2080 3519 2396 3605 Servium,
