2642 3923
327 217 413 280 94
971 216 1043 270 Μ.
1083 215 1297 271 TULLI
1335 213 1709 270 CICERONIS

324 380 458 424 non
500 358 892 443 impedisset,
939 381 1067 442 quo
1099 360 1346 444 *minuS,
1392 364 1465 423 ut
1509 357 1860 444 consuesti,
1903 358 1983 421 ad
2029 379 2148 442 me,
2194 357 2349 441 quid

327 452 644 533 ageretur,
687 452 753 511 et
790 447 944 530 quid
989 446 1414 532 intellegeres,
1460 447 1902 530 perscriberes.
1993 445 2099 510 Me
2143 445 2348 510 adhuc

324 535 624 601 Plancius
669 535 1059 600 liberalitate
1105 558 1221 601 sua
1266 536 1500 600 retinet
1554 534 1683 599 iam
1730 534 2118 619 aliquotiens
2166 554 2348 597 cona-

326 629 467 689 tum
513 623 607 688 ire
642 624 711 688 in
738 624 1027 708 Epirum.
1086 621 1243 707 Spes
1280 622 1530 688 homini
1568 627 1666 687 est
1703 623 1936 687 iniecta
1970 644 2101 687 non
2131 622 2349 686 eadem

328 734 492 797 quae
517 711 679 777 mihi
707 734 896 796 posse
921 733 1042 777 nos
1070 735 1198 776 una
1225 712 1546 796 decedere3
1575 733 1767 796 quam
1795 732 1930 775 rem
1960 711 2085 775 sibi
2112 732 2346 794 magno
2400 737 2428 776 5

324 801 557 866 honori
605 804 820 885 sperat
864 802 1017 866 fore.
1110 798 1234 865 Sed
1293 801 1424 864 iam
1434 854 1450 886 ,
1508 822 1651 864 cum
1711 800 2051 864 adventare
2107 799 2346 863 milites

326 888 636 975 dicentur,
681 889 1041 953 faciendum
1083 889 1275 953 nobis
1333 890 1482 973 erit,
1540 894 1613 952 ut
1647 889 1752 954 ,ab
1812 909 1887 952 eo
1934 888 2346 951 discedamus.

330 976 514 1053 Quod
561 999 706 1042 cum
750 977 1053 1042 faciemus
1063 1029 1081 1063 ,
1130 978 1208 1041 ad
1255 982 1321 1042 te
1368 977 1589 1040 statim
1634 977 1965 1040 mittemus
1976 1029 1994 1061 ,
2044 979 2120 1039 ut
2167 975 2348 1060 sciaS,

258 1085 288 1130 2
328 1065 442 1130 ubi
480 1066 698 1130 simus.
770 1064 1083 1129 Lentulus
1131 1087 1247 1129 suo
1296 1066 1364 1128 in
1408 1087 1527 1129 nos
1574 1065 1804 1148 offici0,
1851 1065 2022 1149 quod
2069 1067 2134 1129 et
2177 1085 2248 1127 re
2284 1067 2348 1129 et

329 1153 668 1239 promissis
718 1157 783 1219 et
827 1155 1064 1218 litteris
1111 1153 1416 1236 declarat,
1472 1175 1651 1237 spem
1694 1152 1883 1217 nobis
1928 1174 2061 1216 non
2103 1152 2347 1216 nullam
2377 1179 2429 1218 10

331 1242 536 1307 adfert
582 1241 849 1326 Pompei
893 1242 1274 1326 voluntatis3
1332 1263 1519 1326 saepe
1573 1242 1743 1306 enim
1797 1246 1871 1305 tu
1918 1241 1998 1305 ad
2052 1262 2154 1304 me
2200 1240 2348 1304 scri-

330 1331 520 1415 psisti
567 1352 712 1394 eum
756 1334 967 1394 totum
1015 1351 1154 1395 esse
1197 1330 1265 1394 in
1310 1330 1486 1394 illius
1533 1333 1867 1413 potestate.
1944 1328 2041 1393 De
2086 1328 2347 1394 Metello

332 1420 590 1502 scripsit
628 1420 710 1483 ad
744 1440 846 1482 me
880 1419 1081 1483 frater
1118 1422 1431 1503 quantum
1477 1423 1761 1502 speraret
1805 1417 2164 1501 profectum
2211 1438 2350 1482 esse

262 1528 292 1574 3
332 1528 445 1592 per
491 1511 570 1572 te.
662 1506 756 1571 Mi
801 1505 1144 1591 Pomponi,
1202 1528 1439 1592 pugna,
1495 1511 1571 1570 ut
1624 1510 1834 1571 tecum
1892 1510 1954 1569 et
1999 1527 2144 1570 cum
2190 1506 2349 1569 meis

333 1595 492 1660 mihi
551 1595 741 1660 liceat
786 1596 999 1660 vivere
1009 1648 1026 1680 ,
1086 1601 1149 1660 et
1210 1596 1416 1659 scribe
1476 1595 1556 1659 ad
1605 1616 1708 1658 me
1767 1594 1996 1658 omnia.
2087 1593 2349 1658 Premor
2379 1621 2429 1660 ιε

334 1684 532 1768 luctu,
576 1683 887 1748 desiderio
935 1706 1081 1748 cum
1127 1683 1415 1748 omnium
1461 1704 1670 1748 rerwm
1715 1689 1843 1748 tum
1887 1704 2191 1761 meorum,
2240 1682 2352 1766 qui

334 1772 495 1836 mihi
540 1793 643 1836 me
688 1773 965 1836 cariores
1013 1769 1260 1855 semper
1296 1772 1570 1836 fuerunt.
1663 1768 1851 1856 Cura,
1897 1775 1969 1834 ut
2014 1771 2242 1835 valeas.

265 1881 297 1926 4
466 1859 610 1945 Ego
661 1860 848 1944 quod,
893 1882 1006 1945 per
1043 1860 1440 1927 Thessaliam
1488 1860 1544 1924 si
1580 1859 1740 1924 irem
1776 1859 1846 1922 in
1881 1859 2153 1942 Epirum
2216 1881 2353 1943 per-

336 1948 447 2014 diu
491 1949 657 2013 nihil
703 1971 875 2015 eram
913 1949 1267 2035 auditurus,
1313 1952 1379 2013 et
1416 1948 1586 2033 quod
1621 1947 1747 2013 mei
1786 1948 2109 2013 studiosos
2144 1913 2351 2013 habeo

334 2036 789 2122 Dyrrachinos,
835 2039 913 2102 ad
953 2060 1060 2103 eos
1087 2037 1360 2121 perrexi,
1397 2059 1541 2102 cum
1580 2037 1693 2102 illa
1730 2037 2060 2120 superiora
2087 2036 2351 2101 Thessa·
2381 2064 2434 2103 20

334 2127 581 2192 lonicae
628 2126 1039 2210 scripsissem.
1129 2126 1284 2191 Inde
1343 2148 1487 2189 cum
1550 2126 1629 2189 ad
1689 2129 1753 2190 te
1812 2146 1914 2188 me
1967 2131 2350 2209 convertam,

336 2215 584 2298 faciam,
614 2217 704 2278 'ut
750 2215 932 2299 sciaS,
978 2219 1180 2298 tuque
1227 2214 1304 2278 ad
1350 2236 1453 2278 me
1488 2214 1681 2278 velim
1728 2214 1943 2278 omnia
1980 2235 2168 2297 quam
2215 2213 2351 2277 dili-

337 2303 730 2388 gentissime‚
767 2303 1151 2367 cuicuimodi
1180 2307 1352 2385 sunt,
1389 2302 1649 2367 scribas
1722 2301 1867 2386 Ego
1905 2302 2033 2364 iam
2072 2306 2183 2365 aut
2218 2324 2350 2366 rem

335 2397 449 2456 aut
494 2413 574 2455 ne
621 2412 799 2474 spem
844 2392 1103 2477 quidem
1151 2395 1464 2473 exspecto.
1539 2389 1710 2455 Data
1737 2408 1808 2454 VI
1835 2379 1976 2453 Kal.
2023 2388 2352 2454 Decembr.

335 2478 670 2563 Dyrrachi.
2152 2483 2168 2575 ’μ
2383 2506 2435 2545 25

1226 2652 1460 2719 XXIII.

717 2776 830 2834 Ser.
871 2777 1155 2847 Dyrrachi
1183 2793 1272 2845 pr.
1314 2776 1387 2830 K.
1430 2776 1561 2831 Dec.
1601 2794 1652 2831 a.
1694 2780 1806 2830 696
1842 2780 1984 2846 (58).

976 2898 1231 2955 CICERO
1270 2897 1532 2954 ATTICO
1573 2899 1720 2953 SAL.

270 3031 298 3076 1
471 3010 548 3076 A.
597 3013 653 3075 d.
701 3033 741 3075 v
786 3009 928 3075 Kal.
984 3008 1313 3074 Decembr.
1363 3013 1496 3073 tres
1553 3010 1861 3092 epistulas
1918 3032 1956 3074 a
2008 3013 2075 3074 te
2129 3012 2358 3094 accepi,

338 3122 534 3164 unam
596 3100 810 3163 datam
873 3121 925 3162 a.
974 3098 1029 3167 d.
1078 3115 1202 3161 V111
1259 3096 1403 3161 Kal.
1459 3095 1885 3181 Novembres,
1944 3097 2015 3162 in
2074 3120 2200 3181 qua
2257 3121 2359 3163 me
2389 3126 2440 3164 30

338 3188 640 3270 hortaris,
688 3192 761 3251 ut
807 3186 964 3250 forti
1002 3186 1215 3250 animo
1257 3207 1542 3287 mensem
1577 3184 1948 3250 Ianuarium
1986 3191 2360 3288 exspectem,

340 3274 1112 3446 {tqffltssfflevffuffi
1139 3274 2368 3447 {¹2¹²ssssssessffn‘lssfeidssal'ss‘ffsshpffssffl‘ii.

341 3452 460 3515 bis.
558 3448 638 3515 In
699 3450 899 3514 altera
958 3450 1235 3532 epistula
1292 3455 1544 3534 praeter
1602 3452 2125 3515 consuetudinem
2184 3454 2356 3515 tuam

342 3539 513 3602 diem
557 3558 690 3601 non
738 3538 1072 3620 adscribis,
1133 3538 1244 3603 sed
1304 3539 1464 3603 satis
1513 3538 1836 3623 significas
1882 3544 2162 3623 tempus3
2220 3539 2362 3624 lege
2390 3569 2443 3608 35
