<?xml version="1.0" encoding="UTF-8"?>
<!DOCTYPE html PUBLIC "-//W3C//DTD XHTML 1.0 Transitional//EN"
    "http://www.w3.org/TR/xhtml1/DTD/xhtml1-transitional.dtd">
<html xmlns="http://www.w3.org/1999/xhtml" xml:lang="en" lang="en">
 <head>
  <title>
</title>
<meta http-equiv="Content-Type" content="text/html;charset=utf-8" />
  <meta name='ocr-system' content='tesseract 3.04.00' />
  <meta name='ocr-capabilities' content='ocr_page ocr_carea ocr_par ocr_line ocrx_word'/>
</head>
<body>
  <div class='ocr_page' id='page_1' title='image "./scriptaquaemans00friegoog_0141.png"; bbox 0 0 2642 3923; ppageno 0'>
   <div class='ocr_carea' id='block_1_1' title="bbox 1058 185 2267 241">
    <p class='ocr_par' dir='ltr' id='par_1_1' title="bbox 1058 185 2267 241">
     <span class='ocr_line' id='line_1_1' title="bbox 1058 185 2267 241; baseline -0.001 -2"><span class='ocrx_word' id='word_1_1' title='bbox 1058 186 1117 239; x_wconf 90' lang='lat' dir='ltr'><strong><em>P.</em></strong></span> <span class='ocrx_word' id='word_1_2' title='bbox 1147 191 1447 240; x_wconf 80' lang='lat'><strong>467-473.</strong></span> <span class='ocrx_word' id='word_1_3' title='bbox 1967 185 2267 241; x_wconf 84' lang='lat' dir='ltr'>CXXXVII</span> 
     </span>
    </p>
   </div>
   <div class='ocr_carea' id='block_1_2' title="bbox 246 324 2276 3572">
    <p class='ocr_par' dir='ltr' id='par_1_2' title="bbox 246 324 2276 3572">
     <span class='ocr_line' id='line_1_2' title="bbox 248 324 2270 394; baseline 0.001 -16"><span class='ocrx_word' id='word_1_4' title='bbox 248 325 397 393; x_wconf 90' lang='lat' dir='ltr'><strong><em>quod</em></strong></span> <span class='ocrx_word' id='word_1_5' title='bbox 440 324 763 394; x_wconf 88' lang='lat' dir='ltr'><strong><em>Malaspina</em></strong></span> <span class='ocrx_word' id='word_1_6' title='bbox 807 325 954 379; x_wconf 84' lang='lat' dir='ltr'><strong><em>vidit</em></strong></span> <span class='ocrx_word' id='word_1_7' title='bbox 996 325 1056 378; x_wconf 92' lang='lat' dir='ltr'><strong><em>in</em></strong></span> <span class='ocrx_word' id='word_1_8' title='bbox 1105 325 1223 380; x_wconf 91' lang='lat' dir='ltr'><strong><em>cod.</em></strong></span> <span class='ocrx_word' id='word_1_9' title='bbox 1272 326 1615 380; x_wconf 85' lang='lat' dir='ltr'><strong><em>Antoniano’</em></strong></span> <span class='ocrx_word' id='word_1_10' title='bbox 1668 326 1825 379; x_wconf 90' lang='lat' dir='ltr'><strong><em>Boot.</em></strong></span> <span class='ocrx_word' id='word_1_11' title='bbox 1874 356 1945 368; x_wconf 91' lang='lat'>-</span> <span class='ocrx_word' id='word_1_12' title='bbox 1991 332 2022 378; x_wconf 88' lang='lat'>5</span> <span class='ocrx_word' id='word_1_13' title='bbox 2062 327 2270 381; x_wconf 81' lang='lat' dir='ltr'><strong><em>litteras</em></strong></span> 
     </span>
     <span class='ocr_line' id='line_1_3' title="bbox 248 395 2269 466; baseline 0 -18"><span class='ocrx_word' id='word_1_14' title='bbox 248 396 373 449; x_wconf 89' lang='lat' dir='ltr'><strong><em>add.</em></strong></span> <span class='ocrx_word' id='word_1_15' title='bbox 414 399 545 465; x_wconf 88' lang='lat' dir='ltr'><strong><em>post</em></strong></span> <span class='ocrx_word' id='word_1_16' title='bbox 584 397 771 451; x_wconf 82' lang='lat' dir='ltr'><strong><em>Cassio</em></strong></span> <span class='ocrx_word' id='word_1_17' title='bbox 808 395 911 462; x_wconf 65' lang='grc' dir='ltr'><strong><em>Μ’,</em></strong></span> <span class='ocrx_word' id='word_1_18' title='bbox 948 396 1158 464; x_wconf 89' lang='lat' dir='ltr'><strong><em>Baiter,</em></strong></span> <span class='ocrx_word' id='word_1_19' title='bbox 1195 395 1478 463; x_wconf 85' lang='lat' dir='ltr'><strong><em>Wesenb.,</em></strong></span> <span class='ocrx_word' id='word_1_20' title='bbox 1516 396 1674 450; x_wconf 88' lang='lat' dir='ltr'><strong><em>Boot.</em></strong></span> <span class='ocrx_word' id='word_1_21' title='bbox 1732 397 1822 450; x_wconf 90' lang='lat' dir='ltr'><strong><em>Ad</em></strong></span> <span class='ocrx_word' id='word_1_22' title='bbox 1857 414 1910 466; x_wconf 94' lang='lat' dir='ltr'><strong><em>p.</em></strong></span> <span class='ocrx_word' id='word_1_23' title='bbox 1944 401 2060 450; x_wconf 90' lang='grc'>171.</span> <span class='ocrx_word' id='word_1_24' title='bbox 2085 402 2168 451; x_wconf 83' lang='grc'><strong><em>30.</em></strong></span> <span class='ocrx_word' id='word_1_25' title='bbox 2199 427 2269 437; x_wconf 87' lang='grc'><strong>-</strong></span> 
     </span>
     <span class='ocr_line' id='line_1_4' title="bbox 250 466 2269 536; baseline 0.001 -18"><span class='ocrx_word' id='word_1_26' title='bbox 250 472 278 518; x_wconf 93' lang='grc'>7</span> <span class='ocrx_word' id='word_1_27' title='bbox 306 469 466 536; x_wconf 80' lang='lat' dir='ltr'><strong><em>quod</em></strong></span> <span class='ocrx_word' id='word_1_28' title='bbox 492 466 686 520; x_wconf 88' lang='lat' dir='ltr'><strong><em>Baiter</em></strong></span> <span class='ocrx_word' id='word_1_29' title='bbox 713 483 782 520; x_wconf 84' lang='lat' dir='ltr'><strong><em>ex</em></strong></span> <span class='ocrx_word' id='word_1_30' title='bbox 809 467 895 520; x_wconf 92' lang='lat' dir='ltr'><strong><em>ed.</em></strong></span> <span class='ocrx_word' id='word_1_31' title='bbox 915 467 1073 521; x_wconf 82' lang='lat' dir='ltr'><strong><em>Rom.</em></strong></span> <span class='ocrx_word' id='word_1_32' title='bbox 1094 467 1336 520; x_wconf 85' lang='lat' dir='ltr'><strong><em>fortasse</em></strong></span> <span class='ocrx_word' id='word_1_33' title='bbox 1361 470 1526 520; x_wconf 87' lang='lat' dir='ltr'><strong><em>recte.</em></strong></span> <span class='ocrx_word' id='word_1_34' title='bbox 1566 466 1632 521; x_wconf 88' lang='lat' dir='ltr'><strong><em>V.</em></strong></span> <span class='ocrx_word' id='word_1_35' title='bbox 1655 467 1730 520; x_wconf 85' lang='lat' dir='ltr'><strong><em>ad</em></strong></span> <span class='ocrx_word' id='word_1_36' title='bbox 1755 485 1807 536; x_wconf 88' lang='lat' dir='ltr'><strong><em>p.</em></strong></span> <span class='ocrx_word' id='word_1_37' title='bbox 1825 473 1906 520; x_wconf 90' lang='lat'><strong>10.</strong></span> <span class='ocrx_word' id='word_1_38' title='bbox 1921 473 2004 522; x_wconf 89' lang='grc'>24.</span> <span class='ocrx_word' id='word_1_39' title='bbox 2025 498 2096 509; x_wconf 92' lang='lat'><strong><em>—-</em></strong></span> <span class='ocrx_word' id='word_1_40' title='bbox 2127 472 2192 520; x_wconf 86' lang='lat'><strong><em>14</em></strong></span> <span class='ocrx_word' id='word_1_41' title='bbox 2220 473 2269 521; x_wconf 80' lang='lat' dir='ltr'><strong><em>et</em></strong></span> 
     </span>
     <span class='ocr_line' id='line_1_5' title="bbox 246 538 2270 607; baseline 0 -16"><span class='ocrx_word' id='word_1_42' title='bbox 246 538 461 592; x_wconf 80' lang='lat' dir='ltr'><strong><em>Balbus</em></strong></span> <span class='ocrx_word' id='word_1_43' title='bbox 505 544 557 592; x_wconf 87' lang='lat' dir='ltr'><strong><em>et</em></strong></span> <span class='ocrx_word' id='word_1_44' title='bbox 598 539 635 607; x_wconf 89' lang='lat'><em>†</em></span> <span class='ocrx_word' id='word_1_45' title='bbox 663 538 891 592; x_wconf 77' lang='lat' dir='ltr'><strong><em>Hirtius</em></strong></span> <span class='ocrx_word' id='word_1_46' title='bbox 935 555 1038 592; x_wconf 85' lang='lat' dir='ltr'><strong><em>scr.</em></strong></span> <span class='ocrx_word' id='word_1_47' title='bbox 1085 538 1440 592; x_wconf 74' lang='lat' dir='ltr'><strong><em>intercidisse</em></strong></span> <span class='ocrx_word' id='word_1_48' title='bbox 1491 538 1701 606; x_wconf 79' lang='lat' dir='ltr'><strong><em>Oppius</em></strong></span> <span class='ocrx_word' id='word_1_49' title='bbox 1736 539 1893 591; x_wconf 88' lang='lat' dir='ltr'><strong><em>ratus</em></strong></span> <span class='ocrx_word' id='word_1_50' title='bbox 1908 580 1922 604; x_wconf 93' lang='lat'><strong><em>,</em></strong></span> <span class='ocrx_word' id='word_1_51' title='bbox 1970 544 2020 592; x_wconf 82' lang='lat' dir='ltr'><strong><em>et</em></strong></span> <span class='ocrx_word' id='word_1_52' title='bbox 2054 538 2270 592; x_wconf 79' lang='lat' dir='ltr'><strong><em>Balbus</em></strong></span> 
     </span>
     <span class='ocr_line' id='line_1_6' title="bbox 247 608 2270 678; baseline 0 -17"><span class='ocrx_word' id='word_1_53' title='bbox 247 614 296 662; x_wconf 86' lang='lat' dir='ltr'><strong><em>ct</em></strong></span> <span class='ocrx_word' id='word_1_54' title='bbox 328 608 559 662; x_wconf 77' lang='lat' dir='ltr'><strong><em>Hirtius</em></strong></span> <span class='ocrx_word' id='word_1_55' title='bbox 602 610 641 678; x_wconf 91' lang='lat'><em>†</em></span> <span class='ocrx_word' id='word_1_56' title='bbox 667 609 884 676; x_wconf 75' lang='lat' dir='ltr'><strong><em>quidem</em></strong></span> <span class='ocrx_word' id='word_1_57' title='bbox 928 624 984 662; x_wconf 84' lang='lat' dir='ltr'><strong><em>se</em></strong></span> <span class='ocrx_word' id='word_1_58' title='bbox 1028 615 1277 663; x_wconf 85' lang='lat' dir='ltr'><strong><em>acturum</em></strong></span> <span class='ocrx_word' id='word_1_59' title='bbox 1325 609 1441 676; x_wconf 89' lang='lat' dir='ltr'><strong><em>(sic.</em></strong></span> <span class='ocrx_word' id='word_1_60' title='bbox 1482 608 1664 678; x_wconf 92' lang='lat' dir='ltr'><strong><em>codd.)</em></strong></span> <span class='ocrx_word' id='word_1_61' title='bbox 1700 608 1917 675; x_wconf 87' lang='lat' dir='ltr'><strong><em>Baiter,</em></strong></span> <span class='ocrx_word' id='word_1_62' title='bbox 1969 615 2019 663; x_wconf 89' lang='lat' dir='ltr'><strong><em>et</em></strong></span> <span class='ocrx_word' id='word_1_63' title='bbox 2053 608 2270 662; x_wconf 85' lang='lat' dir='ltr'><strong><em>Balbus</em></strong></span> 
     </span>
     <span class='ocr_line' id='line_1_7' title="bbox 246 677 2268 749; baseline -0 -16"><span class='ocrx_word' id='word_1_64' title='bbox 246 685 295 733; x_wconf 86' lang='lat' dir='ltr'><strong><em>et</em></strong></span> <span class='ocrx_word' id='word_1_65' title='bbox 327 679 574 745; x_wconf 82' lang='lat' dir='ltr'><strong><em>Hirtius,</em></strong></span> <span class='ocrx_word' id='word_1_66' title='bbox 610 681 706 748; x_wconf 76' lang='lat' dir='ltr'><strong><em>qui</em></strong></span> <span class='ocrx_word' id='word_1_67' title='bbox 731 680 945 748; x_wconf 78' lang='lat' dir='ltr'><strong><em>quidem</em></strong></span> <span class='ocrx_word' id='word_1_68' title='bbox 980 696 1035 733; x_wconf 90' lang='lat' dir='ltr'><strong><em>se</em></strong></span> <span class='ocrx_word' id='word_1_69' title='bbox 1070 680 1106 749; x_wconf 72' lang='grc' dir='ltr'><strong><em>γ’·</em></strong></span> <span class='ocrx_word' id='word_1_70' title='bbox 1125 685 1373 733; x_wconf 81' lang='lat' dir='ltr'><strong><em>acturum</em></strong></span> <span class='ocrx_word' id='word_1_71' title='bbox 1413 678 1673 733; x_wconf 89' lang='lat' dir='ltr'><strong><em>Wesenb.</em></strong></span> <span class='ocrx_word' id='word_1_72' title='bbox 1733 678 1889 743; x_wconf 81' lang='lat' dir='ltr'><strong><em>‘Quis</em></strong></span> <span class='ocrx_word' id='word_1_73' title='bbox 1927 695 2037 732; x_wconf 92' lang='lat' dir='ltr'><strong><em>non</em></strong></span> <span class='ocrx_word' id='word_1_74' title='bbox 2075 694 2143 731; x_wconf 85' lang='lat' dir='ltr'><strong><em>ex</em></strong></span> <span class='ocrx_word' id='word_1_75' title='bbox 2178 677 2268 745; x_wconf 86' lang='lat' dir='ltr'><strong><em>iis,</em></strong></span> 
     </span>
     <span class='ocr_line' id='line_1_8' title="bbox 248 747 2267 818; baseline 0 -16"><span class='ocrx_word' id='word_1_76' title='bbox 248 765 391 817; x_wconf 90' lang='lat' dir='ltr'><strong><em>quae</em></strong></span> <span class='ocrx_word' id='word_1_77' title='bbox 418 749 780 818; x_wconf 90' lang='lat' dir='ltr'><strong><em>praecedunt,</em></strong></span> <span class='ocrx_word' id='word_1_78' title='bbox 810 749 1069 803; x_wconf 77' lang='lat' dir='ltr'><strong><em>assumit:</em></strong></span> <span class='ocrx_word' id='word_1_79' title='bbox 1108 751 1311 815; x_wconf 77' lang='lat' dir='ltr'><strong><em>scribit,</em></strong></span> <span class='ocrx_word' id='word_1_80' title='bbox 1340 766 1512 817; x_wconf 90' lang='lat' dir='ltr'><strong><em>quum</em></strong></span> <span class='ocrx_word' id='word_1_81' title='bbox 1538 752 1729 803; x_wconf 88' lang='lat' dir='ltr'><strong><em>tamen</em></strong></span> <span class='ocrx_word' id='word_1_82' title='bbox 1755 750 1803 803; x_wconf 89' lang='lat' dir='ltr'><strong><em>is</em></strong></span> <span class='ocrx_word' id='word_1_83' title='bbox 1834 749 1933 817; x_wconf 88' lang='lat' dir='ltr'><strong><em>qui</em></strong></span> <span class='ocrx_word' id='word_1_84' title='bbox 1961 766 2088 803; x_wconf 91' lang='lat' dir='ltr'><strong><em>cum</em></strong></span> <span class='ocrx_word' id='word_1_85' title='bbox 2116 747 2267 803; x_wconf 87' lang='lat' dir='ltr'><strong><em>Cice-</em></strong></span> 
     </span>
     <span class='ocr_line' id='line_1_9' title="bbox 247 819 2267 887; baseline 0 -14"><span class='ocrx_word' id='word_1_86' title='bbox 247 836 380 873; x_wconf 84' lang='lat' dir='ltr'><strong><em>rone</em></strong></span> <span class='ocrx_word' id='word_1_87' title='bbox 417 819 477 872; x_wconf 89' lang='lat' dir='ltr'><strong><em>in</em></strong></span> <span class='ocrx_word' id='word_1_88' title='bbox 510 819 825 873; x_wconf 80' lang='lat' dir='ltr'><strong><em>Tusculano</em></strong></span> <span class='ocrx_word' id='word_1_89' title='bbox 865 822 1011 887; x_wconf 87' lang='lat' dir='ltr'><strong><em>erat,</em></strong></span> <span class='ocrx_word' id='word_1_90' title='bbox 1057 836 1169 872; x_wconf 90' lang='lat' dir='ltr'><strong><em>non</em></strong></span> <span class='ocrx_word' id='word_1_91' title='bbox 1208 819 1282 873; x_wconf 91' lang='lat' dir='ltr'><strong><em>ad</em></strong></span> <span class='ocrx_word' id='word_1_92' title='bbox 1319 836 1447 873; x_wconf 91' lang='lat' dir='ltr'><strong><em>eum</em></strong></span> <span class='ocrx_word' id='word_1_93' title='bbox 1484 820 1743 887; x_wconf 87' lang='lat' dir='ltr'><strong><em>scribere,</em></strong></span> <span class='ocrx_word' id='word_1_94' title='bbox 1783 821 1884 873; x_wconf 91' lang='lat' dir='ltr'><strong><em>sed</em></strong></span> <span class='ocrx_word' id='word_1_95' title='bbox 1920 837 2049 873; x_wconf 90' lang='lat' dir='ltr'><strong><em>cum</em></strong></span> <span class='ocrx_word' id='word_1_96' title='bbox 2085 836 2149 873; x_wconf 94' lang='lat' dir='ltr'><strong><em>eo</em></strong></span> <span class='ocrx_word' id='word_1_97' title='bbox 2188 819 2267 873; x_wconf 92' lang='lat' dir='ltr'><strong><em>lo-</em></strong></span> 
     </span>
     <span class='ocr_line' id='line_1_10' title="bbox 249 889 2270 959; baseline 0 -15"><span class='ocrx_word' id='word_1_98' title='bbox 249 891 345 958; x_wconf 90' lang='lat' dir='ltr'><strong><em>qui</em></strong></span> <span class='ocrx_word' id='word_1_99' title='bbox 403 890 718 944; x_wconf 84' lang='lat' dir='ltr'><strong><em>debuerit?&#39;</em></strong></span> <span class='ocrx_word' id='word_1_100' title='bbox 787 891 955 958; x_wconf 92' lang='lat' dir='ltr'><strong><em>Boot,</em></strong></span> <span class='ocrx_word' id='word_1_101' title='bbox 1020 891 1118 959; x_wconf 89' lang='lat' dir='ltr'><strong><em>qui</em></strong></span> <span class='ocrx_word' id='word_1_102' title='bbox 1178 889 1302 958; x_wconf 90' lang='lat' dir='ltr'><strong><em>ipse</em></strong></span> <span class='ocrx_word' id='word_1_103' title='bbox 1358 907 1487 944; x_wconf 74' lang='lat' dir='ltr'><strong><em>scr-‚2</em></strong></span> <span class='ocrx_word' id='word_1_104' title='bbox 1544 898 1593 945; x_wconf 85' lang='lat' dir='ltr'><strong><em>et</em></strong></span> <span class='ocrx_word' id='word_1_105' title='bbox 1638 891 1868 945; x_wconf 88' lang='lat' dir='ltr'><strong><em>Balbus.</em></strong></span> <span class='ocrx_word' id='word_1_106' title='bbox 1917 891 1998 945; x_wconf 86' lang='lat' dir='ltr'><strong><em>Et</em></strong></span> <span class='ocrx_word' id='word_1_107' title='bbox 2040 890 2270 945; x_wconf 88' lang='lat' dir='ltr'><strong><em>Hirtius</em></strong></span> 
     </span>
     <span class='ocr_line' id='line_1_11' title="bbox 248 960 2270 1030; baseline 0 -16"><span class='ocrx_word' id='word_1_108' title='bbox 248 962 464 1030; x_wconf 78' lang='lat' dir='ltr'><strong><em>quidem</em></strong></span> <span class='ocrx_word' id='word_1_109' title='bbox 508 977 564 1015; x_wconf 89' lang='lat' dir='ltr'><strong><em>se</em></strong></span> <span class='ocrx_word' id='word_1_110' title='bbox 608 963 691 1015; x_wconf 85' lang='lat' dir='ltr'><strong><em>ait</em></strong></span> <span class='ocrx_word' id='word_1_111' title='bbox 724 962 1038 1028; x_wconf 68' lang='lat' dir='ltr'><strong><em>afuturum,</em></strong></span> <span class='ocrx_word' id='word_1_112' title='bbox 1084 961 1334 1028; x_wconf 89' lang='lat' dir='ltr'><strong><em>itemque</em></strong></span> <span class='ocrx_word' id='word_1_113' title='bbox 1370 960 1589 1029; x_wconf 80' lang='lat' dir='ltr'><strong><em>Tyrrell</em></strong></span> <span class='ocrx_word' id='word_1_114' title='bbox 1625 977 1730 1015; x_wconf 93' lang='lat' dir='ltr'><strong><em>om.</em></strong></span> <span class='ocrx_word' id='word_1_115' title='bbox 1771 963 1867 1028; x_wconf 88' lang='lat' dir='ltr'><strong><em>ait,</em></strong></span> <span class='ocrx_word' id='word_1_116' title='bbox 1940 968 1991 1015; x_wconf 87' lang='lat' dir='ltr'><strong><em>et</em></strong></span> <span class='ocrx_word' id='word_1_117' title='bbox 2025 961 2270 1027; x_wconf 87' lang='lat' dir='ltr'><strong><em>Balbus;</em></strong></span> 
     </span>
     <span class='ocr_line' id='line_1_12' title="bbox 248 1030 2267 1102; baseline -0 -17"><span class='ocrx_word' id='word_1_118' title='bbox 248 1033 330 1086; x_wconf 89' lang='lat' dir='ltr'><strong><em>ait</em></strong></span> <span class='ocrx_word' id='word_1_119' title='bbox 363 1031 594 1086; x_wconf 86' lang='lat' dir='ltr'><strong><em>Hirtius</em></strong></span> <span class='ocrx_word' id='word_1_120' title='bbox 631 1030 766 1085; x_wconf 66' lang='lat' dir='ltr'><strong>OE.</strong></span> <span class='ocrx_word' id='word_1_121' title='bbox 807 1031 1063 1085; x_wconf 80' lang='lat' dir='ltr'><strong><em>Schmidt</em></strong></span> <span class='ocrx_word' id='word_1_122' title='bbox 1105 1031 1376 1085; x_wconf 85' lang='lat' dir='ltr'><strong><em>Fleckeis.</em></strong></span> <span class='ocrx_word' id='word_1_123' title='bbox 1432 1031 1616 1086; x_wconf 85' lang='lat' dir='ltr'><strong><em>annal.</em></strong></span> <span class='ocrx_word' id='word_1_124' title='bbox 1659 1037 1797 1086; x_wconf 85' lang='lat'>1884</span> <span class='ocrx_word' id='word_1_125' title='bbox 1831 1049 1884 1102; x_wconf 87' lang='lat' dir='ltr'><strong><em>p.</em></strong></span> <span class='ocrx_word' id='word_1_126' title='bbox 1918 1037 2035 1084; x_wconf 85' lang='grc'>343.</span> <span class='ocrx_word' id='word_1_127' title='bbox 2075 1062 2145 1072; x_wconf 91' lang='grc'>-</span> <span class='ocrx_word' id='word_1_128' title='bbox 2201 1036 2267 1085; x_wconf 86' lang='grc'><strong><em>15</em></strong></span> 
     </span>
     <span class='ocr_line' id='line_1_13' title="bbox 247 1101 2267 1171; baseline 0 -16"><span class='ocrx_word' id='word_1_129' title='bbox 247 1105 439 1156; x_wconf 75' lang='lat' dir='ltr'><strong><em>etenim</em></strong></span> <span class='ocrx_word' id='word_1_130' title='bbox 474 1131 545 1143; x_wconf 91' lang='lat'><strong><em>—-</em></strong></span> <span class='ocrx_word' id='word_1_131' title='bbox 580 1108 660 1157; x_wconf 86' lang='lat' dir='ltr'><strong><em>est</em></strong></span> <span class='ocrx_word' id='word_1_132' title='bbox 693 1104 853 1155; x_wconf 86' lang='lat' dir='ltr'><strong><em>extra</em></strong></span> <span class='ocrx_word' id='word_1_133' title='bbox 878 1102 1132 1171; x_wconf 85' lang='lat' dir='ltr'><strong><em>parenth.</em></strong></span> <span class='ocrx_word' id='word_1_134' title='bbox 1153 1101 1364 1170; x_wconf 78' lang='lat' dir='ltr'><strong><em>Baiter,</em></strong></span> <span class='ocrx_word' id='word_1_135' title='bbox 1401 1101 1632 1170; x_wconf 81' lang='lat' dir='ltr'><strong><em>Tyrrell.</em></strong></span> <span class='ocrx_word' id='word_1_136' title='bbox 1690 1103 1779 1156; x_wconf 90' lang='lat' dir='ltr'><strong><em>Ad</em></strong></span> <span class='ocrx_word' id='word_1_137' title='bbox 1805 1120 1858 1171; x_wconf 88' lang='lat' dir='ltr'><strong><em>p.</em></strong></span> <span class='ocrx_word' id='word_1_138' title='bbox 1884 1107 2061 1155; x_wconf 84' lang='lat'><strong>16.14.</strong></span> <span class='ocrx_word' id='word_1_139' title='bbox 2093 1133 2161 1142; x_wconf 98' lang='lat'><strong>—</strong></span> <span class='ocrx_word' id='word_1_140' title='bbox 2202 1107 2267 1155; x_wconf 83' lang='lat'><strong><em>16</em></strong></span> 
     </span>
     <span class='ocr_line' id='line_1_14' title="bbox 248 1171 2268 1242; baseline -0 -15"><span class='ocrx_word' id='word_1_141' title='bbox 248 1179 323 1227; x_wconf 90' lang='lat' dir='ltr'><strong><em>est</em></strong></span> <span class='ocrx_word' id='word_1_142' title='bbox 358 1180 409 1226; x_wconf 88' lang='lat' dir='ltr'><strong><em>et</em></strong></span> <span class='ocrx_word' id='word_1_143' title='bbox 443 1188 474 1226; x_wconf 89' lang='lat' dir='ltr'><strong><em>e</em></strong></span> <span class='ocrx_word' id='word_1_144' title='bbox 515 1173 644 1240; x_wconf 79' lang='lat' dir='ltr'><strong><em>‘vc.,</em></strong></span> <span class='ocrx_word' id='word_1_145' title='bbox 681 1172 717 1226; x_wconf 91' lang='lat' dir='ltr'><strong><em>l.</em></strong></span> <span class='ocrx_word' id='word_1_146' title='bbox 749 1191 799 1227; x_wconf 74' lang='lat'><strong><em>2:</em></strong></span> <span class='ocrx_word' id='word_1_147' title='bbox 838 1172 899 1224; x_wconf 91' lang='lat' dir='ltr'><strong><em>Z’</em></strong></span> <span class='ocrx_word' id='word_1_148' title='bbox 941 1171 1231 1239; x_wconf 90' lang='lat' dir='ltr'><strong><em>Wesenb.,</em></strong></span> <span class='ocrx_word' id='word_1_149' title='bbox 1268 1179 1345 1227; x_wconf 88' lang='lat' dir='ltr'><strong><em>est</em></strong></span> <span class='ocrx_word' id='word_1_150' title='bbox 1380 1172 1544 1242; x_wconf 88' lang='lat' dir='ltr'><strong><em>vulg,</em></strong></span> <span class='ocrx_word' id='word_1_151' title='bbox 1582 1173 1800 1239; x_wconf 79' lang='lat' dir='ltr'><strong><em>Baiter,</em></strong></span> <span class='ocrx_word' id='word_1_152' title='bbox 1836 1173 1995 1240; x_wconf 89' lang='lat' dir='ltr'><strong><em>Boot,</em></strong></span> <span class='ocrx_word' id='word_1_153' title='bbox 2032 1172 2268 1241; x_wconf 82' lang='lat' dir='ltr'><strong><em>Tyrrell,</em></strong></span> 
     </span>
     <span class='ocr_line' id='line_1_15' title="bbox 248 1242 2266 1313; baseline -0.001 -15"><span class='ocrx_word' id='word_1_154' title='bbox 248 1249 296 1298; x_wconf 80' lang='lat' dir='ltr'><strong><em>et</em></strong></span> <span class='ocrx_word' id='word_1_155' title='bbox 339 1242 412 1296; x_wconf 88' lang='lat' dir='ltr'><strong><em>M.</em></strong></span> <span class='ocrx_word' id='word_1_156' title='bbox 460 1273 531 1283; x_wconf 93' lang='lat'><strong>—</strong></span> <span class='ocrx_word' id='word_1_157' title='bbox 586 1249 652 1297; x_wconf 82' lang='lat'><strong><em>26</em></strong></span> <span class='ocrx_word' id='word_1_158' title='bbox 715 1243 824 1313; x_wconf 77' lang='lat' dir='ltr'><strong><em>Qui</em></strong></span> <span class='ocrx_word' id='word_1_159' title='bbox 875 1242 1198 1312; x_wconf 85' lang='lat' dir='ltr'><strong><em>Malaspina</em></strong></span> <span class='ocrx_word' id='word_1_160' title='bbox 1250 1245 1479 1297; x_wconf 89' lang='lat' dir='ltr'><strong><em>auctore</em></strong></span> <span class='ocrx_word' id='word_1_161' title='bbox 1532 1243 1673 1297; x_wconf 91' lang='lat' dir='ltr'><strong><em>miro</em></strong></span> <span class='ocrx_word' id='word_1_162' title='bbox 1731 1260 2002 1297; x_wconf 89' lang='lat' dir='ltr'><strong><em>consensu</em></strong></span> <span class='ocrx_word' id='word_1_163' title='bbox 2056 1243 2266 1310; x_wconf 82' lang='lat' dir='ltr'><strong><em>Baiter,</em></strong></span> 
     </span>
     <span class='ocr_line' id='line_1_16' title="bbox 248 1313 2269 1382; baseline 0 -16"><span class='ocrx_word' id='word_1_164' title='bbox 248 1313 531 1379; x_wconf 90' lang='lat' dir='ltr'><strong><em>Wesenb.,</em></strong></span> <span class='ocrx_word' id='word_1_165' title='bbox 568 1314 726 1367; x_wconf 87' lang='lat' dir='ltr'><strong><em>Boot.</em></strong></span> <span class='ocrx_word' id='word_1_166' title='bbox 766 1344 836 1354; x_wconf 92' lang='lat'>—</span> <span class='ocrx_word' id='word_1_167' title='bbox 874 1319 939 1367; x_wconf 92' lang='grc'>27</span> <span class='ocrx_word' id='word_1_168' title='bbox 979 1315 1103 1368; x_wconf 88' lang='lat' dir='ltr'><strong><em>Itus</em></strong></span> <span class='ocrx_word' id='word_1_169' title='bbox 1137 1315 1364 1380; x_wconf 83' lang='lat' dir='ltr'><strong><em>reditus,</em></strong></span> <span class='ocrx_word' id='word_1_170' title='bbox 1398 1315 1581 1369; x_wconf 79' lang='lat' dir='ltr'><strong><em>vultus</em></strong></span> <span class='ocrx_word' id='word_1_171' title='bbox 1616 1316 1855 1369; x_wconf 67' lang='lat' dir='ltr'><strong><em>incessus</em></strong></span> <span class='ocrx_word' id='word_1_172' title='bbox 1886 1315 1972 1368; x_wconf 79' lang='lat' dir='ltr'><strong><em>‘ut</em></strong></span> <span class='ocrx_word' id='word_1_173' title='bbox 2000 1314 2070 1367; x_wconf 90' lang='lat' dir='ltr'><strong><em>de</em></strong></span> <span class='ocrx_word' id='word_1_174' title='bbox 2097 1317 2269 1382; x_wconf 87' lang='lat' dir='ltr'><strong><em>poeta</em></strong></span> 
     </span>
     <span class='ocr_line' id='line_1_17' title="bbox 253 1383 2264 1453; baseline 0.001 -17"><span class='ocrx_word' id='word_1_175' title='bbox 253 1385 551 1453; x_wconf 86' lang='lat' dir='ltr'><strong><em>desumpta</em></strong></span> <span class='ocrx_word' id='word_1_176' title='bbox 573 1384 781 1437; x_wconf 84' lang='lat' dir='ltr'><strong><em>exhib.&#39;</em></strong></span> <span class='ocrx_word' id='word_1_177' title='bbox 805 1383 1036 1453; x_wconf 80' lang='lat' dir='ltr'><strong><em>Tyrrell.</em></strong></span> <span class='ocrx_word' id='word_1_178' title='bbox 1103 1387 1120 1453; x_wconf 90' lang='grc' dir='ltr'><strong><em>ΙΙ</em></strong></span> <span class='ocrx_word' id='word_1_179' title='bbox 1184 1384 1254 1439; x_wconf 88' lang='grc' dir='ltr'><strong><em>Ρ.</em></strong></span> <span class='ocrx_word' id='word_1_180' title='bbox 1276 1384 1415 1440; x_wconf 78' lang='lat'><strong>471.</strong></span> <span class='ocrx_word' id='word_1_181' title='bbox 1433 1391 1463 1438; x_wconf 84' lang='lat'><strong>2</strong></span> <span class='ocrx_word' id='word_1_182' title='bbox 1484 1403 1532 1439; x_wconf 89' lang='lat' dir='ltr'><strong><em>v.</em></strong></span> <span class='ocrx_word' id='word_1_183' title='bbox 1556 1383 1617 1438; x_wconf 91' lang='grc' dir='ltr'><strong><em>Ο.</em></strong></span> <span class='ocrx_word' id='word_1_184' title='bbox 1639 1384 1700 1438; x_wconf 91' lang='lat' dir='ltr'><strong><em>E.</em></strong></span> <span class='ocrx_word' id='word_1_185' title='bbox 1724 1384 1980 1439; x_wconf 82' lang='lat' dir='ltr'><strong><em>Schmidt</em></strong></span> <span class='ocrx_word' id='word_1_186' title='bbox 1996 1383 2264 1438; x_wconf 85' lang='lat' dir='ltr'><strong><em>Fleckeis.</em></strong></span> 
     </span>
     <span class='ocr_line' id='line_1_18' title="bbox 252 1454 2268 1525; baseline 0 -17"><span class='ocrx_word' id='word_1_187' title='bbox 252 1454 437 1508; x_wconf 87' lang='lat' dir='ltr'><strong><em>annal.</em></strong></span> <span class='ocrx_word' id='word_1_188' title='bbox 472 1460 609 1507; x_wconf 86' lang='lat'>1884</span> <span class='ocrx_word' id='word_1_189' title='bbox 645 1472 698 1524; x_wconf 90' lang='lat' dir='ltr'><strong><em>p.</em></strong></span> <span class='ocrx_word' id='word_1_190' title='bbox 721 1460 850 1521; x_wconf 84' lang='lat'><strong><em>343,</em></strong></span> <span class='ocrx_word' id='word_1_191' title='bbox 898 1456 962 1509; x_wconf 79' lang='lat' dir='ltr'><strong><em>iu</em></strong></span> <span class='ocrx_word' id='word_1_192' title='bbox 996 1455 1267 1523; x_wconf 76' lang='lat' dir='ltr'><strong><em>Arpinati</em></strong></span> <span class='ocrx_word' id='word_1_193' title='bbox 1310 1473 1361 1509; x_wconf 90' lang='lat' dir='ltr'><strong><em>a.</em></strong></span> <span class='ocrx_word' id='word_1_194' title='bbox 1382 1456 1434 1509; x_wconf 83' lang='lat' dir='ltr'><strong><em>d.</em></strong></span> <span class='ocrx_word' id='word_1_195' title='bbox 1473 1456 1516 1509; x_wconf 96' lang='lat' dir='ltr'><strong><em>I</em></strong></span> <span class='ocrx_word' id='word_1_196' title='bbox 1520 1456 1732 1509; x_wconf 76' lang='lat' dir='ltr'><strong><em>VNou.</em></strong></span> <span class='ocrx_word' id='word_1_197' title='bbox 1777 1456 1991 1525; x_wconf 57' lang='grc' dir='ltr'><strong><em>ῥαίῃσι.</em></strong></span> <span class='ocrx_word' id='word_1_198' title='bbox 2032 1454 2268 1509; x_wconf 75' lang='lat' dir='ltr'><strong><em>Schiche</em></strong></span> 
     </span>
     <span class='ocr_line' id='line_1_19' title="bbox 254 1524 2265 1594; baseline 0 -15"><span class='ocrx_word' id='word_1_199' title='bbox 254 1524 629 1579; x_wconf 83' lang='lat' dir='ltr'><strong><em>‘Festschrift’</em></strong></span> <span class='ocrx_word' id='word_1_200' title='bbox 673 1530 809 1579; x_wconf 87' lang='grc'>1883</span> <span class='ocrx_word' id='word_1_201' title='bbox 849 1543 899 1594; x_wconf 90' lang='lat' dir='ltr'><strong><em>p.</em></strong></span> <span class='ocrx_word' id='word_1_202' title='bbox 923 1531 1203 1579; x_wconf 84' lang='grc'>241-245</span> <span class='ocrx_word' id='word_1_203' title='bbox 1252 1528 1531 1594; x_wconf 85' lang='grc'>(17-21),</span> <span class='ocrx_word' id='word_1_204' title='bbox 1587 1527 1651 1579; x_wconf 81' lang='lat' dir='ltr'><strong><em>iu</em></strong></span> <span class='ocrx_word' id='word_1_205' title='bbox 1704 1527 1859 1580; x_wconf 86' lang='lat' dir='ltr'><strong><em>Tusc.</em></strong></span> <span class='ocrx_word' id='word_1_206' title='bbox 1888 1529 1982 1581; x_wconf 80' lang='lat'><strong>28.</strong></span> <span class='ocrx_word' id='word_1_207' title='bbox 2012 1527 2140 1580; x_wconf 84' lang='lat' dir='ltr'><strong><em>oder</em></strong></span> <span class='ocrx_word' id='word_1_208' title='bbox 2176 1530 2265 1580; x_wconf 81' lang='lat'><strong><em>29.</em></strong></span> 
     </span>
     <span class='ocr_line' id='line_1_20' title="bbox 249 1594 2266 1665; baseline 0 -15"><span class='ocrx_word' id='word_1_209' title='bbox 249 1597 379 1650; x_wconf 76' lang='lat' dir='ltr'><strong><em>Iun.</em></strong></span> <span class='ocrx_word' id='word_1_210' title='bbox 416 1596 599 1649; x_wconf 90' lang='lat' dir='ltr'><strong><em>Ruete</em></strong></span> <span class='ocrx_word' id='word_1_211' title='bbox 636 1595 769 1649; x_wconf 82' lang='lat' dir='ltr'><strong><em>diss.</em></strong></span> <span class='ocrx_word' id='word_1_212' title='bbox 807 1594 986 1650; x_wconf 91' lang='lat' dir='ltr'><strong><em>Marb.</em></strong></span> <span class='ocrx_word' id='word_1_213' title='bbox 1019 1601 1154 1650; x_wconf 89' lang='grc'>1883</span> <span class='ocrx_word' id='word_1_214' title='bbox 1184 1614 1237 1665; x_wconf 89' lang='lat' dir='ltr'><strong><em>p.</em></strong></span> <span class='ocrx_word' id='word_1_215' title='bbox 1268 1601 1318 1663; x_wconf 82' lang='lat'><strong><em>8,</em></strong></span> <span class='ocrx_word' id='word_1_216' title='bbox 1355 1595 1575 1664; x_wconf 73' lang='lat' dir='ltr'><strong><em>Tyr-rell</em></strong></span> <span class='ocrx_word' id='word_1_217' title='bbox 1595 1613 1678 1665; x_wconf 91' lang='lat' dir='ltr'><strong><em>ep.</em></strong></span> <span class='ocrx_word' id='word_1_218' title='bbox 1705 1602 1822 1663; x_wconf 90' lang='grc'>738,</span> <span class='ocrx_word' id='word_1_219' title='bbox 1851 1598 1916 1650; x_wconf 78' lang='lat' dir='ltr'><strong><em>iu</em></strong></span> <span class='ocrx_word' id='word_1_220' title='bbox 1947 1596 2102 1651; x_wconf 84' lang='lat' dir='ltr'><strong><em>Tusc.</em></strong></span> <span class='ocrx_word' id='word_1_221' title='bbox 2134 1596 2266 1650; x_wconf 89' lang='lat' dir='ltr'><strong><em>Kal.</em></strong></span> 
     </span>
     <span class='ocr_line' id='line_1_21' title="bbox 250 1665 2269 1735; baseline 0.001 -16"><span class='ocrx_word' id='word_1_222' title='bbox 250 1668 379 1720; x_wconf 82' lang='lat' dir='ltr'><strong>Iwn.</strong></span> <span class='ocrx_word' id='word_1_223' title='bbox 435 1666 653 1734; x_wconf 82' lang='lat' dir='ltr'><strong><em>Baiter,</em></strong></span> <span class='ocrx_word' id='word_1_224' title='bbox 700 1665 962 1719; x_wconf 90' lang='lat' dir='ltr'><strong><em>Wesenb.</em></strong></span> <span class='ocrx_word' id='word_1_225' title='bbox 1026 1697 1096 1708; x_wconf 87' lang='lat'><strong><em>--</em></strong></span> <span class='ocrx_word' id='word_1_226' title='bbox 1160 1672 1293 1733; x_wconf 91' lang='lat' dir='ltr'><strong><em>5sq.</em></strong></span> <span class='ocrx_word' id='word_1_227' title='bbox 1357 1684 1538 1735; x_wconf 79' lang='lat' dir='ltr'><strong><em>quem</em></strong></span> <span class='ocrx_word' id='word_1_228' title='bbox 1583 1669 1762 1722; x_wconf 85' lang='lat' dir='ltr'><strong><em>adhuc</em></strong></span> <span class='ocrx_word' id='word_1_229' title='bbox 1808 1669 2024 1721; x_wconf 74' lang='lat' dir='ltr'><strong><em>bouum</em></strong></span> <span class='ocrx_word' id='word_1_230' title='bbox 2065 1668 2269 1734; x_wconf 81' lang='lat' dir='ltr'><strong><em>fuisse</em></strong></span> 
     </span>
     <span class='ocr_line' id='line_1_22' title="bbox 250 1735 2270 1806; baseline 0 -15"><span class='ocrx_word' id='word_1_231' title='bbox 250 1737 525 1791; x_wconf 75' lang='lat' dir='ltr'><strong><em>sciebant</em></strong></span> <span class='ocrx_word' id='word_1_232' title='bbox 568 1768 637 1777; x_wconf 94' lang='lat'>—</span> <span class='ocrx_word' id='word_1_233' title='bbox 682 1738 1048 1804; x_wconf 71' lang='lat' dir='ltr'><strong><em>confidebant</em></strong></span> <span class='ocrx_word' id='word_1_234' title='bbox 1090 1735 1193 1801; x_wconf 75' lang='grc' dir='ltr'><strong><em>Μ’,</em></strong></span> <span class='ocrx_word' id='word_1_235' title='bbox 1238 1736 1456 1798; x_wconf 84' lang='lat' dir='ltr'><strong><em>Baiter,</em></strong></span> <span class='ocrx_word' id='word_1_236' title='bbox 1504 1738 1600 1806; x_wconf 74' lang='lat' dir='ltr'><strong><em>qwi</em></strong></span> <span class='ocrx_word' id='word_1_237' title='bbox 1648 1738 1828 1791; x_wconf 71' lang='lat' dir='ltr'><strong><em>adhuc</em></strong></span> <span class='ocrx_word' id='word_1_238' title='bbox 1874 1739 2044 1791; x_wconf 81' lang='lat' dir='ltr'><strong><em>bouus</em></strong></span> <span class='ocrx_word' id='word_1_239' title='bbox 2077 1740 2270 1804; x_wconf 80' lang='lat' dir='ltr'><strong><em>fuisset</em></strong></span> 
     </span>
     <span class='ocr_line' id='line_1_23' title="bbox 254 1806 2268 1890; baseline 0 -29"><span class='ocrx_word' id='word_1_240' title='bbox 254 1808 447 1875; x_wconf 81' lang='lat' dir='ltr'><strong><em>(fuisse</em></strong></span> <span class='ocrx_word' id='word_1_241' title='bbox 472 1808 703 1862; x_wconf 84' lang='lat' dir='ltr'><strong><em>sciebam</em></strong></span> <span class='ocrx_word' id='word_1_242' title='bbox 738 1838 807 1847; x_wconf 93' lang='lat'>—</span> <span class='ocrx_word' id='word_1_243' title='bbox 842 1808 981 1876; x_wconf 80' lang='lat' dir='ltr'><strong><em>fore)</em></strong></span> <span class='ocrx_word' id='word_1_244' title='bbox 1012 1824 1129 1861; x_wconf 86' lang='lat' dir='ltr'><strong><em>mea</em></strong></span> <span class='ocrx_word' id='word_1_245' title='bbox 1155 1806 1392 1874; x_wconf 80' lang='lat' dir='ltr'><strong><em>Tyrrell,</em></strong></span> <span class='ocrx_word' id='word_1_246' title='bbox 1424 1808 1635 1875; x_wconf 81' lang='lat' dir='ltr'><strong><em>fuisset,</em></strong></span> <span class='ocrx_word' id='word_1_247' title='bbox 1663 1807 2078 1890; x_wconf 68' lang='lat' dir='ltr'><strong><em>&lt;confirmarem</em></strong></span> <span class='ocrx_word' id='word_1_248' title='bbox 2105 1815 2156 1862; x_wconf 88' lang='lat' dir='ltr'><strong><em>et</em></strong></span> <span class='ocrx_word' id='word_1_249' title='bbox 2180 1826 2268 1863; x_wconf 82' lang='lat' dir='ltr'><strong><em>ex-</em></strong></span> 
     </span>
     <span class='ocr_line' id='line_1_24' title="bbox 253 1878 2272 1948; baseline 0 -17"><span class='ocrx_word' id='word_1_250' title='bbox 253 1880 488 1945; x_wconf 85' lang='lat' dir='ltr'><strong><em>citarem,</em></strong></span> <span class='ocrx_word' id='word_1_251' title='bbox 526 1879 626 1932; x_wconf 86' lang='lat' dir='ltr'><strong><em>etsi</em></strong></span> <span class='ocrx_word' id='word_1_252' title='bbox 660 1878 840 1933; x_wconf 78' lang='lat' dir='ltr'><strong><em>alieno</em></strong></span> <span class='ocrx_word' id='word_1_253' title='bbox 877 1896 911 1931; x_wconf 85' lang='lat' dir='ltr'><strong><em>a</em></strong></span> <span class='ocrx_word' id='word_1_254' title='bbox 948 1894 1118 1932; x_wconf 80' lang='lat' dir='ltr'><strong><em>causa</em></strong></span> <span class='ocrx_word' id='word_1_255' title='bbox 1154 1878 1341 1932; x_wconf 75' lang='lat' dir='ltr'><strong><em>animo</em></strong></span> <span class='ocrx_word' id='word_1_256' title='bbox 1375 1878 1585 1947; x_wconf 81' lang='lat' dir='ltr'><strong><em>fuisse&gt;</em></strong></span> <span class='ocrx_word' id='word_1_257' title='bbox 1620 1879 1850 1931; x_wconf 79' lang='lat' dir='ltr'><strong><em>sciebam</em></strong></span> <span class='ocrx_word' id='word_1_258' title='bbox 1880 1878 2018 1931; x_wconf 87' lang='lat' dir='ltr'><strong><em>coni.</em></strong></span> <span class='ocrx_word' id='word_1_259' title='bbox 2040 1878 2272 1948; x_wconf 85' lang='lat' dir='ltr'><strong><em>Madvig</em></strong></span> 
     </span>
     <span class='ocr_line' id='line_1_25' title="bbox 254 1946 2269 2018; baseline 0.001 -18"><span class='ocrx_word' id='word_1_260' title='bbox 254 1948 454 2002; x_wconf 68' lang='lat' dir='ltr'><strong><em>Advss</em></strong></span> <span class='ocrx_word' id='word_1_261' title='bbox 478 1967 530 2018; x_wconf 92' lang='lat' dir='ltr'><strong><em>p.</em></strong></span> <span class='ocrx_word' id='word_1_262' title='bbox 545 1953 664 2005; x_wconf 92' lang='grc'>240.</span> <span class='ocrx_word' id='word_1_263' title='bbox 683 1980 755 1990; x_wconf 91' lang='grc'><strong>-</strong></span> <span class='ocrx_word' id='word_1_264' title='bbox 793 1953 860 2003; x_wconf 89' lang='grc'><strong><em>14</em></strong></span> <span class='ocrx_word' id='word_1_265' title='bbox 871 1948 1106 2003; x_wconf 81' lang='lat' dir='ltr'><strong><em>Rureue</em></strong></span> <span class='ocrx_word' id='word_1_266' title='bbox 1133 1946 1415 2013; x_wconf 88' lang='lat' dir='ltr'><strong><em>Wesenb.,</em></strong></span> <span class='ocrx_word' id='word_1_267' title='bbox 1434 1948 1593 2016; x_wconf 89' lang='lat' dir='ltr'><strong><em>Boot,</em></strong></span> <span class='ocrx_word' id='word_1_268' title='bbox 1613 1948 1849 2017; x_wconf 82' lang='lat' dir='ltr'><strong><em>Tyrrell,</em></strong></span> <span class='ocrx_word' id='word_1_269' title='bbox 1876 1966 1945 2004; x_wconf 80' lang='lat' dir='ltr'><strong><em>uc</em></strong></span> <span class='ocrx_word' id='word_1_270' title='bbox 1971 1966 2075 2002; x_wconf 94' lang='lat' dir='ltr'><strong><em>om.</em></strong></span> <span class='ocrx_word' id='word_1_271' title='bbox 2091 1948 2269 2017; x_wconf 77' lang='lat' dir='ltr'><strong><em>codd,</em></strong></span> 
     </span>
     <span class='ocr_line' id='line_1_26' title="bbox 255 2018 2267 2090; baseline -0.001 -18"><span class='ocrx_word' id='word_1_272' title='bbox 255 2019 458 2073; x_wconf 83' lang='lat' dir='ltr'><strong><em>Baiter.</em></strong></span> <span class='ocrx_word' id='word_1_273' title='bbox 488 2019 579 2073; x_wconf 89' lang='lat' dir='ltr'><strong><em>Ad</em></strong></span> <span class='ocrx_word' id='word_1_274' title='bbox 595 2025 743 2088; x_wconf 82' lang='lat' dir='ltr'><strong>p.2&#39;7.</strong></span> <span class='ocrx_word' id='word_1_275' title='bbox 761 2026 842 2073; x_wconf 84' lang='lat'><strong>19.</strong></span> <span class='ocrx_word' id='word_1_276' title='bbox 885 2023 904 2090; x_wconf 78' lang='lat' dir='ltr'>ss</span> <span class='ocrx_word' id='word_1_277' title='bbox 948 2018 1209 2074; x_wconf 73' lang='lat'><strong>1’.472.3</strong></span> <span class='ocrx_word' id='word_1_278' title='bbox 1229 2020 1374 2074; x_wconf 76' lang='lat' dir='ltr'><strong><em>nihil</em></strong></span> <span class='ocrx_word' id='word_1_279' title='bbox 1391 2018 1849 2083; x_wconf 89' lang='lat' dir='ltr'><strong><em>Wesenb.,Boot.</em></strong></span> <span class='ocrx_word' id='word_1_280' title='bbox 1880 2019 1969 2072; x_wconf 90' lang='lat' dir='ltr'><strong><em>Ad</em></strong></span> <span class='ocrx_word' id='word_1_281' title='bbox 1985 2025 2171 2088; x_wconf 80' lang='lat' dir='ltr'><strong>p.173.</strong></span> <span class='ocrx_word' id='word_1_282' title='bbox 2186 2026 2267 2073; x_wconf 91' lang='grc'><strong><em>26.</em></strong></span> 
     </span>
     <span class='ocr_line' id='line_1_27' title="bbox 257 2089 2272 2160; baseline -0 -17"><span class='ocrx_word' id='word_1_283' title='bbox 257 2121 325 2129; x_wconf 97' lang='lat'><strong>—</strong></span> <span class='ocrx_word' id='word_1_284' title='bbox 362 2098 393 2143; x_wconf 84' lang='lat'>6</span> <span class='ocrx_word' id='word_1_285' title='bbox 431 2092 657 2158; x_wconf 78' lang='lat' dir='ltr'><strong><em>epistola</em></strong></span> <span class='ocrx_word' id='word_1_286' title='bbox 695 2090 822 2144; x_wconf 87' lang='lat' dir='ltr'><strong><em>add.</em></strong></span> <span class='ocrx_word' id='word_1_287' title='bbox 860 2093 991 2159; x_wconf 92' lang='lat' dir='ltr'><strong><em>post</em></strong></span> <span class='ocrx_word' id='word_1_288' title='bbox 1023 2092 1138 2144; x_wconf 85' lang='lat' dir='ltr'><strong><em>iam</em></strong></span> <span class='ocrx_word' id='word_1_289' title='bbox 1172 2090 1341 2160; x_wconf 72' lang='lat' dir='ltr'><strong><em>vulg,</em></strong></span> <span class='ocrx_word' id='word_1_290' title='bbox 1379 2090 1602 2157; x_wconf 89' lang='lat' dir='ltr'><strong><em>Baiter,</em></strong></span> <span class='ocrx_word' id='word_1_291' title='bbox 1642 2089 1921 2154; x_wconf 81' lang='lat' dir='ltr'><strong><em>Wesenb.,</em></strong></span> <span class='ocrx_word' id='word_1_292' title='bbox 1959 2090 2116 2143; x_wconf 88' lang='lat' dir='ltr'><strong><em>Boot.</em></strong></span> <span class='ocrx_word' id='word_1_293' title='bbox 2183 2090 2272 2142; x_wconf 89' lang='lat' dir='ltr'><strong><em>Ad</em></strong></span> 
     </span>
     <span class='ocr_line' id='line_1_28' title="bbox 252 2159 2269 2231; baseline -0.001 -17"><span class='ocrx_word' id='word_1_294' title='bbox 252 2179 306 2231; x_wconf 90' lang='lat' dir='ltr'><strong><em>p.</em></strong></span> <span class='ocrx_word' id='word_1_295' title='bbox 339 2165 458 2214; x_wconf 92' lang='grc'>171.</span> <span class='ocrx_word' id='word_1_296' title='bbox 490 2166 572 2214; x_wconf 87' lang='grc'><strong><em>30.</em></strong></span> <span class='ocrx_word' id='word_1_297' title='bbox 657 2192 726 2201; x_wconf 92' lang='grc'>-</span> <span class='ocrx_word' id='word_1_298' title='bbox 809 2167 839 2213; x_wconf 90' lang='grc'><strong>9</strong></span> <span class='ocrx_word' id='word_1_299' title='bbox 879 2179 925 2215; x_wconf 84' lang='lat' dir='ltr'><strong><em>v.</em></strong></span> <span class='ocrx_word' id='word_1_300' title='bbox 956 2161 1136 2214; x_wconf 85' lang='lat' dir='ltr'><strong><em>Ruete</em></strong></span> <span class='ocrx_word' id='word_1_301' title='bbox 1170 2178 1226 2231; x_wconf 89' lang='lat' dir='ltr'><strong><em>p.</em></strong></span> <span class='ocrx_word' id='word_1_302' title='bbox 1249 2167 1306 2227; x_wconf 94' lang='grc'><strong><em>8,</em></strong></span> <span class='ocrx_word' id='word_1_303' title='bbox 1355 2160 1415 2214; x_wconf 93' lang='grc' dir='ltr'><strong><em>Ο.</em></strong></span> <span class='ocrx_word' id='word_1_304' title='bbox 1439 2161 1500 2215; x_wconf 89' lang='grc' dir='ltr'><strong><em>Ε.</em></strong></span> <span class='ocrx_word' id='word_1_305' title='bbox 1540 2160 1796 2214; x_wconf 83' lang='lat' dir='ltr'><strong><em>Schmidt</em></strong></span> <span class='ocrx_word' id='word_1_306' title='bbox 1841 2159 2112 2214; x_wconf 73' lang='lat' dir='ltr'><strong><em>FleckeiS.</em></strong></span> <span class='ocrx_word' id='word_1_307' title='bbox 2144 2176 2269 2213; x_wconf 80' lang='lat' dir='ltr'><strong><em>ann.</em></strong></span> 
     </span>
     <span class='ocr_line' id='line_1_29' title="bbox 256 2231 2274 2300; baseline 0 -15"><span class='ocrx_word' id='word_1_308' title='bbox 256 2236 394 2285; x_wconf 88' lang='grc'>1884</span> <span class='ocrx_word' id='word_1_309' title='bbox 429 2249 482 2300; x_wconf 88' lang='lat' dir='ltr'><strong><em>p.</em></strong></span> <span class='ocrx_word' id='word_1_310' title='bbox 496 2237 600 2284; x_wconf 85' lang='lat'><strong><em>344</em></strong></span> <span class='ocrx_word' id='word_1_311' title='bbox 636 2233 749 2299; x_wconf 79' lang='lat'><strong>(28.</strong></span> <span class='ocrx_word' id='word_1_312' title='bbox 770 2231 903 2285; x_wconf 86' lang='lat' dir='ltr'><strong><em>Mai</em></strong></span> <span class='ocrx_word' id='word_1_313' title='bbox 916 2233 1138 2286; x_wconf 77' lang='lat' dir='ltr'><strong><em>Abeuds</em></strong></span> <span class='ocrx_word' id='word_1_314' title='bbox 1173 2233 1301 2286; x_wconf 83' lang='lat' dir='ltr'><strong><em>oder</em></strong></span> <span class='ocrx_word' id='word_1_315' title='bbox 1335 2235 1424 2286; x_wconf 80' lang='lat'><strong>29.</strong></span> <span class='ocrx_word' id='word_1_316' title='bbox 1444 2233 1614 2300; x_wconf 67' lang='lat' dir='ltr'><strong><em>fri‘ih),</em></strong></span> <span class='ocrx_word' id='word_1_317' title='bbox 1650 2238 1874 2287; x_wconf 77' lang='lat' dir='ltr'><strong><em>eoeeuute</em></strong></span> <span class='ocrx_word' id='word_1_318' title='bbox 1908 2248 2082 2286; x_wconf 81' lang='lat' dir='ltr'><strong><em>meuse</em></strong></span> <span class='ocrx_word' id='word_1_319' title='bbox 2110 2231 2274 2285; x_wconf 85' lang='lat' dir='ltr'><strong><em>Maio</em></strong></span> 
     </span>
     <span class='ocr_line' id='line_1_30' title="bbox 253 2301 2275 2372; baseline 0.001 -18"><span class='ocrx_word' id='word_1_320' title='bbox 253 2302 469 2368; x_wconf 87' lang='lat' dir='ltr'><strong><em>Baiter,</em></strong></span> <span class='ocrx_word' id='word_1_321' title='bbox 515 2303 658 2355; x_wconf 79' lang='lat' dir='ltr'><strong><em>iuter</em></strong></span> <span class='ocrx_word' id='word_1_322' title='bbox 703 2301 793 2355; x_wconf 89' lang='lat' dir='ltr'><strong><em>VI</em></strong></span> <span class='ocrx_word' id='word_1_323' title='bbox 814 2302 885 2355; x_wconf 90' lang='lat' dir='ltr'><strong><em>K.</em></strong></span> <span class='ocrx_word' id='word_1_324' title='bbox 917 2309 966 2357; x_wconf 88' lang='lat' dir='ltr'><strong><em>et</em></strong></span> <span class='ocrx_word' id='word_1_325' title='bbox 989 2303 1063 2355; x_wconf 90' lang='lat' dir='ltr'><strong><em>K.</em></strong></span> <span class='ocrx_word' id='word_1_326' title='bbox 1092 2303 1221 2356; x_wconf 79' lang='lat' dir='ltr'><strong><em>Iun.</em></strong></span> <span class='ocrx_word' id='word_1_327' title='bbox 1251 2301 1614 2371; x_wconf 83' lang='lat' dir='ltr'><strong><em>Wesenberg.</em></strong></span> <span class='ocrx_word' id='word_1_328' title='bbox 1673 2334 1739 2343; x_wconf 91' lang='lat'><strong><em>—-</em></strong></span> <span class='ocrx_word' id='word_1_329' title='bbox 1799 2308 1865 2356; x_wconf 88' lang='lat'><strong><em>15</em></strong></span> <span class='ocrx_word' id='word_1_330' title='bbox 1911 2310 2026 2356; x_wconf 86' lang='lat' dir='ltr'><strong><em>tum</em></strong></span> <span class='ocrx_word' id='word_1_331' title='bbox 2069 2319 2275 2372; x_wconf 74' lang='lat' dir='ltr'><strong><em>yeuus</em></strong></span> 
     </span>
     <span class='ocr_line' id='line_1_31' title="bbox 252 2371 2274 2442; baseline -0 -15"><span class='ocrx_word' id='word_1_332' title='bbox 252 2374 524 2427; x_wconf 76' lang='lat' dir='ltr'><strong><em>scribendi</em></strong></span> <span class='ocrx_word' id='word_1_333' title='bbox 559 2372 645 2425; x_wconf 87' lang='lat' dir='ltr'><strong><em>Fr.</em></strong></span> <span class='ocrx_word' id='word_1_334' title='bbox 677 2371 932 2425; x_wconf 81' lang='lat' dir='ltr'><strong><em>Schmidt</em></strong></span> <span class='ocrx_word' id='word_1_335' title='bbox 965 2389 1149 2442; x_wconf 86' lang='lat' dir='ltr'><strong><em>progr.</em></strong></span> <span class='ocrx_word' id='word_1_336' title='bbox 1179 2372 1429 2427; x_wconf 89' lang='lat' dir='ltr'><strong><em>Norimb.</em></strong></span> <span class='ocrx_word' id='word_1_337' title='bbox 1464 2378 1599 2426; x_wconf 92' lang='grc'>1879</span> <span class='ocrx_word' id='word_1_338' title='bbox 1629 2391 1680 2441; x_wconf 93' lang='lat' dir='ltr'><strong><em>p.</em></strong></span> <span class='ocrx_word' id='word_1_339' title='bbox 1706 2379 1770 2425; x_wconf 90' lang='grc'><strong><em>37</em></strong></span> <span class='ocrx_word' id='word_1_340' title='bbox 1802 2372 1892 2441; x_wconf 90' lang='lat' dir='ltr'><strong><em>(cf.</em></strong></span> <span class='ocrx_word' id='word_1_341' title='bbox 1914 2371 2002 2426; x_wconf 90' lang='lat' dir='ltr'><strong><em>vel</em></strong></span> <span class='ocrx_word' id='word_1_342' title='bbox 2021 2378 2140 2426; x_wconf 89' lang='grc'>474.</span> <span class='ocrx_word' id='word_1_343' title='bbox 2166 2375 2274 2441; x_wconf 93' lang='grc'>17),</span> 
     </span>
     <span class='ocr_line' id='line_1_32' title="bbox 253 2442 2272 2513; baseline -0.001 -15"><span class='ocrx_word' id='word_1_344' title='bbox 253 2460 375 2498; x_wconf 87' lang='lat' dir='ltr'><strong><em>cum</em></strong></span> <span class='ocrx_word' id='word_1_345' title='bbox 400 2450 517 2497; x_wconf 87' lang='lat' dir='ltr'><strong><em>tum</em></strong></span> <span class='ocrx_word' id='word_1_346' title='bbox 541 2459 642 2497; x_wconf 88' lang='lat' dir='ltr'><strong><em>scr.</em></strong></span> <span class='ocrx_word' id='word_1_347' title='bbox 658 2442 733 2510; x_wconf 87' lang='lat' dir='ltr'><strong><em>M,</em></strong></span> <span class='ocrx_word' id='word_1_348' title='bbox 764 2460 891 2496; x_wconf 92' lang='lat' dir='ltr'><strong><em>cum</em></strong></span> <span class='ocrx_word' id='word_1_349' title='bbox 917 2458 1079 2498; x_wconf 89' lang='lat' dir='ltr'><strong><em>cruce</em></strong></span> <span class='ocrx_word' id='word_1_350' title='bbox 1105 2442 1323 2511; x_wconf 81' lang='lat' dir='ltr'><strong><em>Tyrrell</em></strong></span> <span class='ocrx_word' id='word_1_351' title='bbox 1352 2458 1436 2513; x_wconf 88' lang='lat' dir='ltr'><strong><em>ep.</em></strong></span> <span class='ocrx_word' id='word_1_352' title='bbox 1452 2448 1572 2509; x_wconf 89' lang='grc'>739,</span> <span class='ocrx_word' id='word_1_353' title='bbox 1601 2451 1716 2498; x_wconf 86' lang='lat' dir='ltr'><strong><em>tum</em></strong></span> <span class='ocrx_word' id='word_1_354' title='bbox 1740 2443 2045 2498; x_wconf 75' lang='lat' dir='ltr'><strong><em>scribendi*</em></strong></span> <span class='ocrx_word' id='word_1_355' title='bbox 2063 2443 2272 2510; x_wconf 86' lang='lat' dir='ltr'><strong><em>Baiter,</em></strong></span> 
     </span>
     <span class='ocr_line' id='line_1_33' title="bbox 254 2511 2271 2581; baseline -0 -13"><span class='ocrx_word' id='word_1_356' title='bbox 254 2520 368 2568; x_wconf 61' lang='lat' dir='ltr'><strong><em>tiam</em></strong></span> <span class='ocrx_word' id='word_1_357' title='bbox 398 2555 409 2567; x_wconf 95' lang='lat'><strong><em>.</em></strong></span> <span class='ocrx_word' id='word_1_358' title='bbox 434 2556 445 2567; x_wconf 93' lang='lat'><strong><em>.</em></strong></span> <span class='ocrx_word' id='word_1_359' title='bbox 470 2555 481 2566; x_wconf 94' lang='lat'><strong><em>.</em></strong></span> <span class='ocrx_word' id='word_1_360' title='bbox 508 2514 780 2567; x_wconf 73' lang='lat' dir='ltr'><strong><em>scribendi</em></strong></span> <span class='ocrx_word' id='word_1_361' title='bbox 805 2513 949 2567; x_wconf 92' lang='lat' dir='ltr'><strong><em>Boot</em></strong></span> <span class='ocrx_word' id='word_1_362' title='bbox 976 2513 1116 2567; x_wconf 89' lang='lat' dir='ltr'><strong><em>coni.</em></strong></span> <span class='ocrx_word' id='word_1_363' title='bbox 1138 2521 1253 2568; x_wconf 87' lang='lat' dir='ltr'><strong><em>tum</em></strong></span> <span class='ocrx_word' id='word_1_364' title='bbox 1278 2511 1442 2575; x_wconf 82' lang='grc' dir='ltr'><strong><em>τόνος</em></strong></span> <span class='ocrx_word' id='word_1_365' title='bbox 1466 2514 1752 2581; x_wconf 74' lang='lat' dir='ltr'><strong><em>scribendi,</em></strong></span> <span class='ocrx_word' id='word_1_366' title='bbox 1781 2514 1882 2567; x_wconf 88' lang='lat' dir='ltr'><strong><em>sed</em></strong></span> <span class='ocrx_word' id='word_1_367' title='bbox 1908 2513 2111 2567; x_wconf 90' lang='lat' dir='ltr'><strong><em>Mnem.</em></strong></span> <span class='ocrx_word' id='word_1_368' title='bbox 2135 2519 2271 2567; x_wconf 82' lang='lat'>1892</span> 
     </span>
     <span class='ocr_line' id='line_1_34' title="bbox 253 2583 2271 2654; baseline -0 -16"><span class='ocrx_word' id='word_1_369' title='bbox 253 2602 306 2653; x_wconf 92' lang='lat' dir='ltr'><strong><em>p.</em></strong></span> <span class='ocrx_word' id='word_1_370' title='bbox 341 2589 442 2638; x_wconf 82' lang='grc'>125</span> <span class='ocrx_word' id='word_1_371' title='bbox 489 2583 690 2638; x_wconf 88' lang='lat' dir='ltr'><strong><em>laudat</em></strong></span> <span class='ocrx_word' id='word_1_372' title='bbox 731 2601 901 2654; x_wconf 71' lang='lat' dir='ltr'><strong><em>ycuus</em></strong></span> <span class='ocrx_word' id='word_1_373' title='bbox 945 2584 1238 2651; x_wconf 78' lang='lat' dir='ltr'><strong><em>scribendi,</em></strong></span> <span class='ocrx_word' id='word_1_374' title='bbox 1285 2590 1400 2638; x_wconf 87' lang='lat' dir='ltr'><strong><em>tum</em></strong></span> <span class='ocrx_word' id='word_1_375' title='bbox 1437 2601 1573 2638; x_wconf 87' lang='lat' dir='ltr'><strong><em>cura</em></strong></span> <span class='ocrx_word' id='word_1_376' title='bbox 1606 2585 1764 2639; x_wconf 88' lang='lat' dir='ltr'><strong><em>scrib.</em></strong></span> <span class='ocrx_word' id='word_1_377' title='bbox 1802 2587 1954 2651; x_wconf 75' lang='lat' dir='ltr'><strong><em>vett,</em></strong></span> <span class='ocrx_word' id='word_1_378' title='bbox 1991 2583 2237 2637; x_wconf 90' lang='lat' dir='ltr'><strong><em>Wesenb</em></strong></span> <span class='ocrx_word' id='word_1_379' title='bbox 2258 2627 2271 2647; x_wconf 93' lang='lat'><strong><em>,</em></strong></span> 
     </span>
     <span class='ocr_line' id='line_1_35' title="bbox 254 2653 2275 2723; baseline -0.001 -15"><span class='ocrx_word' id='word_1_380' title='bbox 254 2672 425 2709; x_wconf 88' lang='lat' dir='ltr'><strong><em>causa</em></strong></span> <span class='ocrx_word' id='word_1_381' title='bbox 463 2653 577 2708; x_wconf 88' lang='lat' dir='ltr'><strong><em>alii.</em></strong></span> <span class='ocrx_word' id='word_1_382' title='bbox 610 2686 673 2694; x_wconf 94' lang='grc'>-</span> <span class='ocrx_word' id='word_1_383' title='bbox 715 2661 781 2707; x_wconf 91' lang='grc'><strong><em>26</em></strong></span> <span class='ocrx_word' id='word_1_384' title='bbox 811 2654 985 2709; x_wconf 85' lang='lat' dir='ltr'><strong><em>Mart.</em></strong></span> <span class='ocrx_word' id='word_1_385' title='bbox 1016 2670 1122 2708; x_wconf 93' lang='lat' dir='ltr'><strong><em>om.</em></strong></span> <span class='ocrx_word' id='word_1_386' title='bbox 1153 2654 1361 2721; x_wconf 87' lang='lat' dir='ltr'><strong><em>Baiter,</em></strong></span> <span class='ocrx_word' id='word_1_387' title='bbox 1391 2653 1651 2708; x_wconf 90' lang='lat' dir='ltr'><strong><em>Wesenb.</em></strong></span> <span class='ocrx_word' id='word_1_388' title='bbox 1708 2657 1728 2723; x_wconf 82' lang='grc' dir='ltr'><strong><em>ΙΙ</em></strong></span> <span class='ocrx_word' id='word_1_389' title='bbox 1790 2655 1860 2710; x_wconf 84' lang='grc' dir='ltr'><strong><em>Ρ.</em></strong></span> <span class='ocrx_word' id='word_1_390' title='bbox 1882 2653 2019 2709; x_wconf 80' lang='grc'>473.</span> <span class='ocrx_word' id='word_1_391' title='bbox 2043 2661 2073 2707; x_wconf 88' lang='grc'>2</span> <span class='ocrx_word' id='word_1_392' title='bbox 2094 2656 2275 2723; x_wconf 81' lang='lat' dir='ltr'><strong><em>possis</em></strong></span> 
     </span>
     <span class='ocr_line' id='line_1_36' title="bbox 255 2724 2272 2794; baseline 0 -16"><span class='ocrx_word' id='word_1_393' title='bbox 255 2742 361 2778; x_wconf 92' lang='lat' dir='ltr'><strong><em>om.</em></strong></span> <span class='ocrx_word' id='word_1_394' title='bbox 401 2724 691 2792; x_wconf 90' lang='lat' dir='ltr'><strong><em>Wesenb.,</em></strong></span> <span class='ocrx_word' id='word_1_395' title='bbox 731 2725 899 2792; x_wconf 86' lang='lat' dir='ltr'><strong><em>Boot,</em></strong></span> <span class='ocrx_word' id='word_1_396' title='bbox 935 2724 1183 2779; x_wconf 88' lang='lat' dir='ltr'><strong><em>retinent</em></strong></span> <span class='ocrx_word' id='word_1_397' title='bbox 1216 2725 1435 2792; x_wconf 87' lang='lat' dir='ltr'><strong><em>Baiter,</em></strong></span> <span class='ocrx_word' id='word_1_398' title='bbox 1472 2724 1690 2793; x_wconf 81' lang='lat' dir='ltr'><strong><em>Tyrrell</em></strong></span> <span class='ocrx_word' id='word_1_399' title='bbox 1727 2741 1812 2794; x_wconf 91' lang='lat' dir='ltr'><strong><em>ep.</em></strong></span> <span class='ocrx_word' id='word_1_400' title='bbox 1847 2730 1945 2779; x_wconf 91' lang='grc'><strong><em>741</em></strong></span> <span class='ocrx_word' id='word_1_401' title='bbox 1985 2725 2140 2792; x_wconf 83' lang='lat' dir='ltr'><strong><em>fals.;</em></strong></span> <span class='ocrx_word' id='word_1_402' title='bbox 2179 2725 2272 2779; x_wconf 90' lang='lat' dir='ltr'><strong><em>de-</em></strong></span> 
     </span>
     <span class='ocr_line' id='line_1_37' title="bbox 252 2795 2275 2864; baseline 0 -16"><span class='ocrx_word' id='word_1_403' title='bbox 252 2795 387 2849; x_wconf 89' lang='lat' dir='ltr'><strong><em>bere</em></strong></span> <span class='ocrx_word' id='word_1_404' title='bbox 423 2812 531 2850; x_wconf 88' lang='lat' dir='ltr'><strong><em>esse</em></strong></span> <span class='ocrx_word' id='word_1_405' title='bbox 559 2798 790 2864; x_wconf 79' lang='lat' dir='ltr'><strong><em>poteris</em></strong></span> <span class='ocrx_word' id='word_1_406' title='bbox 823 2797 975 2849; x_wconf 90' lang='lat' dir='ltr'><strong><em>recte</em></strong></span> <span class='ocrx_word' id='word_1_407' title='bbox 1010 2795 1167 2849; x_wconf 92' lang='lat' dir='ltr'><strong><em>Boot.</em></strong></span> <span class='ocrx_word' id='word_1_408' title='bbox 1224 2795 1315 2848; x_wconf 92' lang='lat' dir='ltr'><strong><em>Ad</em></strong></span> <span class='ocrx_word' id='word_1_409' title='bbox 1350 2814 1405 2864; x_wconf 92' lang='lat' dir='ltr'><strong><em>p.</em></strong></span> <span class='ocrx_word' id='word_1_410' title='bbox 1437 2801 1519 2848; x_wconf 88' lang='grc'><strong><em>24.</em></strong></span> <span class='ocrx_word' id='word_1_411' title='bbox 1544 2800 1591 2848; x_wconf 90' lang='lat'><strong><em>8.</em></strong></span> <span class='ocrx_word' id='word_1_412' title='bbox 1632 2827 1701 2835; x_wconf 91' lang='lat'><strong><em>——</em></strong></span> <span class='ocrx_word' id='word_1_413' title='bbox 1739 2802 1770 2848; x_wconf 99' lang='lat'>5</span> <span class='ocrx_word' id='word_1_414' title='bbox 1810 2796 1870 2849; x_wconf 82' lang='lat' dir='ltr'><strong><em>id</em></strong></span> <span class='ocrx_word' id='word_1_415' title='bbox 1899 2797 2113 2864; x_wconf 77' lang='lat' dir='ltr'><strong><em>quidem</em></strong></span> <span class='ocrx_word' id='word_1_416' title='bbox 2140 2797 2275 2849; x_wconf 81' lang='lat' dir='ltr'><strong><em>mihi</em></strong></span> 
     </span>
     <span class='ocr_line' id='line_1_38' title="bbox 254 2865 2272 2934; baseline -0 -14"><span class='ocrx_word' id='word_1_417' title='bbox 254 2883 386 2920; x_wconf 76' lang='lat' dir='ltr'><strong><em>nou</em></strong></span> <span class='ocrx_word' id='word_1_418' title='bbox 420 2867 707 2920; x_wconf 83' lang='lat' dir='ltr'><strong><em>videbatur</em></strong></span> <span class='ocrx_word' id='word_1_419' title='bbox 732 2865 884 2934; x_wconf 86' lang='lat' dir='ltr'><strong><em>Pius,</em></strong></span> <span class='ocrx_word' id='word_1_420' title='bbox 911 2865 1120 2933; x_wconf 87' lang='lat' dir='ltr'><strong><em>Baiter,</em></strong></span> <span class='ocrx_word' id='word_1_421' title='bbox 1149 2897 1219 2905; x_wconf 93' lang='lat'><strong>—</strong></span> <span class='ocrx_word' id='word_1_422' title='bbox 1244 2867 1398 2919; x_wconf 80' lang='lat' dir='ltr'><strong><em>haud</em></strong></span> <span class='ocrx_word' id='word_1_423' title='bbox 1423 2867 1708 2921; x_wconf 83' lang='lat' dir='ltr'><strong><em>videbatur</em></strong></span> <span class='ocrx_word' id='word_1_424' title='bbox 1735 2865 1926 2933; x_wconf 85' lang='lat' dir='ltr'><strong><em>Orelli,</em></strong></span> <span class='ocrx_word' id='word_1_425' title='bbox 1955 2897 2025 2906; x_wconf 93' lang='lat'>—</span> <span class='ocrx_word' id='word_1_426' title='bbox 2053 2865 2107 2895; x_wconf 71' lang='lat'><strong><em>*²⁸</em></strong></span> <span class='ocrx_word' id='word_1_427' title='bbox 2127 2867 2272 2920; x_wconf 81' lang='lat' dir='ltr'><strong><em>vide-</em></strong></span> 
     </span>
     <span class='ocr_line' id='line_1_39' title="bbox 258 2935 2274 3004; baseline 0 -15"><span class='ocrx_word' id='word_1_428' title='bbox 258 2938 419 2991; x_wconf 87' lang='lat' dir='ltr'><strong><em>batur</em></strong></span> <span class='ocrx_word' id='word_1_429' title='bbox 464 2935 725 2990; x_wconf 90' lang='lat' dir='ltr'><strong><em>Wesenb.</em></strong></span> <span class='ocrx_word' id='word_1_430' title='bbox 777 2936 917 2990; x_wconf 90' lang='lat' dir='ltr'><strong><em>coni.</em></strong></span> <span class='ocrx_word' id='word_1_431' title='bbox 970 2938 1066 2991; x_wconf 78' lang='lat' dir='ltr'><strong><em>vix</em></strong></span> <span class='ocrx_word' id='word_1_432' title='bbox 1107 2938 1225 3004; x_wconf 79' lang='lat' dir='ltr'><strong><em>fore</em></strong></span> <span class='ocrx_word' id='word_1_433' title='bbox 1273 2939 1373 2989; x_wconf 85' lang='lat' dir='ltr'><strong><em>aut</em></strong></span> <span class='ocrx_word' id='word_1_434' title='bbox 1414 2938 1532 3004; x_wconf 80' lang='lat' dir='ltr'><strong><em>fore</em></strong></span> <span class='ocrx_word' id='word_1_435' title='bbox 1580 2938 1701 3003; x_wconf 81' lang='lat' dir='ltr'><strong><em>vioe,</em></strong></span> <span class='ocrx_word' id='word_1_436' title='bbox 1747 2968 1817 2976; x_wconf 91' lang='lat'><strong><em>—-—</em></strong></span> <span class='ocrx_word' id='word_1_437' title='bbox 1857 2938 1953 2992; x_wconf 75' lang='lat' dir='ltr'><strong><em>vix</em></strong></span> <span class='ocrx_word' id='word_1_438' title='bbox 1988 2937 2274 2991; x_wconf 82' lang='lat' dir='ltr'><strong><em>videbatur</em></strong></span> 
     </span>
     <span class='ocr_line' id='line_1_40' title="bbox 255 3006 2272 3076; baseline 0 -16"><span class='ocrx_word' id='word_1_439' title='bbox 255 3006 436 3073; x_wconf 87' lang='lat' dir='ltr'><strong><em>Klotz,</em></strong></span> <span class='ocrx_word' id='word_1_440' title='bbox 474 3006 717 3075; x_wconf 80' lang='lat' dir='ltr'><strong><em>Tyrrell,</em></strong></span> <span class='ocrx_word' id='word_1_441' title='bbox 755 3008 817 3062; x_wconf 81' lang='lat' dir='ltr'><strong><em>id</em></strong></span> <span class='ocrx_word' id='word_1_442' title='bbox 854 3008 1067 3076; x_wconf 79' lang='lat' dir='ltr'><strong><em>quidem</em></strong></span> <span class='ocrx_word' id='word_1_443' title='bbox 1103 3009 1238 3061; x_wconf 80' lang='lat' dir='ltr'><strong><em>mihi</em></strong></span> <span class='ocrx_word' id='word_1_444' title='bbox 1264 3008 1551 3061; x_wconf 81' lang='lat' dir='ltr'><strong><em>videbatur</em></strong></span> <span class='ocrx_word' id='word_1_445' title='bbox 1585 3007 1730 3060; x_wconf 92' lang='lat' dir='ltr'><strong><em>Boot</em></strong></span> <span class='ocrx_word' id='word_1_446' title='bbox 1765 3006 1877 3076; x_wconf 90' lang='lat' dir='ltr'><strong><em>(cui</em></strong></span> <span class='ocrx_word' id='word_1_447' title='bbox 1917 3007 2068 3075; x_wconf 77' lang='lat' dir='ltr'><strong><em>‘post</em></strong></span> <span class='ocrx_word' id='word_1_448' title='bbox 2103 3009 2272 3061; x_wconf 85' lang='lat' dir='ltr'><strong><em>mitte-</em></strong></span> 
     </span>
     <span class='ocr_line' id='line_1_41' title="bbox 253 3076 2274 3147; baseline -0.001 -15"><span class='ocrx_word' id='word_1_449' title='bbox 253 3084 446 3132; x_wconf 74' lang='lat' dir='ltr'><strong><em>rentur</em></strong></span> <span class='ocrx_word' id='word_1_450' title='bbox 483 3076 715 3145; x_wconf 85' lang='lat' dir='ltr'><strong><em>aliquod</em></strong></span> <span class='ocrx_word' id='word_1_451' title='bbox 747 3078 979 3132; x_wconf 88' lang='lat' dir='ltr'><strong><em>verbum</em></strong></span> <span class='ocrx_word' id='word_1_452' title='bbox 1014 3076 1103 3130; x_wconf 90' lang='lat' dir='ltr'><strong><em>vel</em></strong></span> <span class='ocrx_word' id='word_1_453' title='bbox 1137 3076 1503 3147; x_wconf 84' lang='lat' dir='ltr'><strong><em>participium</em></strong></span> <span class='ocrx_word' id='word_1_454' title='bbox 1536 3076 1738 3131; x_wconf 84' lang='lat' dir='ltr'><strong><em>similis</em></strong></span> <span class='ocrx_word' id='word_1_455' title='bbox 1765 3078 1978 3131; x_wconf 84' lang='lat' dir='ltr'><strong><em>formae</em></strong></span> <span class='ocrx_word' id='word_1_456' title='bbox 2007 3076 2274 3130; x_wconf 82' lang='lat' dir='ltr'><strong><em>omissum</em></strong></span> 
     </span>
     <span class='ocr_line' id='line_1_42' title="bbox 254 3145 2274 3218; baseline 0 -17"><span class='ocrx_word' id='word_1_457' title='bbox 254 3148 493 3217; x_wconf 87' lang='lat' dir='ltr'><strong><em>videtur,</em></strong></span> <span class='ocrx_word' id='word_1_458' title='bbox 530 3147 685 3202; x_wconf 89' lang='lat' dir='ltr'><strong><em>velut</em></strong></span> <span class='ocrx_word' id='word_1_459' title='bbox 720 3148 871 3216; x_wconf 88' lang='lat' dir='ltr'><strong><em>quod</em></strong></span> <span class='ocrx_word' id='word_1_460' title='bbox 907 3147 1224 3217; x_wconf 85' lang='lat' dir='ltr'><strong><em>Madvigius</em></strong></span> <span class='ocrx_word' id='word_1_461' title='bbox 1264 3148 1327 3201; x_wconf 90' lang='lat' dir='ltr'><strong>A.</strong></span> <span class='ocrx_word' id='word_1_462' title='bbox 1369 3145 1424 3201; x_wconf 85' lang='lat' dir='ltr'><strong><em>C.</em></strong></span> <span class='ocrx_word' id='word_1_463' title='bbox 1454 3148 1530 3200; x_wconf 91' lang='grc' dir='ltr'><strong><em>ΠΙ</em></strong></span> <span class='ocrx_word' id='word_1_464' title='bbox 1554 3166 1609 3218; x_wconf 94' lang='lat' dir='ltr'><strong>p.</strong></span> <span class='ocrx_word' id='word_1_465' title='bbox 1642 3153 1742 3201; x_wconf 89' lang='grc'><strong><em>191</em></strong></span> <span class='ocrx_word' id='word_1_466' title='bbox 1783 3147 2045 3201; x_wconf 84' lang='lat' dir='ltr'><strong><em>coniecit:</em></strong></span> <span class='ocrx_word' id='word_1_467' title='bbox 2103 3165 2274 3202; x_wconf 76' lang='lat' dir='ltr'><strong><em>emen-</em></strong></span> 
     </span>
     <span class='ocr_line' id='line_1_43' title="bbox 254 3217 2274 3288; baseline -0 -15"><span class='ocrx_word' id='word_1_468' title='bbox 254 3219 455 3273; x_wconf 87' lang='lat' dir='ltr'><strong><em>titum’.</em></strong></span> <span class='ocrx_word' id='word_1_469' title='bbox 540 3217 701 3283; x_wconf 81' lang='lat' dir='ltr'><strong><em>Quod</em></strong></span> <span class='ocrx_word' id='word_1_470' title='bbox 747 3219 931 3273; x_wconf 84' lang='lat' dir='ltr'><strong><em>addit:</em></strong></span> <span class='ocrx_word' id='word_1_471' title='bbox 987 3219 1102 3272; x_wconf 79' lang='lat' dir='ltr'><strong><em>‘Sic</em></strong></span> <span class='ocrx_word' id='word_1_472' title='bbox 1148 3219 1373 3271; x_wconf 88' lang='lat' dir='ltr'><strong><em>demum</em></strong></span> <span class='ocrx_word' id='word_1_473' title='bbox 1416 3219 1476 3272; x_wconf 82' lang='lat' dir='ltr'><strong><em>id</em></strong></span> <span class='ocrx_word' id='word_1_474' title='bbox 1513 3219 1727 3287; x_wconf 78' lang='lat' dir='ltr'><strong><em>quidem</em></strong></span> <span class='ocrx_word' id='word_1_475' title='bbox 1764 3235 1823 3273; x_wconf 92' lang='lat' dir='ltr'><strong><em>se</em></strong></span> <span class='ocrx_word' id='word_1_476' title='bbox 1859 3218 2006 3272; x_wconf 90' lang='lat' dir='ltr'><strong><em>tueri</em></strong></span> <span class='ocrx_word' id='word_1_477' title='bbox 2042 3219 2274 3288; x_wconf 84' lang='lat' dir='ltr'><strong><em>potest’,</em></strong></span> 
     </span>
     <span class='ocr_line' id='line_1_44' title="bbox 253 3288 2274 3359; baseline 0 -17"><span class='ocrx_word' id='word_1_478' title='bbox 253 3306 368 3343; x_wconf 91' lang='lat' dir='ltr'><strong><em>non</em></strong></span> <span class='ocrx_word' id='word_1_479' title='bbox 405 3288 721 3359; x_wconf 90' lang='lat' dir='ltr'><strong><em>intellego),</em></strong></span> <span class='ocrx_word' id='word_1_480' title='bbox 769 3291 903 3343; x_wconf 86' lang='lat' dir='ltr'><strong><em>mihi</em></strong></span> <span class='ocrx_word' id='word_1_481' title='bbox 945 3290 1166 3344; x_wconf 74' lang='lat' dir='ltr'><strong><em>mentiri</em></strong></span> <span class='ocrx_word' id='word_1_482' title='bbox 1199 3290 1486 3343; x_wconf 82' lang='lat' dir='ltr'><strong><em>videbatur</em></strong></span> <span class='ocrx_word' id='word_1_483' title='bbox 1521 3289 1607 3342; x_wconf 87' lang='lat' dir='ltr'><strong><em>Fr.</em></strong></span> <span class='ocrx_word' id='word_1_484' title='bbox 1649 3288 1904 3343; x_wconf 90' lang='lat' dir='ltr'><strong><em>Schmidt</em></strong></span> <span class='ocrx_word' id='word_1_485' title='bbox 1939 3305 2122 3358; x_wconf 87' lang='lat' dir='ltr'><strong><em>progr.</em></strong></span> <span class='ocrx_word' id='word_1_486' title='bbox 2162 3288 2274 3342; x_wconf 88' lang='lat' dir='ltr'><strong><em>No-</em></strong></span> 
     </span>
     <span class='ocr_line' id='line_1_45' title="bbox 252 3358 2275 3429; baseline -0.001 -16"><span class='ocrx_word' id='word_1_487' title='bbox 252 3360 416 3413; x_wconf 90' lang='lat' dir='ltr'><strong><em>rimb.</em></strong></span> <span class='ocrx_word' id='word_1_488' title='bbox 459 3365 595 3413; x_wconf 91' lang='grc'>1879</span> <span class='ocrx_word' id='word_1_489' title='bbox 632 3378 686 3429; x_wconf 92' lang='lat' dir='ltr'><strong>p.</strong></span> <span class='ocrx_word' id='word_1_490' title='bbox 718 3365 785 3414; x_wconf 87' lang='grc'><strong><em>37</em></strong></span> <span class='ocrx_word' id='word_1_491' title='bbox 821 3359 1071 3428; x_wconf 90' lang='lat' dir='ltr'><strong><em>probab.,</em></strong></span> <span class='ocrx_word' id='word_1_492' title='bbox 1107 3361 1186 3413; x_wconf 87' lang='lat' dir='ltr'><strong><em>mi</em></strong></span> <span class='ocrx_word' id='word_1_493' title='bbox 1220 3361 1421 3413; x_wconf 85' lang='lat' dir='ltr'><strong><em>mirum</em></strong></span> <span class='ocrx_word' id='word_1_494' title='bbox 1455 3360 1741 3415; x_wconf 78' lang='lat' dir='ltr'><strong><em>videbatur</em></strong></span> <span class='ocrx_word' id='word_1_495' title='bbox 1776 3360 1833 3413; x_wconf 93' lang='lat' dir='ltr'><strong>P.</strong></span> <span class='ocrx_word' id='word_1_496' title='bbox 1869 3358 2060 3428; x_wconf 83' lang='lat' dir='ltr'><strong><em>Meyer</em></strong></span> <span class='ocrx_word' id='word_1_497' title='bbox 2087 3376 2275 3428; x_wconf 87' lang='lat' dir='ltr'><strong><em>progr.</em></strong></span> 
     </span>
     <span class='ocr_line' id='line_1_46' title="bbox 250 3428 2276 3500; baseline -0.001 -15"><span class='ocrx_word' id='word_1_498' title='bbox 250 3430 544 3500; x_wconf 85' lang='lat' dir='ltr'><strong><em>Bayreuth</em></strong></span> <span class='ocrx_word' id='word_1_499' title='bbox 584 3435 719 3484; x_wconf 92' lang='grc'>1887</span> <span class='ocrx_word' id='word_1_500' title='bbox 757 3449 809 3499; x_wconf 93' lang='lat' dir='ltr'><strong><em>p.</em></strong></span> <span class='ocrx_word' id='word_1_501' title='bbox 842 3436 975 3497; x_wconf 86' lang='lat' dir='ltr'><strong><em>9sq.</em></strong></span> <span class='ocrx_word' id='word_1_502' title='bbox 1024 3460 1094 3471; x_wconf 91' lang='lat'><em>-</em></span> <span class='ocrx_word' id='word_1_503' title='bbox 1141 3435 1173 3483; x_wconf 89' lang='grc'>6</span> <span class='ocrx_word' id='word_1_504' title='bbox 1218 3431 1483 3499; x_wconf 79' lang='lat' dir='ltr'><strong><em>villaeque</em></strong></span> <span class='ocrx_word' id='word_1_505' title='bbox 1526 3428 1816 3496; x_wconf 90' lang='lat' dir='ltr'><strong><em>Wesenb.,</em></strong></span> <span class='ocrx_word' id='word_1_506' title='bbox 1862 3429 2108 3497; x_wconf 80' lang='lat' dir='ltr'><strong><em>Tyrrell,</em></strong></span> <span class='ocrx_word' id='word_1_507' title='bbox 2151 3446 2276 3482; x_wconf 87' lang='lat' dir='ltr'><strong><em>cum</em></strong></span> 
     </span>
     <span class='ocr_line' id='line_1_47' title="bbox 252 3499 2275 3572; baseline -0.003 -15"><span class='ocrx_word' id='word_1_508' title='bbox 252 3517 421 3557; x_wconf 88' lang='lat' dir='ltr'><strong><em>cruce</em></strong></span> <span class='ocrx_word' id='word_1_509' title='bbox 464 3502 609 3555; x_wconf 95' lang='lat' dir='ltr'><strong><em>Boot</em></strong></span> <span class='ocrx_word' id='word_1_510' title='bbox 652 3500 803 3554; x_wconf 87' lang='lat' dir='ltr'><strong><em>laud.</em></strong></span> <span class='ocrx_word' id='word_1_511' title='bbox 851 3500 1038 3554; x_wconf 87' lang='lat' dir='ltr'><strong><em>Klotzi</em></strong></span> <span class='ocrx_word' id='word_1_512' title='bbox 1084 3499 1314 3554; x_wconf 91' lang='lat' dir='ltr'><strong><em>coniect.</em></strong></span> <span class='ocrx_word' id='word_1_513' title='bbox 1362 3502 1708 3572; x_wconf 78' lang='lat' dir='ltr'><strong><em>viyiliaeque,</em></strong></span> <span class='ocrx_word' id='word_1_514' title='bbox 1755 3500 1906 3568; x_wconf 90' lang='lat' dir='ltr'><strong><em>quod</em></strong></span> <span class='ocrx_word' id='word_1_515' title='bbox 1941 3499 2093 3552; x_wconf 92' lang='lat' dir='ltr'><strong><em>idem</em></strong></span> <span class='ocrx_word' id='word_1_516' title='bbox 2130 3516 2275 3553; x_wconf 86' lang='lat' dir='ltr'><strong><em>com·</em></strong></span> 
     </span>
    </p>
   </div>
  </div>
 </body>
</html>
