2642 3923
762 1059 1315 1136 ADNOTATIO
1374 1062 1773 1138 CRITICA.

389 1318 532 1376 Cum
561 1324 686 1375 octo
716 1336 890 1373 annos
919 1320 979 1372 in
1009 1319 1241 1374 edendis
1269 1319 1548 1374 Tullianis
1578 1321 1802 1391 scriptis
1832 1338 2138 1379 cessassem
2165 1341 2268 1379 nec

248 1408 672 1517 ἷῗέἓέθιίξὲῗὲ
688 1391 1603 1531 Ρᾱῗιῖἳὲἳρέἰιῗὲἳῖῖἓῗέἰᾞξῖᾙ
1629 1393 2269 1520 θῖῗὲωὲῗηὲῗὲᾛὲἓέ

249 1538 560 1605 apparatus
600 1533 782 1586 critici
808 1532 1002 1601 inopia
1029 1531 1271 1586 alterum
1296 1532 1555 1586 volumen
1584 1507 1748 1588 edere
1777 1535 2026 1589 animum
2051 1536 2266 1605 induxi,

247 1606 395 1673 quod
432 1621 621 1672 neque
659 1619 784 1673 spes
823 1606 946 1657 erat
970 1602 1534 1657 Mendelssohnianae
1563 1605 1804 1659 similem
1830 1606 2030 1659 harum
2057 1607 2264 1676 epistu-

245 1675 429 1730 larum
467 1675 780 1729 editionem
813 1690 903 1727 me
940 1674 1187 1727 visurum
1224 1690 1371 1741 esse,
1419 1677 1478 1728 et
1514 1676 1664 1743 quod
1702 1676 1776 1729 ad
1811 1677 2265 1747 interpretandas

247 1751 304 1801 et
348 1745 736 1801 emendandas
783 1744 1056 1815 epistulas
1105 1745 1179 1798 ad
1215 1745 1469 1798 Atticum
1513 1748 1571 1799 et
1616 1746 1689 1799 ad
1726 1747 1962 1801 Brutum
1996 1749 2265 1818 proximis

246 1818 437 1872 lustris
488 1815 805 1885 complures
850 1815 956 1868 viri
1005 1816 1157 1869 docti
1192 1818 1417 1868 tantum
1451 1816 1832 1885 profecerunt,
1878 1821 1944 1872 ut
1980 1835 2123 1886 eum,
2170 1821 2266 1888 qui

246 1889 557 1960 diligenter
602 1904 793 1940 eorum
840 1886 1029 1940 studia
1074 1887 1135 1939 in
1182 1903 1346 1939 suum
1379 1904 1543 1940 usum
1580 1889 1929 1957 converterit,
1974 1906 2086 1943 non
2123 1889 2266 1943 diffi-

247 1959 350 2015 cile
409 1961 488 2015 sit
516 1957 717 2042 ‘pau-lo
774 1957 1182 2041 emendatiores
1238 1957 1343 2039 has
1399 1956 1673 2028 epistulas
1707 1959 1917 2042 edere,
1973 1977 2144 2028 quam
2188 1960 2264 2015 le·

244 2034 483 2156 {3332
510 2028 1255 2167 ffonussstffdfflmffi'ruffi'
1258 2029 1472 2153 ¹3¹3?
1474 2046 1599 2153 ¹:122
1627 2032 2268 2170 3335132231332323?

243 2174 357 2227 tius
394 2171 646 2226 iudicari
682 2170 918 2240 possint,
958 2188 1084 2224 cum
1120 2170 1341 2224 codices
1367 2169 1588 2240 plenius
1619 2174 1678 2225 et
1704 2171 2021 2226 accuratius
2050 2174 2268 2227 excussi

244 2245 383 2310 sint,
429 2244 496 2297 id
532 2242 689 2310 quod
721 2241 864 2294 mihi
898 2241 958 2294 in
994 2241 1066 2294 iis
1104 2240 1347 2294 maxime
1384 2241 1641 2310 epistulis
1681 2242 1968 2312 apparuit,
2016 2243 2089 2296 ad
2127 2260 2267 2311 quas

242 2315 594 2369 Lehmann
631 2314 690 2366 et
716 2312 1063 2365 Andresen
1091 2312 1152 2365 in
1178 2310 1596 2365 Hofmanniana
1624 2312 1993 2382 epistularum
2021 2314 2268 2369 editione

241 2383 563 2439 Lehmanni
609 2385 944 2452 apparatum
988 2381 1246 2435 criticum
1291 2381 1667 2452 divulgarunt.
1739 2382 1913 2438 Velut
1954 2403 2009 2454 p.
2050 2391 2169 2440 194.
2200 2392 2267 2440 16

240 2474 353 2511 non
407 2457 552 2510 mihi
608 2455 746 2522 ipse,
802 2453 901 2506 sed
946 2454 1061 2535 ipse
1103 2454 1240 2507 mihi
1283 2453 1654 2522 scripsissem,
1701 2454 1812 2508 nisi
1863 2470 1897 2508 a
1944 2455 2267 2511 Lehmanno

246 2527 586 2581 didicissem
618 2523 764 2578 illud
802 2539 922 2578 esse
958 2542 1019 2577 ln
1057 2523 1215 2578 codd.
1245 2523 1408 2578 NOP.

381 2597 565 2662 Nam,
615 2593 869 2663 quamvis
913 2593 1095 2647 multa
1141 2594 1315 2647 dubia
1362 2595 1477 2648 sint
1511 2594 1599 2648 vel
1634 2595 2036 2665 improbabilia
2074 2613 2142 2650 ex
2177 2598 2267 2665 iis,

241 2686 387 2736 quae
423 2667 781 2722 Lehmann
829 2664 922 2718 ‘de
961 2663 1240 2718 Ciceronis
1280 2664 1354 2718 ad
1391 2665 1643 2719 Atticum
1681 2665 1938 2735 epistulis
1977 2684 2266 2722 recensen-

243 2739 329 2792 dis
368 2742 428 2793 et
466 2735 861 2792 emendandis’
901 2735 1080 2790 Berol.
1113 2740 1251 2789 1892
1290 2736 1619 2806 disputavit,
1655 2754 1755 2806 pro
1794 2740 1945 2791 certo
1973 2738 2113 2791 mihi
2140 2756 2266 2809 pro-

242 2809 400 2864 bavit
428 2824 622 2862 errare
650 2823 763 2874 eos,
799 2806 898 2875 qui
927 2806 1107 2861 codici
1133 2805 1386 2861 Mediceo
1414 2813 1499 2862 49.
1522 2813 1588 2861 18
1616 2807 1715 2860 uni
1743 2810 1967 2862 tantum
1992 2809 2268 2877 tribuunt,

242 2885 307 2934 ut
361 2883 585 2934 ceteros
640 2893 776 2947 prae
822 2893 887 2931 eo
934 2880 1319 2944 contemnant,
1366 2877 1521 2932 velut
1567 2877 1627 2932 Ο.
1672 2878 1733 2932 Ε.
1776 2878 2089 2933 Schmidt
2135 2880 2268 2933 ‘Der

243 2948 651 3004 Briefwechsel
696 2949 793 3002 des
831 2947 904 3002 M.
934 2948 1153 3001 Tullius
1194 2946 1405 3001 Cicero'
1456 2951 1559 3003 etc.
1616 2949 1848 3018 Leipzig
1877 2955 2012 3003 1893
2050 2969 2103 3020 p.
2134 2957 2265 3005 451:

245 3022 354 3075 ‘Da
400 3021 528 3075 sich
567 3018 797 3073 EOPRZ
846 3018 930 3072 als
967 3018 1377 3088 interpolierte‚
1430 3036 1531 3072 aus
1571 3020 1754 3073 einem
1789 3020 2265 3075 kontaminierten

245 3093 605 3161 Archetypus
644 3089 988 3160 abgeleitete
1022 3089 1168 3143 Hdn.
1210 3090 1480 3143 erwiesen
1514 3090 1728 3157 haben,
1776 3108 1882 3145 von
1919 3090 1994 3143 W
2029 3110 2136 3146 nur
2171 3109 2265 3162 ge·

243 3164 329 3217 rin
371 3180 402 3217 e
421 3160 815 3243 Bruchstficke
834 3160 1002 3231 fibrig
1021 3160 1165 3229 sind,
1182 3160 1281 3214 der
1301 3161 1708 3245 alte-deutsche
1725 3159 1911 3244 Codex
1931 3160 2267 3218 Cratanders

242 3232 887 3374 ἶὲἷθίἱῖῗᾶἐῗέὲθῗῖἳὲ
916 3231 1210 3373 ἓὲἱῗὲἒῖἒη
1233 3229 1697 3357 “3251312‘3123*
1705 3232 1833 3356 ἑξῖι
1876 3233 2268 3358 ffisszffifi

245 3376 397 3430 einer
426 3374 649 3429 schwer
675 3371 936 3426 losbaren
955 3372 1377 3427 Gemeinschaft
1395 3374 1807 3428 verschmolzen
1828 3373 1971 3441 sind,
1993 3374 2066 3427 da
2084 3375 2270 3428 ferner

245 3447 387 3501 auch
433 3447 543 3499 der
581 3442 915 3498 Veronensis
962 3444 1078 3497 und
1115 3444 1408 3498 Petrarcas
1446 3444 1738 3498 Abschrift
1775 3444 1981 3497 daraus
2017 3445 2267 3498 verloren

246 3517 395 3581 sind,
444 3533 519 3570 so
570 3513 797 3568 bleibt
843 3513 963 3568 der
1006 3514 1178 3569 Text
1222 3531 1347 3568 von
1394 3514 1478 3568 M¹
1526 3515 1628 3569 als
1677 3515 1794 3568 der
1842 3514 2111 3584 einzige
2158 3533 2267 3567 zu-

1882 3602 1950 3655 a*
