2642 3923
591 204 1106 259 EPISTULARUM
1142 205 1241 259 AD
1280 204 1607 259 ATTICUM
1643 203 1772 258 XIV
1813 209 1895 274 13,
1939 210 2020 258 14.
2185 204 2316 267 449

293 348 698 412 Liberalibus
746 350 891 432 quis
937 348 1152 432 potuit
1199 348 1270 411 in
1316 352 1610 413 senatum
1663 369 1798 412 non
1840 347 2100 412 venire?
2191 345 2318 412 Fac

294 438 360 501 id
406 438 696 520 potuisse
742 437 957 520 aliquo
1004 437 1223 520 mod03
1269 459 1424 501 num
1463 438 1675 522 etiam,
1720 459 1865 501 cum
1903 437 2317 519 venissemuS,

291 525 494 590 libere
530 530 858 608 potuimus
899 526 1282 590 sententiam
1320 525 1569 590 dicere?
1606 547 1818 589 nonne
1856 525 2032 589 omni
2068 523 2317 589 ratione

295 615 597 697 veterani,
644 614 754 696 qui
810 614 1040 677 armati
1097 615 1386 697 aderant,
1443 610 1607 678 cum*
1641 613 1942 696 praesidii
1987 634 2105 676 nos
2153 612 2317 676 nihil

244 726 267 767 ⁵
293 703 692 787 haberemus,
727 701 1101 766 defendendi
1137 702 1441 765 fuerunt?
1523 701 1712 765 Illam
1749 702 2096 766 sessionem
2136 699 2315 783 Capi-

294 791 564 854 tolinam
609 791 771 854 mihi
825 812 959 854 non
1002 790 1319 874 placuisse
1373 794 1448 853 tu
1492 792 1680 854 testis
1729 812 1811 854 es.
1905 789 2073 865 Quid
2118 789 2315 874 ergo‘?

296 880 422 943 ista
483 879 670 962 culpa
724 878 1119 942 Brutorum?
1214 879 1480 943 Minime
1543 878 1803 942 illorum
1860 877 2144 963 quidem,
2208 876 2316 941 sed

294 967 567 1031 aliorum
611 967 980 1053 brutorum,
1035 967 1147 1050 qui
1194 989 1261 1031 se
1306 971 1529 1031 cautos
1574 988 1647 1030 ac
1693 966 2012 1050 sapientes
2058 969 2316 1051 putant3

296 1056 528 1139 quibus
585 1056 742 1119 satis
797 1056 923 1119 fuit
978 1056 1230 1140 laetari,
1285 1077 1418 1119 non
1471 1056 1668 1119 nullis
1727 1055 1921 1119 etiam
1985 1054 2316 1140 gratulari,

215 1169 267 1211 ιο
294 1144 486 1208 nullis
559 1166 943 1227 permanere.
1063 1141 1189 1208 Sed
1259 1143 1606 1226 praeterita
1679 1144 2081 1228 omittamus3
2153 1143 2315 1206 istos
2354 1158 2385 1206 3

295 1233 470 1296 omni
516 1253 668 1296 cura
712 1232 1160 1315 praesidioque
1205 1232 1502 1295 tueamur
1547 1236 1640 1317 et,
1695 1253 1885 1314 quem
1931 1231 2013 1294 ad
2056 1231 2318 1295 modum

294 1325 368 1384 tu
395 1321 728 1405 praecipis,
754 1320 1041 1384 contenti
1068 1319 1290 1384 Idibus
1320 1320 1575 1384 Martiis
1606 1320 1834 1405 simus3
1863 1341 2025 1402 quae
2062 1319 2318 1402 quidem

293 1410 535 1473 nostris
583 1408 804 1473 amicis
842 1408 1075 1472 divinis
1114 1409 1271 1472 viris
1311 1408 1557 1472 aditum
1594 1409 1673 1472 ad
1710 1408 1956 1473 caelum
1992 1407 2319 1492 dederunt,

293 1498 660 1562 libertatem
714 1497 955 1580 populo
1010 1495 1301 1560 Romano
1357 1518 1490 1560 non
1546 1496 1870 1561 dederunt.
1959 1494 2318 1561 Recordare

214 1611 267 1652 15
293 1590 423 1649 tua.
524 1583 757 1648 Nonne
810 1585 1161 1648 meministi
1215 1585 1489 1649 clamare
1550 1589 1616 1648 te
1673 1585 1888 1649 omnia
1942 1585 2207 1670 perisse,
2262 1585 2319 1649 si

294 1673 404 1737 ille
448 1674 668 1737 funere
705 1673 911 1737 elatus
950 1673 1160 1736 esset?
1234 1672 1568 1756 Sapienter
1612 1672 1680 1736 id
1716 1672 1988 1756 quidem.
2071 1672 2319 1758 Itaque,

296 1782 374 1825 ex
420 1782 494 1825 eo
543 1782 705 1844 quae
751 1761 1090 1846 manarint,
1134 1760 1327 1824 vides.

277 1906 280 1911 .
429 1847 603 1923 Quae
649 1849 876 1913 scribis
911 1849 989 1913 K.
1027 1847 1229 1912 Iuniis
1256 1848 1616 1913 Antonium
1653 1848 1729 1911 de
1766 1848 2114 1932 provinciis
2150 1848 2318 1913 ‘rela-
2354 1865 2389 1913 4

295 1941 536 2021 turum,
580 1942 655 2002 ut
703 1941 767 2002 et
812 1938 948 2021 ipse
996 1935 1237 2002 Gallias
1281 1937 1536 2022 habeat,
1573 1941 1638 2002 et
1674 1938 1966 2020 utrisque
2004 1937 2137 2002 dies
2175 1959 2318 2020 pro-

216 2054 270 2092 20
296 2031 587 2111 rogetur,
649 2026 950 2090 licebitne
1014 2027 1263 2090 decerni
1315 2026 1561 2090 libere?
1663 2023 1731 2089 Si
1785 2025 2066 2110 licuerit,
2130 2026 2318 2090 liber·

296 2120 498 2179 tatem
543 2137 681 2179 esse
727 2119 1163 2198 recuperatam
1198 2114 1521 2198 laetabor3
1566 2114 1621 2177 si
1665 2136 1794 2177 non
1843 2115 2115 2197 licuerit,
2163 2114 2317 2197 quid

295 2203 456 2271 mihi
512 2204 804 2267 attulerit
859 2204 985 2267 ista
1051 2203 1291 2266 domini
1346 2204 1620 2266 mutatio
1675 2207 1928 2285 praeter
1984 2202 2320 2287 laetitiam,

296 2314 488 2376 quam
563 2291 762 2355 oculis
836 2292 974 2374 cepi
1044 2292 1218 2355 iusto
1293 2291 1562 2354 interitu
1634 2291 1942 2373 tyranni?
2033 2289 2317 2374 Rapinas
2355 2308 2386 2356 5

296 2380 520 2444 scribis
568 2380 647 2443 ad
675 2377 832 2463 Opis
878 2380 1044 2465 fieri3
1090 2401 1249 2463 quas
1286 2401 1406 2443 nos
1445 2400 1699 2480 quoque
1743 2383 1884 2443 tum
1927 2379 2316 2444 videbamuS.

214 2495 268 2535 25
296 2467 395 2533 Ne
440 2490 558 2532 nos
615 2472 681 2532 et
725 2467 983 2531 liberati
1029 2468 1108 2531 ab
1157 2467 1434 2552 egregiis
1480 2468 1635 2531 viris
1681 2489 1797 2531 nec
1840 2467 2028 2531 liberi
2076 2490 2316 2531 sumus

293 2555 396 2621 Ita
440 2557 582 2620 laus
636 2556 896 2620 illorum
957 2559 1080 2638 est,
1139 2556 1327 2639 culpa
1378 2559 1618 2620 nostra.
1708 2555 1800 2619 Et
1856 2556 2140 2620 hortaris
2196 2577 2318 2641 1116,

295 2648 369 2709 ut
411 2645 718 2709 historias
766 2644 1059 2727 scribam,
1106 2649 1178 2708 ut
1224 2643 1525 2728 colligam
1567 2647 1750 2707 tanta
1795 2666 2016 2708 eorum
2063 2645 2316 2729 scelera,

296 2757 333 2797 a
379 2733 612 2817 quibus
671 2733 864 2797 etiam
917 2754 1089 2796 nunc
1144 2732 1534 2796 obsidemur!
1615 2731 1933 2797 Poterone
1979 2754 2088 2796 eos
2135 2733 2315 2817 ipsos

294 2842 427 2886 non
469 2820 753 2904 laudare,
813 2821 924 2905 qui
969 2825 1036 2885 te
1082 2821 1560 2905 obsignatorem
1618 2820 2091 2885 adhibuerunt?
2180 2819 2317 2887 Nec

212 2937 269 2977 30
296 2909 651 2973 mehercule
695 2931 797 2972 me
842 2909 1294 2973 raudusculum
1341 2911 1582 2992 movet,
1634 2908 1745 2972 sed
1787 2909 2081 2974 homines
2128 2910 2315 2973 bene-

296 2998 507 3081 volos,
581 2996 1074 3081 qualescumque
1149 3001 1334 3082 sunt,
1406 2999 1600 3081 grave
1672 3000 1771 3061 est
1842 2998 2095 3082 insequi
2168 3020 2315 3062 con-

294 3086 573 3150 tumelia.
666 3083 789 3150 Sed
842 3086 918 3149 de
983 3086 1278 3149 omnibus
1343 3085 1500 3148 meis
1565 3085 1879 3171 consiliiS,
1946 3091 2015 3149 ut
2064 3086 2312 3170 scribiS,
2352 3105 2383 3153 6

296 3175 591 3238 existimo
639 3173 1033 3257 exploratius
1078 3195 1198 3238 nos
1245 3173 1327 3237 ad
1375 3171 1453 3236 K.
1491 3171 1710 3237 Iunias
1759 3178 2039 3238 statuere
2095 3196 2301 3258 posse.

294 3263 397 3326 Ad
442 3284 601 3346 quas
648 3262 836 3326 adero
884 3266 949 3326 et
1004 3262 1176 3325 omni
1225 3283 1344 3344 ope
1391 3266 1586 3344 atque
1645 3283 1839 3345 opera
1885 3263 2094 3326 enitar
2141 3262 2314 3325 adiu·

209 3378 265 3419 35
296 3355 484 3416 vante
528 3372 630 3415 me
688 3349 930 3414 scilicet
985 3350 1366 3414 auctoritate
1412 3353 1526 3413 tua
1579 3353 1643 3413 et
1698 3350 1907 3435 gratia
1953 3354 2018 3413 et
2064 3372 2314 3413 summa

294 3440 619 3523 aequitate
663 3461 915 3524 causae,
966 3442 1040 3502 ut
1087 3439 1162 3501 de
1208 3437 1575 3501 Buthrotiis
1625 3443 1882 3502 senatus
1929 3437 2312 3521 consultum,

294 3528 480 3614 quale
527 3528 754 3592 scribis
764 3577 781 3609 ‚
826 3527 956 3591 fiat.
1049 3525 1232 3601 Quod
1290 3548 1392 3589 me
1437 3526 1720 3609 cogitare
1764 3525 1964 3608 iubes,
2011 3526 2310 3608 cogitabo

400 3641 491 3683 Cic.
511 3642 641 3690 epist.
660 3642 721 3682 11.
1921 3632 1988 3680 29
