2642 3923
528 188 1042 246 EPISTULARUM
1077 189 1178 244 AD
1214 189 1539 246 ATTIOUM
1579 191 1625 245 V
1667 198 1715 260 1,
1754 198 1802 245 2.
2175 190 2299 256 131

1249 419 1333 487 Π.

589 541 701 599 Sor.
741 545 805 597 in
840 542 1176 611 Pompeiano
1221 541 1312 596 VI
1339 544 1426 598 Id.
1458 543 1605 598 Mai.
1634 561 1684 598 a.
1719 547 1827 599 703
1864 546 2002 612 (61).

922 663 1178 721 mosao
1217 664 1477 721 ATTICO
1517 639 1665 721 SAL.

372 819 377 828 -
419 774 497 838 A.
545 773 600 838 d.
647 791 720 838 vl
766 772 919 838 Idus
965 772 1201 859 MaiaS,
1255 796 1401 838 eum
1455 774 1571 838 has
1617 775 1846 838 dabam
1891 774 2171 859 litterae,
2227 796 2305 840 ex
2344 791 2371 839 1

237 889 263 930 ε
289 861 681 946 Pompeiano
728 861 1193 946 proficiscebar,
1240 868 1315 927 ut
1349 884 1428 927 eo
1470 864 1570 927 die
1606 884 1929 927 manerem
1963 863 2033 927 in
2069 861 2306 926 Trebu—

290 951 438 1015 lano
487 951 656 1033 apud
691 949 1015 1016 Pontium.
1088 949 1336 1015 Deinde
1381 952 1747 1036 cogitabam
1785 951 1921 1015 sine
1957 951 2091 1015 ulla
2126 973 2307 1015 mora

289 1040 463 1103 iusta
506 1040 738 1103 itinera
781 1039 1005 1105 faeere.
1088 1038 1167 1103 In
1213 1036 1501 1104 Cumano
1549 1062 1692 1104 eum
1739 1061 1960 1123 essem,
2006 1039 2183 1103 venit
2227 1039 2307 1103 ad

289 1150 409 1212 me,
455 1128 626 1211 quod
670 1126 830 1191 mihi
875 1132 1250 1212 pergratum
1295 1128 1441 1214 fuit,
1484 1132 1705 1192 noster
1742 1127 2158 1212 Hortensius3
2203 1128 2306 1191 eui

291 1215 659 1299 deposcenti
694 1236 838 1279 mea
873 1216 1175 1280 mandata
1212 1220 1422 1280 cetera
1458 1218 1751 1282 universe
1785 1215 2100 1299 mandavi,
2142 1178 2305 1279 'illud

214 1329 264 1370 ιο
291 1304 568 1390 proprie,
611 1325 692 1368 ne
729 1309 1077 1389 pateretur,
1114 1310 1427 1388 quantum
1464 1309 1634 1369 esset
1671 1305 1739 1368 in
1773 1306 1933 1388 ipso,
1968 1304 2304 1389 prorogari

289 1392 479 1457 nobis
542 1392 923 1475 provincias.
1024 1391 1103 1456 In
1166 1413 1295 1476 quo
1361 1414 1507 1456 eum
1576 1396 1650 1457 tu
1715 1392 1906 1457 velim
1970 1392 2305 1457 confirmes

291 1486 673 1566 gratumque
730 1479 890 1544 mihi
936 1480 1157 1545 fecisse
1203 1481 1403 1565 dieas,
1464 1482 1637 1564 quod
1681 1486 1746 1545 et
1791 1481 2035 1545 venerit
2082 1481 2161 1545 ad
2204 1502 2308 1545 me

292 1574 356 1633 et
413 1568 538 1634 hoe
581 1568 770 1652 mihi,
830 1574 1286 1653 praetereaque
1331 1569 1389 1633 si
1435 1570 1589 1652 quid
1635 1590 1796 1652 opus
1845 1574 2027 1653 esset,
2072 1570 2308 1653 promi·

294 1658 467 1721 serit.
551 1654 943 1722 Confirmavi
989 1657 1068 1721 ad
1114 1680 1254 1721 eam
1300 1678 1557 1721 eausam
1603 1660 1795 1722 etiam
1843 1657 2156 1722 Furnium
2197 1678 2309 1722 no-

215 1771 266 1812 15
296 1751 527 1828 strum,
592 1766 782 1829 quem
846 1745 922 1809 ad
988 1767 1226 1809 annum
1248 1776 1257 1783 ·
1281 1745 1615 1809 tribunum
1668 1745 1752 1829 pl.
1808 1746 2102 1810 videbam
2155 1746 2308 1810 fore.

292 1833 656 1898 Habuimus
700 1835 770 1898 in
815 1830 1103 1898 Cumano
1150 1835 1335 1918 quasi
1378 1834 1677 1917 pusillam
1721 1832 2011 1898 Romam.
2103 1832 2309 1898 Tanta
2345 1850 2378 1899 2

294 1927 432 1988 erat
476 1923 545 1987 in
588 1922 691 1987 his
736 1921 895 1987 locis
941 1922 1315 2008 multitud03
1362 1943 1504 1986 eum
1549 1923 1809 1987 interim
1845 1921 2037 1988 Rufio
2072 1928 2309 2008 noster,

247 2040 252 2047 ·
297 2012 468 2095 quod
514 2032 581 2075 se
619 2034 656 2075 a
682 2009 986 2077 Vestorio
1027 2011 1354 2076 observari
1390 2011 1666 2096 videbat,
1711 2016 2163 2096 strategemate
2197 2011 2309 2075 ho-

295 2100 536 2164 minem
600 2100 942 2184 percussit3
1003 2121 1153 2164 nam
1219 2100 1297 2163 ad
1361 2122 1462 2164 me
1524 2121 1655 2164 non
1711 2100 1991 2164 accessit.
2081 2097 2308 2164 Itane?

213 2215 267 2254 eo
294 2209 438 2252 eum
483 2186 873 2253 Hortensius
929 2188 1176 2252 veniret
1232 2192 1296 2252 et
1350 2188 1644 2252 infirmus
1699 2193 1763 2252 et
1818 2193 1951 2252 tam
2005 2189 2197 2273 longe
2243 2193 2308 2251 et

294 2274 700 2362 Hortensius,
744 2297 888 2341 eum
926 2275 1202 2340 maxima
1249 2281 1581 2359 praeterea
1624 2276 1989 2361 multitudo,
2033 2277 2143 2340 ille
2176 2297 2309 2341 non

295 2453 565 2536 inquies.
665 2451 789 2528 Qui
853 2453 1037 2537 potui
1100 2474 1232 2517 non
1285 2453 1524 2537 vldere,
1589 2474 1734 2517 eum
1783 2474 1896 2536 per
1951 2454 2305 2536 emporium

292 2539 792 2606 Puteolanorum
857 2543 980 2605 iter
1041 2541 1360 2605 facerem?
1448 2539 1523 2605 In
1589 2562 1715 2624 quo
1770 2541 1954 2605 illum
2010 2545 2304 2627 agentem

213 2655 265 2697 25
296 2630 565 2713 aliquid,
621 2630 836 2713 eredo,
892 2630 1186 2713 salutavi,
1245 2634 1395 2712 post
1440 2630 1636 2694 etiam
1682 2630 1841 2692 iussi
1887 2629 2114 2714 valere,
2160 2650 2304 2693 eum

293 2741 395 2782 me
433 2719 648 2782 exiens
687 2739 722 2782 e
758 2740 873 2782 sua
907 2717 1080 2800 villa,
1116 2717 1429 2800 numquid
1466 2718 1711 2801 vellem,
1737 2720 2045 2803 rogasset.
2116 2716 2305 2782 Hune

292 2804 616 2871 hominem
672 2828 898 2889 parum
953 2810 1208 2890 gratum
1264 2807 1606 2890 quisquam
1659 2810 1846 2889 putet
1905 2810 2018 2870 aut
2058 2827 2190 2870 non
2236 2808 2305 2871 in

295 2917 367 2959 eo
416 2895 557 2978 ipso
604 2895 1009 2980 laudandum,
1065 2894 1236 2979 quod
1282 2893 1530 2958 laudari
1574 2915 1708 2959 non
1750 2894 2107 2959 laborarit?
2181 2895 2303 2959 Sed
2341 2912 2374 2960 3

293 2984 480 3047 redeo
528 2983 608 3047 ad
651 2983 826 3047 illud.

211 3099 264 3139 ω
424 3069 582 3136 Noli
635 3075 861 3155 putare
915 3070 1074 3135 mihi
1128 3070 1318 3135 aliam
1373 3070 1874 3135 consolationem
1930 3092 2068 3136 esse
2111 3070 2303 3136 huius

295 3160 575 3245 ingentis
618 3161 966 3244 molestiae,
1011 3159 1138 3223 nisi
1187 3159 1357 3242 quod
1404 3180 1590 3243 spero
1636 3180 1768 3224 non
1800 3158 2188 3243 longiorem
2199 3182 2304 3224 an-

292 3271 422 3312 nua
466 3249 617 3312 fore.
693 3247 836 3312 Hoc
879 3270 983 3312 me
1018 3248 1112 3312 ita
1147 3247 1309 3312 velle
1346 3247 1536 3311 multi
1573 3269 1706 3311 non
1742 3248 2008 3312 eredunt
2046 3269 2122 3311 ex
2161 3269 2304 3312 con-

295 3337 628 3400 suetudine
684 3336 982 3420 aliorum3
1045 3340 1146 3420 tu,
1211 3336 1323 3420 qui
1378 3336 1529 3420 seis,
1596 3357 1849 3400 omnem
1905 3335 2301 3420 diligentiam

295 3423 626 3489 adhibebis
683 3428 825 3490 tum
880 3425 1149 3509 scilicet,
1202 3445 1346 3488 eum
1401 3424 1466 3487 id
1522 3425 1626 3509 agi
1683 3424 1969 3508 debebit,
2028 3445 2170 3488 eum
2228 3445 2304 3488 ex

211 3539 264 3579 85
293 3514 495 3598 Epiro
550 3513 829 3578 redieris.
921 3511 1019 3576 De
1074 3533 1142 3576 re
1196 3512 1455 3595 publica
1507 3512 1749 3577 scribas
1805 3512 1885 3577 ad
1936 3533 2040 3576 me
2093 3511 2304 3593 velim,

2021 3614 2092 3666 9·
