2642 3923
530 224 535 228 ⁴
595 223 1109 278 EPISTULARUM
1146 224 1247 277 AD
1285 222 1608 279 ATTICUM
1644 224 1748 279 XV
1787 230 1870 292 18,
1910 229 1992 279 14.
2175 223 2305 288 479

290 365 465 430 itura
516 365 643 429 nisi
699 387 767 430 re
823 365 1080 449 publica
1142 371 1529 450 recuperata.
1620 365 1718 430 De
1774 388 1902 451 quo
1959 367 2113 451 quid
2170 389 2305 451 spe-

290 475 443 538 rem,
487 475 621 518 non
667 454 867 518 audeo
917 454 1208 518 scribere.

1206 663 1379 729 XIV.

606 785 718 842 Ser.
748 787 813 840 in
853 786 1166 840 Tusculano
1210 785 1257 839 V
1295 785 1371 841 K.
1405 786 1588 856 Quint.
1620 805 1671 844 a.
1704 791 1813 845 710
1850 791 1985 856 (44).

239 918 264 959 ιι
895 895 1184 964 CICERO
1219 909 1511 964 ATTICO
1547 910 1711 965 SAL.

421 1036 493 1082 VI
554 1017 822 1083 Kalend.
886 1018 1100 1102 accepi
1164 1041 1201 1081 a
1259 1017 1598 1083 Dolabella
1659 1018 1929 1084 litteras
2021 1018 2304 1095 Quarum
2344 1036 2369 1084 1

290 1108 650 1190 exemplum
695 1107 817 1170 tibi
864 1106 1030 1171 misi.
1102 1104 1181 1170 In
1226 1106 1461 1208 quibus
1508 1110 1645 1170 erat
1691 1108 1905 1170 omnia
1949 1129 2016 1172 se
2062 1108 2305 1192 fecisse,

290 1217 451 1279 quae
503 1199 577 1259 tu
630 1195 841 1259 velles.
936 1191 1171 1258 Statim
1230 1196 1289 1258 ei
1342 1194 1641 1278 rescripsi
1698 1199 1762 1258 et
1816 1196 2041 1259 multis
2086 1196 2302 1259 verbis

289 1284 532 1368 gratias
588 1283 706 1367 egi.
799 1279 923 1346 Sed
968 1287 1210 1365 tamen,
1265 1305 1347 1347 ne
1392 1283 1764 1369 miraretur,
1818 1305 1930 1347 cur
1974 1284 2145 1349 idem
2191 1284 2303 1348 ite·

206 1394 262 1435 10
287 1393 433 1435 rum
478 1372 768 1453 facerem,
811 1371 936 1435 hoc
980 1392 1206 1434 causae
1253 1372 1518 1457 sumpsi,
1563 1372 1734 1454 quod
1781 1394 1857 1435 ex
1902 1376 1969 1436 te
2014 1372 2156 1455 ipso
2203 1394 2302 1436 co·

286 1482 424 1524 ram
506 1463 693 1523 antea
771 1457 938 1522 1111111
1017 1458 1374 1542 potuissem
1444 1479 1839 1543 cognoscere.
1951 1458 2077 1526 Sed
2148 1461 2303 1544 quid

286 1547 541 1612 multa?
602 1546 855 1610 litteras
901 1545 1026 1610 hoc
1070 1546 1360 1629 exemplo
1406 1547 1574 1611 dedi:

617 1664 946 1721 ‘CICERO
993 1665 1555 1720 DOLABELLAE
1605 1666 1767 1722 COS.
1810 1666 1977 1722 SUO.

285 1773 532 1839 Antea
578 1795 739 1838 cum
783 1773 1087 1837 litteris
1117 1773 1367 1838 Attici
1410 1775 1662 1839 nostri
1711 1775 1796 1839 de
1843 1780 1974 1840 tua
2011 1799 2299 1841 summa
2336 1795 2366 1840 2

204 1886 259 1927 15
287 1862 772 1928 liberalitate
837 1883 1277 1945 summoque
1340 1883 1517 1946 erga
1581 1884 1655 1925 se
1713 1863 2091 1928 beneficio
2146 1886 2298 1929 cer-

286 1952 440 2017 tior
510 1952 762 2016 factus
827 1972 1092 2035 essem,
1166 1972 1483 2034 cumque
1545 1954 1627 2015 tu
1690 1951 1855 2035 ipse
1919 1953 2152 2017 etiam
2212 1953 2299 2017 ad

286 2062 398 2105 me
445 2040 896 2122 scripsisses
942 2043 1016 2103 te
1054 2040 1333 2103 fecisse
1380 2061 1487 2124 ea,
1516 2061 1704 2123 quae
1748 2062 1886 2105 nos
1924 2042 2297 2106 voluisse·

287 2150 474 2210 mus,
537 2128 659 2213 egi
721 2127 870 2191 tibi
935 2127 1232 2211 gratias
1295 2149 1428 2211 per
1490 2127 1803 2192 litteras
1859 2129 1957 2193 iis
2012 2130 2297 2215 verbis,

286 2221 371 2281 ut
442 2216 947 2299 intellegeres
1018 2215 1220 2280 nihil
1291 2220 1366 2279 te
1435 2215 1622 2280 mihi
1685 2217 1987 2302 gratius
2050 2218 2297 2282 facere

208 2331 259 2369 20
285 2305 651 2388 potuisse.
740 2303 1019 2369 Postea
1079 2325 1258 2368 vero
1325 2324 1542 2387 quam
1608 2305 1771 2388 ipse
1833 2304 2144 2369 Atticus
2209 2306 2298 2369 ad

284 2415 395 2458 me
432 2392 645 2458 venit
688 2392 766 2456 in
793 2392 1303 2456 Tusculanum
1346 2392 1581 2456 huius
1627 2393 1853 2457 unius
1899 2394 2010 2457 rei
2046 2416 2297 2479 causa,

284 2481 434 2545 tibi
478 2485 562 2544 ut
609 2480 804 2564 apud
847 2502 958 2543 me
1004 2480 1303 2564 gratias
1350 2485 1639 2565 ageret,
1685 2481 1901 2545 cuius
1948 2481 2298 2546 eximiam

286 2569 658 2652 quandam
721 2573 795 2631 et
858 2567 1383 2632 admirabilem
1445 2568 1523 2632 in
1587 2590 1818 2633 causa
1877 2568 2298 2635 Buthrotia

286 2656 763 2720 voluntatem
811 2660 885 2720 et
930 2657 1400 2740 singularem
1436 2678 1613 2742 erga
1650 2679 1727 2721 se
1765 2679 2096 2722 amorem
2132 2680 2297 2743 per·

207 2745 698 2829 25spexisset‚
742 2744 991 2808 teneri
1034 2766 1184 2808 non
1228 2746 1481 2829 potui,
1527 2745 1709 2829 quin
1754 2744 1906 2810 tibi
1951 2747 2294 2829 apertius

286 2831 479 2896 illud
536 2832 731 2898 idem
787 2832 910 2896 his
969 2832 1272 2897 litteris
1327 2833 1807 2898 declararem.
1898 2833 2010 2897 Ex
2057 2835 2295 2899 omni-

285 2919 425 2983 bus
479 2920 698 3004 enim,
752 2921 850 2984 mi
894 2918 1326 3005 Dolabella,
1381 2922 1665 2986 studiis
1722 2923 1799 2986 in
1844 2944 1954 2986 me
1998 2926 2072 2987 et
2117 2923 2296 2987 offi-

285 3008 456 3093 ciis,
512 3030 699 3092 quae
757 3030 1040 3072 summa
1095 3014 1299 3096 sunt,
1357 3009 1496 3073 hoc
1556 3012 1750 3074 scito
1796 3011 1983 3074 mihi
2028 3014 2104 3076 et
2149 3033 2296 3075 am-

283 3096 718 3180 plissimum
789 3097 1033 3160 videri
1108 3102 1181 3160 et
1242 3099 1773 3183 gratissimum
1837 3120 2027 3185 esse,
2099 3099 2291 3182 quod

203 3210 256 3249 so
282 3184 731 3271 perfeceris,
802 3189 887 3248 ut
950 3185 1272 3250 Atticus
1334 3187 1865 3272 intellegeret,
1928 3191 2293 3270 quantum

282 3292 418 3358 ego
464 3277 568 3358 te,
595 3277 959 3356 quantum
1004 3277 1086 3336 tu
1131 3296 1241 3338 me
1287 3297 1594 3340 amares.
1661 3274 1868 3351 Quod
1914 3275 2293 3359 reliquum
2330 3291 2359 3339 3

280 3365 424 3446 est,
469 3359 964 3426 Buthrotiam
1009 3367 1080 3425 et
1127 3383 1432 3426 causam
1479 3367 1550 3427 et
1587 3363 2009 3447 civitatem,
2039 3385 2293 3446 quam-

281 3471 500 3532 quam
581 3471 618 3512 a
697 3453 772 3514 te
854 3451 1293 3514 constituta
1375 3455 1490 3515 est
1562 3449 1972 3538 (beneficia
2046 3456 2294 3515 autem

276 3541 543 3601 nostra
597 3537 801 3601 tueri
856 3536 1252 3625 solemus),
1316 3543 1570 3604 tamen
1623 3539 1851 3603 velim
1908 3543 2291 3622 receptam
