2642 3923
645 186 1154 243 EPISTULARUM
1190 189 1288 242 AD
1328 185 1654 245 ATTIOUM
1690 188 1741 243 X
1779 189 2027 243 9A—11.
2201 189 2325 254 311

308 338 379 398 ut
440 333 501 398 ei
562 332 976 417 persuadeam
1038 353 1135 397 me
1190 332 1358 397 nihil
1414 354 1783 417 properare3
1844 332 2191 397 missurum
2251 333 2333 397 ad

311 419 667 486 Caesarem.
742 418 925 486 Clam
972 443 1176 507 agam,
1222 442 1368 485 cum
1414 421 1818 504 paucissimis
1855 421 2090 486 alicubi
2128 422 2331 486 occul·

307 619 459 661 nam
499 561 579 660 ad
616 594 988 662 Curionem!
1051 597 1311 682 εΣκύνεεςς,
1348 598 1383 662 ὅ
1421 621 1523 662 τοι
1561 596 1771 680 λέγω.’
1833 597 2109 682 Magnus
2147 597 2330 662 dolor

256 713 282 753 ⁶
311 686 595 751 accessit.
687 684 1026 751 Efficietur
1072 686 1314 769 aliquid
1361 685 1627 771 dignum
1671 686 1878 750 nobis.

446 777 792 856 Δυςουρία
837 778 950 839 tua
985 774 1148 838 mihi
1186 773 1368 837 valde
1404 773 1692 839 molesta.
1766 773 2038 858 Medere,
2084 774 2330 856 amab0,

312 862 461 926 dum
528 866 626 925 est
686 862 869 947 ἀρχή.
969 860 1067 926 De
1119 862 1635 927 Massiliensibus
1692 865 1913 946 gratae
1965 866 2115 925 tuae
2168 861 2329 925 mihi

312 951 583 1014 litterae.
657 948 926 1051 Quaem,
970 955 1044 1015 ut
1080 951 1294 1034 sciam,
1342 951 1646 1034 quicquid
1681 950 1973 1015 audieris
2049 948 2329 1014 Ocellam

313 1060 625 1125 cuperem,
680 1040 736 1102 si
781 1060 1034 1123 possem
1081 1040 1311 1124 palam,
1360 1039 1532 1122 quod
1577 1061 1615 1103 a
1663 1038 1939 1103 Curione
1984 1038 2328 1103 effeceram

235 1156 286 1194 ιο
312 1126 438 1191 Η10
483 1147 603 1212 ego
653 1124 945 1192 Servium
991 1132 1316 1212 exspect03
1362 1148 1558 1211 rogor
1604 1128 1775 1192 enim
1822 1127 1901 1191 ab
1949 1127 2085 1191 eius
2131 1147 2329 1191 uxore

314 1218 378 1279 et
439 1215 575 1279 filio
632 1219 698 1279 et
753 1219 910 1299 puto
969 1237 1130 1299 opus
1188 1236 1343 1281 esse.
1444 1217 1490 1299 †
1526 1214 1650 1280 Hic
1704 1220 1922 1280 tamen
1984 1212 2330 1297 Cytherida

315 1324 530 1368 secum
574 1303 798 1368 lectica
845 1309 1066 1387 aperta
1111 1308 1353 1388 portat,
1397 1304 1665 1369 alteram
1710 1325 1991 1368 uxorem.
2075 1301 2329 1404 Septem

313 1395 641 1476 praeterea
694 1392 1069 1457 coniunctae
1121 1392 1383 1457 lecticae
1436 1393 1784 1456 amicarum
1840 1396 1991 1456 sunt
2046 1413 2132 1457 an
2178 1392 2331 1456 ami·

314 1502 551 1545 corum.
639 1479 830 1565 Vide,
887 1501 1079 1564 quam
1131 1481 1318 1564 turpi
1362 1481 1496 1545 leto
1551 1502 1910 1564 pereamus,
1964 1484 2029 1545 et
2090 1479 2332 1563 dubita,

235 1597 287 1637 15
316 1569 372 1632 si
419 1572 622 1653 poteS,
678 1569 837 1652 quin
880 1571 1009 1655 ille,
1055 1590 1167 1634 seu
1212 1569 1422 1633 victus
1470 1589 1581 1632 seu
1627 1570 1832 1633 victor
1877 1568 2156 1653 redierit,
2200 1590 2332 1632 cae-

315 1656 458 1721 dem
516 1657 804 1721 facturus
860 1658 963 1721 sit.
1052 1656 1198 1743 Ego
1253 1678 1405 1721 vero
1460 1656 1562 1721 vel
1615 1656 1991 1742 luntriculo,
2047 1657 2103 1720 si
2148 1657 2331 1720 navis

315 1766 448 1810 non
493 1745 634 1829 erit,
681 1745 948 1828 eripiam
983 1767 1085 1809 me
1123 1767 1199 1810 ex
1237 1746 1515 1809 istorum
1550 1745 1909 1827 parricidio.
1972 1708 2109 1809 Sed
2144 1745 2333 1828 plura

319 1833 610 1916 scribam,
654 1855 797 1898 cum
842 1834 1027 1897 illum
1072 1854 1439 1898 convenero.

449 1919 751 1987 Iuvenem
795 1926 1091 1987 nostrum
1134 1943 1267 1987 non
1310 1943 1576 2005 possum
1620 1941 1752 1986 non
1798 1943 2037 2008 amare,
2094 1920 2204 1986 sed
2249 1921 2329 1986 ab

237 2039 290 2078 20
318 2031 392 2075 eo
436 2032 558 2075 nos
602 2032 736 2076 non
781 2012 980 2076 amari
1028 2011 1217 2094 plane
1252 2011 1576 2095 intellego.
1651 2009 1835 2075 Nihil
1872 2031 1989 2096 ego
2028 2009 2159 2073 vidi
2196 2014 2331 2075 tam

317 2097 837 2184 ἀνηθοποίητον,
891 2104 1026 2164 tam
1082 2121 1376 2168 aversum
1432 2121 1470 2162 a
1525 2098 1686 2183 suis,
1739 2103 1875 2162 tam
1916 2098 2132 2163 nescio
2179 2098 2334 2181 quid

317 2187 625 2272 cogitans.
726 2186 779 2252 Ο
831 2188 964 2251 vim
1009 2187 1446 2252 incredibilem
1491 2187 1955 2252 molestiarum!
2035 2185 2158 2251 Sed
2211 2187 2334 2251 erit

317 2296 503 2339 curae
558 2280 624 2339 et
669 2280 798 2361 est,
851 2281 925 2340 ut
972 2279 1248 2361 regatur.
1340 2275 1580 2339 Mirum
1627 2280 1737 2339 est·
1772 2276 1941 2340 enim
1987 2275 2334 2360 ingenium,

315 2365 532 2446 ἤθους
577 2364 1014 2448 ἐπιμελητέον.

235 2567 288 2607 25
1270 2540 1380 2605 XI.
1813 2598 1824 2611 ,

640 2659 751 2714 Ser.
782 2661 845 2715 in
883 2661 1130 2716 Cumano
1167 2662 1267 2717 IV
1295 2662 1445 2716 Non.
1476 2661 1621 2716 Mai.
1652 2680 1706 2716 a.
1737 2665 1845 2717 705
1884 2664 2021 2730 (49).

923 2783 1213 2840 CICERO
1248 2784 1541 2840 ATTICO
1576 2785 1741 2840 SAL.

453 2890 811 2977 Obsignata
872 2893 1002 2957 iam
1065 2894 1343 2977 epistula
1408 2894 1735 2978 superiore
1793 2914 1927 2958 non
1979 2895 2221 2977 placuit
2276 2896 2335 2959 ei

320 2979 488 3065 dari,
544 2981 647 3045 cui
693 2982 1181 3066 constitueram,
1235 2982 1407 3066 quod
1454 2986 1590 3046 erat
1637 2982 1897 3047 alienus.
1988 2980 2214 3067 Itaque
2261 3005 2334 3047 eo

238 3096 296 3136 so
322 3069 423 3133 die
477 3069 626 3133 data
677 3090 811 3134 non
864 3072 978 3134 est.
1068 3069 1336 3135 Interim
1393 3071 1569 3134 venit
1613 3069 2000 3135 Philotimus
2056 3075 2121 3135 et
2175 3071 2336 3135 mihi

320 3179 357 3220 a
420 3159 485 3220 te
548 3157 800 3222 litteras
864 3157 1157 3223 reddidit.
1258 3158 1506 3235 Quibus
1575 3179 1737 3242 quae
1800 3159 1877 3222 de
1941 3159 2139 3224 fratre
2192 3182 2335 3225 meo

322 3245 568 3329 scribis„
615 3250 768 3309 sunt
814 3267 887 3310 ea
935 3247 1190 3329 quidem
1237 3269 1465 3330 parum
1501 3247 1705 3331 firma,
1752 3247 1861 3312 sed
1895 3247 2137 3311 habent
2171 3247 2338 3312 nihil

317 3332 637 3418 ὕπουλον,
680 3333 847 3397 nihil
890 3335 1106 3418 fallax,
1150 3335 1316 3399 nihil
1359 3355 1494 3400 non
1528 3334 1809 3399 flexibile
1847 3335 1925 3399 ad
1962 3336 2337 3420 bonitatem,

318 3420 503 3507 nihil,
549 3421 721 3506 quod
765 3443 912 3506 non,
960 3445 1088 3506 quo
1135 3424 1315 3507 veliS,
1361 3445 1490 3488 uno
1540 3445 1831 3488 sermone
1867 3424 2078 3506 possis
2114 3423 2338 3506 perdu-

238 3535 291 3575 35
321 3531 488 3597 cer03
548 3532 630 3574 ne
693 3511 923 3597 multa,
989 3532 1209 3576 omnes
1264 3533 1443 3597 suos,
1498 3512 1692 3575 etiam
1749 3511 1984 3596 quibus
2040 3511 2338 3575 irascitur
