2642 3923
358 181 580 236 LXXVI
987 180 1409 236 ADNOTATIO
1448 179 1732 237 CRITICA

356 329 419 376 ut
453 338 558 377 om.
587 321 805 391 Tyrrell
839 321 1073 390 invitae,
1126 325 1192 377 ut
1225 323 1461 380 videtur.
1502 354 1571 365 —-
1618 329 1684 377 22
1724 324 1887 378 etiam
1924 322 2022 377 ER
2057 322 2375 392 (Lehmann

357 393 472 448 Att.
502 410 556 462 p.
589 396 728 462 150),
773 400 822 448 te
857 393 959 460 M¹,
997 411 1119 448 eum
1153 393 1255 463 Μ’,
1293 393 1462 464 vulg„
1498 394 1707 462 Baiter,
1745 393 1980 463 Tyrrell,
2020 393 2129 450 del.
2160 393 2376 449 Orellio

357 467 584 518 auctore
619 462 909 531 Wesenb.,
954 464 1113 520 Boot.
1151 495 1220 505 —
1258 470 1329 519 24
1363 472 1437 521 ut
1471 472 1676 532 eontra,
1716 468 1779 519 ut
1814 467 1902 519 est
1935 465 1997 519 in
2033 465 2076 518 L
2113 482 2225 534 mg.
2257 468 2316 519 et
2352 465 2376 518 1

357 535 663 603 (Lehmann
700 534 816 591 Att.
844 553 900 605 p.
932 539 1072 605 102),
1108 535 1342 604 Kayser,
1379 535 1613 605 Tyrrell.
1651 566 1721 577 —
1758 535 1836 591 sb.
1865 537 2018 603 ferre
2052 536 2263 592 Baiter.
2302 568 2376 577 —

357 611 422 659 27
454 609 744 674 possimus,
777 606 1003 660 seribere
1032 606 1160 662 add.
1181 605 1462 673 Wesenb„
1498 606 1658 674 Boot,
1679 609 1953 675 possimus
1978 607 2123 673 Asc„
2160 607 2376 675 Baiter,

355 675 589 745 Tyn-eil.
618 704 686 718 -·—
716 681 784 730 34
820 678 894 731 de
929 678 1032 731 hac
1057 695 1114 732 re
1140 677 1350 745 Baiter,
1377 676 1638 733 Wesenb.
1707 676 1919 745 robab.,
1954 693 2067 732 non
2092 692 2373 733 necessat.

357 778 425 788 -
463 753 531 801 35
567 765 706 817 quae
740 748 1026 803 sentiemus
1061 746 1163 815 Μ’,
1201 748 1411 815 Baiter,
1449 748 1610 815 Boot,
1692 748 1881 816 yrrell,
1919 766 2041 803 oum
2075 750 2378 805 sentiamus

355 817 458 887 Μ’,
497 819 631 888 quid
665 820 959 873 sentiamus
985 817 1247 874 Wesenb.
1313 818 1404 872 Ad
1428 837 1484 889 p.
1507 825 1591 875 32.
1615 825 1697 874 11.
1763 822 1783 888 ΙΙ
1844 819 1915 874 Ρ.
1937 819 2073 873 267.
2095 825 2127 872 2
2163 821 2378 874 rationi

358 888 483 956 alii,
520 889 680 957 Boot,
717 889 872 957 Tyrr.
937 888 1041 943 Ele
1087 905 1215 943 oum
1249 891 1549 959 propterea
1586 891 1792 945 actioni
1824 889 2006 957 reicit,
2047 890 2221 957 ‘quod
2257 907 2377 944 nou

357 960 646 1027 quaeritur
681 960 751 1014 de
786 959 902 1027 iis’,
937 960 1140 1028 inquit,
1181 961 1350 1028 ‘quae
1378 958 1583 1015 Caesar
1609 960 1669 1015 in
1696 960 1990 1031 republica
2017 964 2230 1030 ageret,
2270 961 2375 1016 sed

358 1031 428 1083 de
465 1030 584 1085 eius
622 1030 968 1098 commodis’,
1005 1033 1255 1086 statuere
1289 1031 1513 1085 videtur
1540 1029 1836 1085 Caesarem
1870 1032 1930 1086 in
1956 1047 2018 1086 re
2044 1049 2099 1101 p.
2117 1048 2230 1085 non
2257 1047 2372 1085 ser·

355 1101 503 1156 visse
539 1101 656 1155 suis
693 1101 1012 1156 commodis.
1042 1132 1111 1142 -
1148 1106 1180 1155 6
1220 1119 1266 1157 v,
1298 1100 1360 1157 Ο.
1390 1101 1452 1157 E.
1484 1101 1740 1156 Schmidt
1779 1102 1914 1156 ‘Der
1948 1100 2371 1156 Briefweehsel'

353 1191 409 1242 p.
443 1178 544 1226 154
565 1188 666 1239 ex.,
707 1173 910 1226 March
944 1177 982 1227 6
1015 1171 1234 1241 Tyr-rell
1273 1187 1359 1242 ep.
1391 1178 1512 1240 354,
1551 1173 1673 1227 sine
1707 1172 1831 1228 loco
1870 1176 1927 1228 et
1962 1176 2214 1244 tempore
2241 1172 2373 1227 reli-

357 1242 471 1310 qui.
508 1274 578 1283 —
616 1248 648 1297 8
685 1242 741 1297 S.
773 1244 835 1298 V.
858 1243 929 1298 B.
951 1243 1023 1297 E.
1045 1243 1190 1311 edd„
1228 1243 1342 1298 Sub
1378 1242 1438 1297 M
1473 1246 1539 1297 ut
1571 1262 1626 1314 p.
1649 1249 1768 1299 238.
1791 1249 1875 1299 30.
1906 1275 1974 1285 —-
2014 1250 2080 1297 10
2117 1244 2376 1315 †quibu8

354 1313 501 1367 Boot
534 1329 648 1367 non
685 1313 808 1368 sine
845 1327 1033 1381 causa,
1070 1331 1179 1384 qua
1214 1312 1360 1381 Aee„
1398 1312 1691 1369 Hellmuth
1726 1331 1911 1385 progr.
1940 1313 2201 1369 Wuroeb.
2232 1320 2374 1369 1888

356 1403 410 1449 p.
441 1389 490 1439 8.
546 1414 616 1426 -
672 1390 736 1438 11
782 1400 939 1439 suam
985 1385 1310 1453 etPompeii
1343 1383 1633 1453 Wesenb.,
1679 1384 1922 1454 Tyrrell,
1967 1392 2018 1441 et
2053 1386 2376 1454 Pompeium

358 1471 493 1511 corr.
524 1469 594 1510 ex
618 1461 683 1510 ut
709 1456 937 1523 Pompei
961 1454 1037 1520 Μ,
1075 1462 1125 1510 et
1161 1455 1478 1524 Pompeium
1503 1456 1711 1522 Baiter,
1748 1456 1908 1511 Boot.
1964 1454 2044 1512 Cf.
2064 1474 2119 1526 p.
2141 1461 2262 1512 266.
2287 1462 2373 1513 17.

358 1557 425 1566 -
465 1532 531 1581 19
568 1533 717 1582 certo
755 1523 828 1580 Ο1
864 1524 1172 1594 (Lehmann
1206 1525 1325 1581 Att.
1344 1544 1399 1596 p.
1422 1532 1488 1580 36
1510 1530 1634 1597 ex.),
1678 1526 1913 1596 Manut,
1961 1527 2173 1595 Baiter,
2208 1527 2375 1596 Boot,

357 1595 600 1665 Tyn-eil,
662 1603 798 1652 certe
850 1595 934 1663 Μ,
989 1595 1250 1651 Wesenb.
1298 1599 1420 1650 tam
1482 1600 1635 1651 reete
1688 1613 1859 1665 quam
1913 1615 1960 1654 v,
1991 1615 2038 1654 o.
2086 1598 2377 1665 manifeste

359 1665 574 1722 cluent.
610 1684 665 1736 p.
698 1672 815 1722 118.
848 1671 931 1722 14.
995 1667 1086 1720 Ad
1129 1666 1261 1722 fam.
1289 1686 1345 1738 p.
1376 1673 1495 1723 493.
1527 1673 1620 1736 26,
1677 1668 1827 1722 infra
1872 1674 1991 1724 335.
2024 1675 2055 1722 2
2104 1671 2259 1737 (certe
2296 1669 2375 1738 M,

358 1745 498 1793 certo
533 1737 646 1807 W),
684 1742 803 1792 338.
837 1744 920 1804 11,
958 1743 1078 1793 350.
1110 1744 1193 1805 11,
1235 1743 1354 1793 385.
1385 1744 1471 1805 24,
1507 1744 1627 1794 444.
1658 1745 1741 1794 21.
1772 1771 1840 1780 -
1871 1745 1936 1793 31
1967 1743 2077 1809 qua
2103 1738 2179 1806 M,
2216 1738 2374 1794 Hell-

356 1808 519 1861 muth
570 1825 755 1879 progr.
792 1807 1052 1863 Wuroeb.
1105 1813 1241 1863 1888
1294 1827 1350 1879 p.
1389 1814 1483 1877 50,
1547 1828 1659 1880 qua
1702 1810 1850 1879 vulg.
1892 1811 2017 1865 edd.
2068 1810 2377 1864 admodum

356 1878 588 1949 probab.
617 1879 714 1948 (ad
746 1897 802 1949 p.
834 1884 918 1934 54.
941 1881 1044 1948 15).
1074 1910 1143 1920 —-
1173 1885 1241 1932 34
1270 1881 1478 1948 petisti
1510 1880 1672 1947 Iena„
1709 1881 1918 1949 Baiter,
1954 1882 2113 1948 Boot,
2152 1880 2375 1948 Tyrrell

359 1949 556 2005 dubito
594 1966 668 2005 an
702 1966 847 2018 vere,
884 1949 1095 2019 petiisti
1131 1950 1387 2006 defendit
1421 1948 1715 2007 Hellmuth
1749 1951 1788 2008 l.
1806 1951 1843 2008 l.
1874 1970 1928 2022 p.
1959 1956 2043 2008 35.
2098 1950 2166 2008 V.
2186 1950 2374 2007 Neue-

357 2020 642 2092 Wagener
676 2021 753 2075 111
786 2039 841 2092 p.
870 2027 992 2077 436.
1021 2052 1091 2063 —-
1120 2028 1188 2075 35
1218 2023 1636 2078 Milwuonianis
1671 2024 1760 2093 (ut
1791 2040 2019 2078 suumus
2043 2041 2098 2093 p.
2120 2028 2241 2079 261.
2261 2026 2373 2094 24),

361 2093 483 2147 ‘sed
534 2092 762 2147 litterae
814 2110 896 2147 ινα
950 2092 1172 2147 deletae
1226 2094 1379 2147 sunt’
1396 2136 1410 2161 ,
1465 2092 1549 2160 Μ,
1607 2094 1943 2149 Milonianis
1990 2101 2041 2148 et
2088 2093 2376 2149 Clodianis

358 2163 418 2218 Ο.
449 2163 511 2218 Ε.
543 2162 797 2218 Schmidt
848 2180 988 2219 mus.
1025 2163 1201 2218 Rhen.
1243 2169 1379 2218 1897
1414 2182 1470 2234 p.
1504 2169 1622 2220 149.
1687 2167 1705 2233 ΙΙ
1767 2165 1837 2219 Ρ.
1867 2164 2005 2220 268.
2037 2170 2103 2218 10
2139 2172 2202 2219 ut
2239 2167 2375 2219 ante

356 2236 570 2303 utrique
607 2234 826 2288 addunt
861 2234 1020 2289 editt.
1049 2234 1142 2287 vix
1178 2234 1377 2289 dubito
1412 2234 1551 2302 quin
1585 2238 1753 2291 recte.
1816 2234 2004 2290 Unum
2030 2234 2215 2290 simile
2241 2236 2376 2290 novi

359 2303 674 2375 exemplum
724 2304 979 2429 Alppend.
1010 2302 1055 2359 O
1097 2306 1201 2361 tat.
1229 2323 1284 2388 p.
1316 2312 1435 2361 190.
1467 2311 1498 2359 9
1554 2307 1847 2373 elaborate,
1896 2323 2049 2361 nemo
2099 2308 2253 2361 sciat.
2302 2338 2372 2347 --

357 2382 423 2430 21
447 2376 738 2444 possimus
802 2378 1035 2442 etraroa,
1103 2376 1330 2444 amhm„
1349 2376 1557 2444 Baiter,
1581 2394 1871 2446 possumus
1889 2376 2068 2446 codd„
2087 2376 2374 2445 Wesenb.,

356 2447 515 2514 Boot,
552 2445 706 2515 'Py-rr.
737 2461 822 2515 ep.
843 2451 946 2499 347
985 2447 1051 2499 ut
1085 2445 1174 2499 illi
1208 2465 1264 2517 p.
1287 2453 1371 2503 53.
1394 2451 1478 2514 28,
1517 2452 1637 2504 255.
1661 2453 1691 2501 7
1727 2464 1929 2515 sumus,
1970 2453 2125 2516 79.1,
2165 2454 2284 2503 384.
2303 2454 2369 2502 21

358 2520 416 2572 et
461 2523 527 2571 22
576 2519 800 2587 (sumus)
844 2534 990 2584 sum,
1044 2522 1245 2585 4219,
1304 2523 1502 2586 ios-7,
1561 2524 1791 2586 170.10,
1850 2524 1970 2574 200.
1991 2524 2087 2587 31,
2134 2525 2254 2574 223.
2285 2525 2374 2586 24,

358 2594 477 2643 312.
500 2594 592 2655 28,
648 2594 768 2643 467.
790 2593 857 2641 22
913 2594 1067 2654 sunt,
1116 2594 1235 2644 224.
1258 2594 1315 2653 s,
1372 2593 1491 2645 281.
1514 2594 1582 2642 30
1629 2605 1877 2658 possum,
1932 2595 2105 2645 2421
2164 2591 2371 2658 absum,

359 2664 531 2713 52.19
583 2666 920 2726 poteramus,
987 2664 1209 2726 96.10,
1251 2664 1462 2715 417.17
1517 2661 1769 2728 fuerunt,
1834 2665 1973 2715 96.8
2027 2662 2372 2728 dubitamaernt,

359 2735 478 2785 332.
501 2735 532 2782 3
579 2730 860 2796 viderunt,
907 2733 1026 2784 550.
1049 2735 1118 2782 34
1154 2730 1471 2798 noluerwnt3
1518 2736 1638 2787 261.
1660 2737 1730 2784 24
1764 2748 1993 2786 suumus
2030 2734 2134 2788 eto.
2199 2730 2267 2787 V.
2298 2733 2374 2785 ad

354 2818 409 2870 p.
441 2806 524 2855 32.
558 2807 640 2867 11,
679 2805 799 2855 353.
831 2805 914 2867 13,
949 2797 1101 2869 prov.
1132 2816 1279 2856 cone.
1307 2818 1364 2872 p.
1397 2807 1515 2857 120.
1536 2807 1621 2858 28.
1660 2831 1728 2843 -·-
1767 2807 1834 2856 27
1872 2803 2008 2857 mihi
2041 2801 2101 2856 M
2138 2819 2274 2859 corr.
2305 2818 2374 2856 ex

357 2872 449 2938 mi,
490 2871 613 2925 edd.
660 2869 751 2923 Ad
777 2888 831 2940 p.
853 2876 902 2926 9.
926 2877 1007 2925 19.
1039 2901 1109 2913 -
1144 2877 1211 2925 32
1234 2873 1502 2941 praefecti
1520 2874 1837 2942 partium
1862 2872 2144 2938 Petrai-ea,
2172 2872 2262 2939 E’,
2303 2874 2376 2927 de

395 2957 468 2994 uo
518 2940 744 2994 dubitat
787 2940 976 2995 Lehm.
1017 2942 1135 2997 Att.
1163 2960 1218 3012 p.
1252 2948 1354 2997 166
1374 2959 1483 3011 sq.;
1533 2944 1632 2998 sed
1676 2961 1725 2999 v,
1756 2941 1818 2999 O.
1848 2943 1910 2999 E.
1942 2943 2194 2998 Schmidt
2229 2961 2373 2998 mus,

406 3011 533 3066 hen.
566 3016 700 3065 1897
738 3029 792 3081 Ρ.
826 3017 925 3065 149
947 3029 1028 3080 sq.
1093 3015 1111 3081 u
1174 3013 1246 3068 P.
1276 3013 1413 3068 269.
1445 3020 1475 3067 6
1512 3015 1591 3068 Π
1617 3012 1771 3082 Μ’Ζ,
1818 3013 2107 3081 Ἦθεθῑιὶ).,
2152 3012 2376 3081 Tyrrell

358 3098 444 3152 ep.
475 3088 596 3149 363,
635 3082 727 3135 ·H·
766 3084 805 3136 d
839 3082 942 3151 M¹,
973 3084 1122 3152 prid.
1144 3083 1311 3154 vng.,
1349 3084 1557 3152 Baiter,
1602 3085 1760 3140 Boot.
1825 3085 1915 3139 Ad
1941 3103 1996 3155 p.
2019 3089 2135 3140 182.
2158 3089 2208 3152 6,
2237 3084 2374 3141 fam.

399 3198 410 3208 .
440 3158 561 3208 429.
594 3157 686 3218 17,
743 3151 964 3218 Quinet.
992 3170 1050 3223 p.
1081 3160 1128 3210 7.
1162 3160 1254 3223 13,
1312 3154 1619 3226 Sternkopf
1664 3154 2083 3212 ‘Wochensohr.
2120 3155 2159 3211 f.
2197 3154 2375 3211 klass,

402 3222 583 3279 hilol.’
628 3229 780 3279 1897.
814 3230 933 3280 707.
989 3255 1060 3266 -
1115 3231 1147 3280 9
1185 3227 1382 3281 multos
1417 3227 1497 3294 d.,
1552 3227 1825 3293 i.e.dies,
1880 3226 2106 3293 Rosiae,
2161 3227 2378 3295 Baiter,

357 3297 551 3349 multos
596 3295 712 3349 dies
746 3295 914 3363 Boot,
963 3295 1095 3350 ‘Sed
1125 3297 1403 3366 profectus
1439 3304 1516 3352 est
1549 3298 1745 3352 multos
1780 3298 1915 3352 dies’
1930 3340 1944 3365 ,
1992 3297 2197 3366 inquit,
2239 3297 2378 3351 ‘dici

356 3381 472 3420 non
521 3368 725 3437 potest.
800 3365 999 3434 Itaque
1055 3367 1356 3422 scribatur:
1416 3369 1553 3423 alter
1605 3375 1731 3423 wnte
1782 3369 1977 3423 multos
2031 3369 2188 3436 dies',
2230 3412 2240 3423 .
2272 3410 2284 3422 .
2318 3410 2330 3422 .
2361 3410 2377 3423 .

356 3438 497 3491 alter
541 3438 737 3492 multos
785 3436 1004 3506 Tyrrell
1051 3438 1191 3493 coni.
1232 3440 1371 3494 alter
1413 3440 1551 3494 duos
1602 3439 1814 3509 aliquos
1860 3439 1976 3494 dies
2020 3440 2194 3506 abest,
2240 3440 2381 3494 alter

357 3510 564 3564 multos.
605 3539 674 3549 -
722 3514 789 3561 26
828 3509 1126 3565 adsentior
1159 3509 1354 3564 Baiter
1388 3525 1531 3577 vere,
1570 3510 1749 3565 ered0.
1823 3510 1913 3563 Ad
1947 3527 2002 3579 p.
2036 3516 2154 3564 192.
2185 3515 2269 3564 28.
2307 3540 2380 3552 --
