2642 3923
525 229 1036 284 EPISTULARUM
1072 229 1172 283 AD
1209 229 1535 284 ATTICUM
1572 230 1699 283 XVI
1739 235 1946 284 16-16
1956 232 2022 284 Α.
2152 230 2284 293 515

1188 425 1359 491 XVI.

272 546 386 603 Ser.
415 547 480 601 in
521 547 838 601 Tusculano
873 547 1019 601 mter
1053 564 1107 602 a.
1135 547 1188 601 d.
1219 547 1274 601 V
1304 553 1356 602 et
1383 547 1532 617 prid.
1553 547 1700 602 Non.
1727 546 1912 617 Quint.
1934 562 1986 600 a.
2010 549 2119 600 710
2148 547 2284 612 (44).

731 668 987 724 CICERO
1027 670 1162 724 SUO
1202 669 1350 723 SAL.
1380 668 1515 725 DIC.
1546 667 1828 724 ATTICO.

401 775 899 841 Iucundissimas
945 781 1091 841 tuas
1138 778 1267 862 legi
1310 778 1582 841 litteras.
1654 775 1757 840 Ad
1793 775 2098 840 Plancum
2138 778 2286 840 scri·
2326 792 2354 839 1

220 891 246 932 ⁵
273 866 403 950 psi,
464 865 629 929 misi.
722 864 940 929 Habes
1007 866 1384 949 exemplum.
1477 863 1639 929 Cum
1696 864 1930 928 Tirone
1986 865 2142 948 quid
2202 864 2287 928 sit

270 954 552 1037 locutus,
607 974 983 1037 cognoscam
1039 976 1114 1017 ex
1161 954 1320 1036 ipso,
1415 952 1577 1017 Cum
1625 974 1844 1017 sorore
1890 972 2040 1037 ages
2085 957 2288 1016 atten-
2326 969 2356 1016 2

271 1043 423 1127 tius,
469 1042 524 1105 si
568 1045 632 1105 te
679 1043 1093 1125 occupatione
1137 1042 1265 1106 ista
1309 1043 1629 1105 relaxatis,

1241 1252 1319 1318 A.

749 1374 860 1428 Ser.
888 1375 953 1427 in
994 1374 1304 1428 Tusculano
1341 1376 1520 1429 eodem
1555 1381 1802 1444 tempore.

191 1509 245 1549 10
527 1496 601 1550 Μ.
632 1495 888 1551 CICERO
925 1495 985 1550 L.
1014 1494 1300 1550 PLANCO
1339 1496 1596 1552 PRAET.
1625 1495 1855 1553 DESIG.
1887 1496 2035 1552 SAL.

402 1602 608 1667 Attici
651 1604 860 1667 nostri
905 1607 971 1666 te
1016 1603 1195 1667 valde
1243 1603 1602 1668 studiosum
1650 1626 1788 1668 esse
1826 1604 2119 1690 cognovi,
2161 1605 2287 1670 mei
2323 1623 2354 1670 3

271 1713 422 1756 vero
477 1692 571 1755 ita
626 1691 953 1776 cupidum,
1006 1695 1081 1754 ut
1136 1692 1492 1755 mehercule
1550 1713 1784 1774 paucos
1831 1713 2028 1775 aeque
2074 1692 2287 1757 obser-

273 1784 497 1845 vantes
552 1783 745 1863 atque
800 1783 1086 1843 amantes
1131 1801 1234 1843 me
1279 1778 1513 1842 habere
1559 1779 1939 1844 existimem.
2030 1779 2132 1843 Ad
2179 1803 2286 1863 pa·

274 1873 489 1932 ternas
536 1867 706 1932 enim
755 1888 1021 1952 magnas
1059 1871 1122 1930 61
1158 1872 1406 1932 veteres
1443 1873 1507 1932 et
1542 1868 1747 1931 iustas
1784 1868 2285 1933 necessitudines

193 1983 245 2024 15
273 1979 573 2042 magnam
645 1955 867 2020 attulit
939 1956 1366 2021 accessionem
1428 1960 1543 2020 tua
1605 1957 1904 2022 voluntas
1968 1977 2122 2041 erga
2183 1979 2285 2021 me

271 2066 539 2128 meaque
585 2064 736 2128 erga
780 2049 847 2108 te
893 2067 1008 2128 par
1054 2050 1247 2128 atque
1292 2050 1531 2109 mutua.

404 2132 751 2197 Buthrotia
812 2133 934 2197 tibi
998 2155 1188 2197 causa
1251 2135 1476 2217 ignota
1536 2119 1668 2197 non
1724 2137 1839 2197 est.
1927 2133 2059 2218 Egi
2114 2134 2285 2198 enim
2322 2154 2352 2198 4

272 2243 459 2306 saepe
505 2222 581 2285 de
626 2242 699 2285 ea
743 2243 811 2285 re
856 2226 1069 2285 tecum
1112 2221 1364 2306 tibique
1408 2226 1616 2285 totam
1649 2243 1787 2285 rem
1821 2221 2284 2305 demonstravi;

273 2331 436 2393 quae
508 2313 608 2374 est
669 2314 810 2373 acta
870 2309 994 2374 hoc
1056 2310 1264 2373 modo,
1371 2308 1464 2374 Ut
1528 2310 1806 2391 primurn
1869 2309 2286 2375 Buthrotium

193 2425 246 2464 20
273 2419 497 2482 agrum
555 2398 985 2482 proscriptum
1039 2397 1341 2482 vidimus,
1396 2402 1755 2461 commotus
1801 2396 2059 2462 Atticus
2104 2398 2286 2462 libel-

270 2487 406 2550 lum
460 2486 838 2569 composuit.
927 2485 1095 2549 Eum
1150 2485 1311 2549 mihi
1367 2485 1568 2571 dedit,
1622 2491 1695 2549 ut
1741 2485 1957 2550 darem
2003 2483 2284 2571 Caesari3

272 2597 445 2640 eram
501 2575 670 2637 enim
726 2577 1062 2637 cenaturus
1109 2573 1278 2656 apud
1323 2595 1469 2637 eum
1514 2574 1629 2638 illo
1675 2574 1791 2637 die.
1883 2574 2054 2638 Eum
2098 2575 2283 2639 libel-

272 2664 408 2727 lum
458 2661 714 2726 Caesari
761 2661 920 2726 dedi.
1010 2661 1321 2726 Probavit
1368 2683 1643 2746 causam,
1688 2663 2016 2745 rescripsit
2062 2662 2284 2728 Attico

274 2772 477 2834 aequa
531 2771 676 2814 eum
728 2750 1084 2836 postulare,
1139 2750 1469 2814 admonuit
1522 2754 1764 2836 tamen,
1824 2754 1898 2815 ut
1952 2752 2285 2853 pecuniam

194 2864 246 2905 25
273 2839 588 2922 reliquam
621 2837 953 2902 Buthrotii
990 2838 1069 2902 ad
1106 2838 1275 2902 diem
1313 2839 1650 2904 solverent.
1732 2801 2011 2924 Atticus,
2057 2841 2169 2922 qui
2205 2841 2286 2904 ci·
2325 2859 2355 2905 5

274 2927 541 2991 vitatem
595 2931 1031 2991 conservatam
1090 2931 1378 3013 cuperet,
1428 2927 1761 3010 pecuniam
1803 2929 2165 2992 numeravit
2212 2928 2288 2992 de

275 3038 409 3080 suo.
501 3014 687 3091 Quod
739 3036 884 3079 cum
938 3018 1104 3078 esset
1157 3015 1425 3098 factum,
1481 3015 1750 3078 adiimus
1803 3015 1888 3081 ad
1935 3012 2288 3100 Caesarem,

275 3105 468 3168 verba
511 3104 776 3167 fecimus
822 3124 939 3186 pro
977 3102 1360 3186 Buthrotiis,
1403 3067 1928 3167 liberalissimum
1964 3103 2287 3168 decretum

276 3191 696 3275 abstulimus3
743 3190 915 3276 quod
960 3195 1057 3255 est
1096 3191 1508 3276 obsignatum
1545 3192 1624 3256 ab
1663 3191 2074 3274 amplissimis
2111 3193 2286 3256 viris.

193 3308 247 3347 30
277 3280 451 3356 Quae
504 3301 651 3343 cum
710 3283 922 3343 essent
977 3282 1142 3363 acta,
1197 3279 1418 3344 mirari
1474 3279 1767 3363 equidem
1823 3279 2103 3343 solebam
2151 3281 2288 3364 pati

276 3366 610 3433 Caesarem
669 3367 1006 3432 convenire
1062 3389 1198 3454 eos,
1254 3369 1366 3451 qui
1412 3389 1637 3452 agrum
1682 3366 2098 3431 Buthrotium
2145 3390 2287 3433 con-

276 3456 636 3541 cupissent,
688 3477 894 3539 neque
943 3456 1152 3519 solum
1197 3456 1365 3541 pati,
1419 3455 1529 3519 sed
1573 3455 1769 3519 etiam
1814 3456 1872 3518 61
1916 3456 2176 3540 negotio
2223 3461 2289 3520 16

276 3545 630 3629 praeficere.
721 3542 947 3627 Itaque
1011 3548 1076 3607 et
1140 3564 1258 3629 ego
1323 3565 1468 3608 cum
1525 3542 1640 3609 illo
1705 3543 1959 3607 locutus
2026 3565 2169 3607 sum
2224 3548 2288 3607 61

1864 3646 1970 3698 33*
