2642 3923
529 224 1046 279 EPISTULARUM
1082 224 1181 279 AD
1219 225 1546 280 ATTIOUM
1582 225 1712 280 XIII
1751 231 1974 280 12-16,
2175 226 2306 290 403

423 366 653 433 Brinni
690 369 980 454 libertus,
1017 369 1276 434 coheres
1313 373 1552 452 noster,
1581 368 1841 453 scripsit
1876 369 1955 432 ad
1992 391 2092 433 me
2129 369 2311 454 velle,
2347 390 2376 433 4
2409 386 2538 435 <XIV
2569 389 2621 433 ιν

293 459 347 522 si
404 457 562 522 mihi
617 456 922 541 placeret,
988 457 1354 542 coheredeS,
1414 480 1481 522 se
1537 462 1600 520 et
1660 456 1969 522 Sabinum
2023 457 2307 541 Albium,

292 547 372 610 ad
417 567 519 610 me
553 545 785 610 venire.
859 545 935 609 Id
971 566 1091 630 ego
1131 545 1320 629 plane
1355 546 1522 610 nolo,
1596 544 1935 610 Hereditas
1974 546 2141 609 tanti
2176 567 2308 609 non

293 639 407 699 est.
509 632 598 698 Et
653 637 870 697 tamen
925 633 1102 697 obire
1158 634 1473 698 auctionis
1530 634 1696 698 diem
1758 634 1942 698 facile
2004 638 2306 718 poterunt

239 749 266 790 5
295 721 424 808 (est
492 722 662 786 enim
730 739 808 785 ΠΙ
874 719 1086 807 Idus),
1152 723 1209 786 si
1274 744 1379 787 me
1442 722 1512 785 in
1574 721 1934 787 Tusculano
1997 722 2306 806 postridie

292 809 515 875 Nonas
570 830 757 874 mane
812 810 1239 874 convenerint.
1333 809 1574 886 Quodsi
1627 810 1837 875 laxius
1892 811 2110 874 volent
2164 831 2306 893 pro-

290 900 458 963 ferre
513 898 706 981 diem,
760 901 1066 981 poterunt
1110 898 1213 963 vel
1258 898 1525 963 biduum
1569 899 1672 962 vel
1716 898 2001 963 triduum
2016 951 2033 983 ,
2086 898 2188 961 vel
2231 902 2306 962 ut

291 986 640 1071 videbitur3
703 986 868 1050 nihil
923 987 1094 1051 enim
1155 986 1438 1051 interest.
1523 985 1756 1072 Quare,
1804 987 1934 1051 nisi
1989 987 2118 1050 iam
2164 1007 2308 1069 pro-

290 1076 442 1140 fecti
480 1078 649 1158 sunt,
694 1074 1001 1139 retinebis
1038 1073 1347 1140 homines.
1421 1074 1518 1139 De
1554 1075 1777 1160 Brut0,
1815 1076 1870 1138 si
1907 1075 2061 1158 quid
2100 1068 2308 1160 eyerit,
2343 1090 2472 1141 (nv
2501 1092 2544 1134 ε)

214 1189 265 1229 ιο
292 1164 367 1228 de
405 1161 692 1251 Caesare,
729 1161 784 1226 si
823 1163 976 1246 quid
1015 1164 1194 1249 scieS,
1231 1164 1287 1228 si
1327 1164 1484 1248 quid
1521 1164 1643 1227 erit
1679 1168 2024 1248 praeterea,
2051 1162 2303 1227 scribes.

1116 1338 1291 1423 XIV,
1336 1338 1474 1404 XV.

635 1459 748 1514 Sor.
778 1461 842 1513 in
877 1459 1148 1528 Arpinati
1190 1460 1244 1515 V
1273 1461 1349 1516 K.
1384 1460 1568 1530 Quint.
1600 1480 1650 1516 a.
1683 1465 1794 1517 709
1831 1465 1967 1531 (45).

888 1582 1179 1638 CICERO
1213 1583 1505 1639 ATTICO
1542 1584 1708 1639 SAL.

424 1689 590 1754 Illud
635 1691 829 1755 etiam
864 1694 1058 1774 atque
1094 1691 1287 1755 etiam
1325 1692 1685 1755 consideres
1722 1692 1932 1776 velim,
1976 1692 2304 1775 placeatne
2343 1708 2371 1756 1
2411 1708 2470 1757 (²)

210 1807 263 1847 ιε
290 1779 414 1843 tibi
460 1779 636 1842 mitti
683 1779 763 1842 ad
807 1776 1185 1865 Varronem,
1221 1779 1393 1862 quod
1439 1781 1825 1863 scripsimus.
1918 1779 2065 1843 Etsi
2113 1781 2305 1844 etiam

294 1868 373 1931 ad
427 1870 492 1930 te
546 1866 793 1950 aliquid
846 1868 1140 1950 pertinet.
1233 1865 1403 1931 Nam
1459 1868 1621 1932 scito
1675 1872 1740 1932 te
1796 1868 1853 1932 ei
1901 1868 2155 1953 dialogo
2203 1868 2303 1931 ad·

291 1958 582 2021 iunctum
647 1977 785 2020 esse
847 1954 1127 2020 tertium.
1220 1953 1466 2039 Opinor
1528 1956 1757 2042 igitur,
1816 1956 2302 2021 consideremus.

290 2045 439 2110 Etsi
484 2044 746 2108 nomina
791 2044 920 2108 iam
965 2046 1133 2109 facta
1170 2049 1348 2129 sunt3
1396 2045 1505 2109 sed
1541 2045 1645 2109 vel
1679 2046 1892 2110 induci
1929 2046 2032 2109 vel
2068 2046 2306 2109 mutari

290 2136 579 2218 possunt.

209 2250 263 2289 20
424 2220 589 2298 Quid
634 2219 787 2304 agit,
834 2220 1094 2286 obsecro
1140 2225 1223 2304 te,
1267 2220 1487 2285 Attica
1530 2222 1796 2285 nostra?
1868 2219 2039 2285 Nam
2083 2220 2298 2286 triduo
2337 2237 2369 2285 2
2408 2236 2514 2287 (XV
2544 2235 2586 2285 ι)

291 2310 405 2374 abs
469 2314 535 2373 te
597 2309 810 2384 nullas
874 2329 1258 2392 acceperam3
1340 2330 1456 2373 nec
1513 2310 1762 2373 mirum.
1862 2307 2070 2374 Nemo
2136 2310 2306 2386 enim

290 2401 569 2482 venerat,
613 2417 731 2461 nec
775 2396 1051 2461 fortasse
1096 2418 1285 2461 causa
1331 2398 1556 2462 fuerat.
1647 2398 1873 2481 ltaque
1920 2398 2076 2481 ipse,
2135 2397 2307 2483 quod

294 2486 650 2564 scriberem,
697 2506 828 2549 non
873 2484 1205 2549 habebam.
1289 2485 1428 2561 Quo
1477 2491 1690 2550 autem
1736 2486 1837 2550 die
1879 2485 1997 2551 has
2043 2485 2304 2551 Valerio

291 2575 536 2659 dabam,
584 2573 1028 2656 exspectabam
1076 2572 1354 2657 aliquem
1398 2595 1701 2638 meorum.
1778 2572 1899 2649 Qui
1936 2575 1990 2638 si
2026 2576 2304 2639 venisset

210 2690 262 2729 25
291 2669 354 2728 et
402 2686 438 2726 a
485 2668 550 2726 te
596 2662 753 2747 quid
797 2661 1141 2746 attulisset,
1186 2662 1481 2726 videbam
1525 2684 1657 2727 non
1703 2662 2090 2748 defuturum,
2136 2665 2306 2748 quod

294 2752 651 2816 scriberem.

1209 2888 1383 2955 XVI.

620 2993 732 3050 Ser.
762 2995 826 3048 in
861 2995 1131 3064 Aspernata·
1164 2993 1263 3047 IV
1293 2993 1367 3047 K.
1403 2992 1587 3063 me.
1618 3012 1669 3047 a.
1701 2998 1811 3050 709
1848 2998 1985 3064 (45).

899 3099 1186 3155 olomeo
1221 3098 1511 3155 ATTICO
1546 3099 1711 3155 SAL.

207 3221 263 3260 ao
426 3189 585 3275 Noe,
629 3212 773 3255 cum
817 3190 1084 3255 flumina
1131 3196 1194 3255 et
1241 3190 1653 3255 solitudinem
1699 3213 2132 3277 sequeremur,
2178 3212 2304 3274 quo
2345 3206 2373 3255 1

290 3280 544 3345 facilius
594 3282 954 3343 sustentare
999 3300 1117 3343 nos
1164 3301 1517 3365 possemus,
1561 3279 1785 3362 pedem
1831 3301 1864 3343 e
1909 3279 2065 3344 villa
2102 3278 2307 3343 adhuc

293 3368 534 3454 egressi
592 3388 724 3431 non
789 3389 1038 3453 sumus3
1101 3368 1196 3431 ita
1259 3388 1527 3451 magnos
1594 3372 1657 3431 et
1712 3367 2011 3431 adsiduos
2066 3367 2305 3430 imbres

289 3457 701 3521 habebamus
804 3453 994 3520 Illam
1056 3454 1498 3539 Ἀκαδημικὴν
1564 3454 1878 3533 σύνταξιν
1947 3458 2153 3519 totam
2227 3454 2309 3517 ad

294 3545 652 3610 Varronem
719 3543 1135 3608 traduximus.
1244 3543 1462 3607 Primo
1531 3544 1657 3607 fuit
1725 3540 1966 3625 Catuli,
2034 3540 2306 3626 Luculli,

1883 3644 1989 3698 26*
