2642 3923
311 526 342 575 6

300 3270 329 3319 1

386 191 511 252 140
1020 189 1093 245 M.
1133 188 1348 243 TULLI
1383 188 1760 245 CICERONIS

380 332 692 411 ‘o’cvegc'oev'
750 333 819 397 in
882 353 1083 397 unum
1147 354 1386 397 annum
1450 333 1797 398 meditatus
1864 355 2021 398 sum.
2124 332 2401 399 Proinde

377 442 613 506 pugna,
657 443 756 505 ne,
803 421 859 485 si
907 421 1063 504 quid
1107 425 1529 507 prorogatum
1577 422 1680 505 sit,
1727 423 1939 506 turpis
1984 422 2289 487 inveniar.

515 507 703 574 Nunc
748 509 956 594 redeO,
1002 509 1081 574 ad
1119 531 1282 593 quae
1319 510 1482 574 mihi
1516 510 1799 575 mandas.
1872 511 1919 593 †
1957 510 2025 575 in
2059 511 2398 596 praefectis

381 598 706 663 excusatio
755 597 852 681 iis,
899 619 1061 680 quos
1107 598 1312 680 voles,
1367 598 1627 664 deferto.
1718 597 1870 663 Non
1915 620 2024 664 ero
2071 603 2202 663 tam
2250 623 2398 682 μετ-

383 686 608 770 έωρος,
664 708 855 770 quam
911 688 981 750 in
1033 685 1355 770 Appuleio
1410 687 1522 751 fui.
1622 685 1953 752 Xenonem
2006 692 2142 752 tam
2198 687 2397 773 diligo
2456 714 2484 753 z

383 796 573 859 quam
621 780 713 858 tu,
760 774 932 859 quod
977 774 1188 859 ipsum
1237 776 1475 840 sentire
1511 779 1687 841 certo
1727 776 1876 840 scio.
1951 776 2143 860 Apud
2178 774 2399 841 Patro-

381 884 527 928 nem
576 866 641 927 et
687 863 971 946 reliquos
1018 863 1290 928 barones
1336 868 1402 928 te
1438 865 1508 927 in
1543 864 1825 928 maxima
1859 866 2071 949 gratia
2107 864 2295 949 posui
2333 868 2399 929 et

378 950 636 1016 hercule
700 952 932 1016 merito
998 956 1113 1016 tuo
1179 951 1318 1017 feci.
1429 950 1598 1016 Nam
1664 951 1823 1016 mihi
1884 950 2052 1018 Ister
2107 954 2269 1017 dixit
2331 957 2398 1017 te

381 1040 716 1123 scripsisse
761 1040 841 1104 ad
889 1061 956 1104 se
1000 1038 1162 1104 mihi
1208 1061 1285 1104 ex
1333 1040 1509 1105 illius
1547 1041 1784 1105 litteris
1821 1062 1956 1106 rem
1993 1042 2173 1106 illam
2211 1063 2398 1106 curae

382 1127 598 1213 fuisse,
660 1129 829 1212 quod
877 1128 935 1193 ei
982 1132 1355 1213 pergratum
1402 1133 1551 1194 erat.
1649 1127 1792 1213 Sed,
1838 1151 1981 1194 cum
2027 1128 2223 1195 Patro
2271 1151 2397 1194 me·
2424 1155 2479 1195 ιο

380 1237 526 1281 cum
585 1217 851 1301 egisset,
909 1219 984 1281 ut
1029 1221 1311 1300 peterem
1358 1240 1398 1282 a
1441 1222 1656 1282 vestro
1702 1217 2050 1303 Ariopag0‚
2102 1218 2397 1302 ὑπομνη-

381 1307 705 1389 ματισμὸν
770 1305 1100 1389 tollerent,
1166 1326 1357 1389 quem
1412 1303 1835 1389 Polycharmo
1890 1309 2185 1392 praetore
2239 1307 2399 1371 fece-

380 1398 555 1477 rant,
619 1393 1015 1458 commodius
1079 1393 1289 1458 visum
1355 1399 1454 1459 est
1517 1399 1583 1458 et
1635 1393 1889 1459 Xenoni
1942 1398 2008 1459 et
2063 1399 2213 1479 post
2270 1395 2397 1480 ipsi

381 1480 644 1546 Patroni
700 1502 804 1547 me
850 1482 929 1546 ad
973 1481 1348 1546 Memmium
1398 1482 1700 1566 scribere,
1756 1483 1869 1568 qui
1913 1483 2146 1567 pridie,
2203 1504 2395 1567 quam

383 1590 502 1656 ego
547 1570 839 1635 Athenas
884 1571 1058 1654 veni,
1117 1570 1465 1654 Mytilenas
1511 1571 1837 1655 profectus
1882 1576 2046 1654 erat,
2093 1577 2166 1636 ut
2212 1573 2269 1636 is
2316 1572 2395 1636 ad
2425 1599 2478 1638 ιε

383 1680 533 1723 suos
581 1657 889 1723 scriberet
933 1680 1124 1743 posse
1168 1659 1234 1723 id
1281 1681 1398 1723 sua
1440 1659 1771 1724 voluntate
1808 1659 1965 1725 fieri.
2039 1658 2190 1725 Non
2226 1661 2394 1725 enim

381 1746 720 1811 dubitabat
774 1746 982 1830 Xeno,
1042 1747 1199 1831 quin
1252 1747 1335 1812 ab
1381 1746 1780 1833 Ariopagitis
1839 1749 2044 1813 invito
2091 1748 2395 1814 Memmio

380 1835 712 1919 impetrari
748 1856 877 1900 non
916 1839 1147 1919 posset.
1220 1834 1565 1900 Memmius
1603 1839 1815 1901 autem
1853 1837 2224 1902 aedificandi
2252 1858 2397 1902 con-

381 1924 594 1990 silium
635 1924 980 2008 abiecerat3
1016 1924 1126 1989 sed
1165 1930 1302 1989 erat
1328 1923 1594 1990 Patroni
1622 1925 1843 1990 iratus.
1910 1923 2139 2011 Itaque
2166 1926 2392 2011 scripsi

381 2013 460 2078 ad
498 2036 643 2079 eum
683 2018 1001 2097 accurate3
1039 2014 1220 2078 cuius
1257 2014 1573 2098 epistulae
1608 2014 1757 2079 misi
1796 2014 1875 2079 ad
1912 2019 1977 2080 te
2014 2014 2393 2098 exemplum.
2423 2041 2478 2080 20

512 2101 609 2166 Tu
665 2101 857 2166 velim
912 2100 1143 2166 Piliam
1190 2104 1350 2166 meis
1396 2102 1612 2167 verbis
1658 2104 2000 2170 consolere.
2091 2102 2394 2168 Indicabo

380 2190 550 2254 enim
596 2189 738 2273 tibi,
793 2194 867 2254 tu
912 2189 1010 2253 illi
1056 2189 1219 2254 nihil
1265 2191 1515 2254 dixeris.
1608 2190 1845 2276 Accepi
1889 2190 2279 2276 fasciculum,
2326 2192 2397 2256 in

381 2299 509 2362 quo
557 2283 694 2343 erat
739 2278 1014 2361 epistula
1057 2277 1276 2343 Piliae.
1359 2277 1641 2364 Abstuli‚
1688 2280 1926 2364 aperui,
1971 2281 2117 2366 legi.
2191 2279 2396 2346 Valde

378 2367 618 2450 scripta
671 2371 772 2432 est
831 2372 1217 2449 συμπαθῶς.
1308 2365 1655 2432 Brundisio
1703 2389 1866 2452 quae
1910 2368 2034 2433 tibi
2082 2369 2395 2453 epistulae

378 2454 661 2519 redditae
706 2458 861 2519 sunt
905 2454 1044 2518 sine
1089 2476 1248 2537 mea,
1304 2459 1446 2519 tum
1490 2455 1788 2521 videlicet
1834 2457 2035 2540 datas,
2081 2479 2225 2522 cum
2272 2478 2392 2543 ego
2422 2483 2474 2523 ιε

376 2565 479 2608 me
533 2564 667 2608 non
720 2542 889 2608 belle
931 2541 1251 2608 haberem.
1343 2542 1515 2608 Nam
1561 2545 1738 2608 illam
1784 2546 1830 2627 †
1876 2568 2246 2629 νομαναρια
2290 2568 2394 2612 me

377 2632 849 2698 excusationem
890 2652 976 2697 ne
1019 2631 1352 2716 acceperis
1424 2630 1613 2718 Cura,
1659 2639 1732 2698 ut
1772 2634 1987 2699 omnia
2022 2635 2239 2719 sciam,
2283 2634 2393 2700 sed

374 2722 650 2785 maxime
695 2725 770 2784 ut
815 2719 1041 2785 valeas.

1309 2895 1454 2962 XII.

639 3018 752 3074 Sor.
782 3019 845 3072 in
883 3019 1058 3073 medio
1094 3020 1239 3072 mari
1274 3019 1409 3073 med.
1438 3035 1506 3072 m.
1543 3018 1730 3090 Quint.
1762 3036 1812 3074 a.
1847 3021 1956 3074 703
1996 3023 2132 3087 (61).
2421 3031 2473 3071 ω

1009 3139 1265 3197 CICERO
1306 3140 1567 3198 ATTICO
1608 3142 1756 3198 SAL.

502 3247 855 3336 Negotium
923 3272 1226 3336 magnum
1296 3255 1392 3316 est
1447 3252 1752 3336 navigare
1806 3255 2001 3336 atque
2057 3252 2123 3318 id
2178 3274 2396 3318 mense

372 3337 696 3414 Quinctili.
756 3336 953 3403 Sexto
983 3340 1084 3403 die
1111 3337 1347 3404 Delum
1375 3338 1651 3404 Athenis
1679 3340 1986 3405 venimus
2050 3339 2151 3405 Pr.
2172 3339 2395 3406 Nonas

370 3424 722 3501 Quinctiles
769 3449 806 3490 a
841 3426 1068 3491 Piraeo
1115 3428 1194 3492 ad
1233 3427 1498 3492 Zostera
1540 3433 1732 3494 vento
1781 3430 2081 3513 molest03
2128 3431 2237 3513 qui
2275 3423 2395 3494 n'os

364 3512 600 3577 ibidem
640 3511 847 3578 Nonis
898 3515 1122 3579 tenuit.
1196 3514 1371 3581 Ante
1419 3515 1733 3595 vmldus
1782 3518 1860 3581 ad
1908 3515 2038 3584 Ceo
2095 3518 2393 3603 iucunde3
2420 3542 2472 3585 ιε
