2642 3923
80 2181 127 2227 Ο

628 1008 745 1091 Μ.
800 1008 1181 1090 TULLI
1238 1007 1927 1091 CICERONIS

520 1167 1285 1241 EPISTULARUM
1348 1167 1488 1240 AD
1551 1168 2035 1242 ATTIGUM

860 1321 1124 1388 LIBER
1168 1321 1700 1389 UNDEOIMUS.

1169 1483 1384 1493 ——-

1249 1604 1297 1670 Ι.

205 1742 243 1778 a
306 1727 420 1783 Ser.
450 1729 515 1781 in
551 1726 733 1796 Epiro
768 1728 912 1781 inter
947 1727 1095 1782 Non.
1126 1733 1176 1781 et
1210 1727 1298 1781 Id.
1329 1726 1477 1793 Ian„
1512 1734 1575 1781 ut
1609 1728 1842 1793 videtur,
1877 1746 1928 1782 a.
1960 1732 2072 1782 706
2108 1731 2248 1796 (48).

908 1848 1162 1903 CICERO
1202 1848 1463 1903 ATTICO
1502 1848 1650 1904 SAL.

404 1958 640 2042 Accepi
688 1981 726 2022 a
770 1964 835 2023 te
882 1958 1211 2043 signatum
1256 1958 1576 2042 libellum,
1635 1980 1823 2042 quem
1866 1957 2147 2025 Anteros
2194 1965 2285 2025 at·
2324 1979 2351 2026 1

271 2048 536 2132 tulerat3
583 2069 659 2111 ex
707 2068 833 2131 quo
879 2047 1046 2110 nihil
1093 2047 1255 2111 scire
1300 2047 1485 2130 potui
1532 2047 1608 2110 de
1640 2048 1882 2111 nostris
1921 2048 2285 2113 domesticis

271 2136 480 2200 rebus.
554 2134 650 2199 De
697 2135 932 2219 quibus
980 2135 1387 2200 acerbissime
1433 2135 1742 2221 adflictor‚
1788 2136 1977 2222 quod,
2021 2137 2134 2220 qui
2179 2158 2284 2202 eas

191 2253 244 2291 ιο
272 2223 682 2309 dispensavit,
726 2244 933 2306 neque
979 2222 1158 2287 adest
1204 2223 1352 2288 istic
1393 2245 1619 2309 neque,
1662 2224 1776 2288 ubi
1820 2228 2136 2288 terrarum
2181 2224 2287 2312 sit,

273 2313 419 2377 scio,
495 2311 764 2377 Omnem
811 2316 1028 2377 autem
1066 2333 1245 2395 spem
1289 2310 1496 2375 habeo
1543 2311 2039 2378 existimationis
2079 2313 2284 2395 priva·

272 2404 606 2484 tarumque
660 2421 876 2464 rerum
927 2399 998 2463 in
1051 2404 1166 2463 tua
1227 2421 1380 2485 erga
1425 2422 1526 2464 me
1571 2399 1730 2464 mihi
1775 2401 2286 2485 perspectissima

271 2488 731 2553 benevolentia.
822 2486 1025 2563 Quam
1082 2488 1138 2551 si
1183 2486 1288 2552 his
1334 2489 1732 2572 temporibus
1778 2490 2028 2553 miseris
2076 2493 2140 2553 et
2185 2512 2286 2554 ex-

269 2577 492 2641 tremis
530 2576 946 2660 praestiteriS‚
990 2575 1146 2639 haec
1181 2575 1481 2661 pericula,
1527 2598 1689 2660 quae
1725 2577 1886 2641 mihi
1922 2578 2287 2642 communia

189 2691 241 2731 ιε
271 2669 423 2729 sunt
475 2685 619 2729 cum
672 2664 899 2729 ceteris
907 2717 924 2748 ‚
991 2664 1225 2729 fortius
1284 2665 1513 2748 feram3
1576 2665 1769 2747 idque
1812 2670 1889 2730 ut
1933 2665 2155 2751 facias,
2221 2670 2285 2731 te

272 2752 563 2818 obtestor
618 2757 811 2836 atque
868 2752 1151 2817 obsecro.
1251 2752 1397 2837 Ego
1453 2753 1522 2816 in
1577 2752 1947 2837 cistophoro
2002 2754 2073 2818 in
2128 2753 2288 2819 Asia
2322 2774 2353 2821 2

267 2840 473 2905 habeo
534 2840 614 2904 ad
672 2841 1042 2906 sestertium
1100 2840 1203 2904 bis
1258 2845 1324 2904 et
1378 2841 1636 2905 viciens.
1726 2840 1938 2906 Huius
1982 2843 2286 2926 pecuniae

266 2929 743 3012 permutatione
784 2928 977 2994 fidem
1021 2933 1313 2993 nostram
1357 2929 1544 2993 facile
1584 2930 1873 3015 tuebere3
1920 2952 2112 3014 quam
2150 2932 2285 3015 qui-

270 3017 413 3080 dem
471 3037 591 3101 ego
650 3017 780 3081 nisi
826 3017 1190 3101 expeditam
1236 3017 1597 3101 relinquere
1640 3038 1745 3082 me
1787 3022 2116 3101 putassem
2160 3042 2286 3084 cre·

189 3131 242 3172 20
270 3105 424 3169 dens
480 3105 565 3189 81,
631 3105 734 3169 cui
787 3109 863 3170 tu
916 3105 1040 3169 scis
1093 3106 1225 3169 iam
1278 3105 1529 3189 pridem
1582 3104 1845 3171 minime
1899 3107 2148 3172 credere
2191 3129 2287 3173 me

268 3194 491 3277 debere,
537 3196 968 3258 commoratus
1014 3214 1218 3258 essem
1254 3193 1580 3277 paulisper
1615 3215 1732 3258 nec
1767 3193 2147 3259 domesticas
2182 3218 2284 3260 res

268 3281 610 3366 impeditas
665 3280 1084 3365 reliquissem.
1177 3279 1275 3345 Ob
1332 3303 1599 3365 eamque
1653 3303 1909 3346 causam
1956 3283 2160 3347 serius
2207 3283 2287 3347 ad

268 3375 334 3434 te
389 3369 625 3453 scribo,
685 3370 856 3453 quod
909 3391 1051 3434 sero
1107 3368 1426 3454 intellexi,
1491 3370 1646 3454 quid
1700 3370 2054 3435 timendum
2100 3377 2283 3435 esset.

268 3457 358 3522 Te
404 3459 597 3523 etiam
644 3462 840 3541 atque
885 3458 1080 3522 etiam
1126 3479 1259 3542 or0‚
1303 3462 1380 3522 ut
1416 3479 1520 3522 me
1555 3462 1770 3522 totum
1806 3458 2115 3522 tuendum
2151 3480 2282 3522 sus·

188 3572 243 3612 25
268 3546 486 3633 cipias‚
530 3551 622 3630 ut,
669 3547 726 3610 si
769 3545 819 3610 ii
865 3547 1027 3610 salvi
1074 3551 1280 3632 erunt,
1326 3546 1708 3629 quibuscum
1760 3567 1922 3629 sum,
1965 3568 2095 3609 una
2140 3567 2284 3609 cum

1861 3653 1925 3699 21
1941 3647 1966 3675 *
