2642 3923
582 213 1095 269 EPISTULARUM
1130 215 1229 269 AD
1267 212 1595 270 ATTIOUM
1629 213 1735 269 VII
1770 219 1995 268 28—26.
2168 214 2295 278 221

1168 444 1407 511 XXVI.

554 564 670 620 Ser.
707 566 770 618 in
807 563 1111 620 Formiano
1150 565 1272 619 XV
1304 565 1380 621 K.
1420 565 1596 622 Mart.
1635 583 1687 621 a.
1728 570 1839 622 705
1874 570 2014 635 (49).

886 686 1178 744 CICERO
1194 688 1504 745 ATTICO
1540 689 1704 745 SAL.

407 794 562 861 Non
613 796 792 862 venit
851 796 1020 861 idem
1071 819 1193 861 usu
1252 796 1442 881 mihi,
1505 797 1677 880 quod
1735 801 1808 861 tu
1869 796 1993 861 tibi
2049 797 2297 884 scribis,
2335 813 2363 861 1

219 912 245 952 5
276 884 599 969 ‘quotiens
655 885 961 952 exorior'.
1052 883 1200 971 Ego
1257 886 1430 948 enim
1484 906 1654 950 nunc
1700 888 1982 968 primum
2034 886 2297 969 paulum

276 973 530 1039 exorior
575 978 641 1039 et
684 972 963 1038 maxime
1001 973 1258 1057 quidem
1303 974 1385 1037 iis
1429 973 1688 1058 litteris,
1733 994 1896 1057 quae
1941 971 2151 1038 Roma
2194 973 2296 1038 ad-

274 1061 572 1127 feruntur
617 1062 696 1126 de
730 1060 1044 1144 Domitio,
1090 1061 1166 1126 de
1201 1059 1564 1126 Picentium
1601 1061 1993 1126 cohortibus.
2067 1060 2298 1126 Omnia

275 1146 458 1214 erant
521 1151 692 1214 facta
746 1149 871 1214 hoc
934 1149 1131 1213 biduo
1205 1149 1491 1214 laetiora.
1591 1147 1818 1234 Itaque
1881 1150 2064 1236 fuga,
2134 1172 2295 1235 quae

275 1238 644 1323 parabatur,
691 1259 983 1322 repressa
1029 1241 1154 1321 est3
1202 1235 1495 1303 Caesaris
1541 1237 1906 1304 interdicta:

194 1390 247 1429 ιο
427 1360 538 1427 ‘Si
583 1364 657 1427 te
702 1361 1034 1426 secundo
1080 1360 1368 1425 himine
1412 1359 1537 1426 hic
1581 1360 1977 1428 offendero
2026 1363 2144 1409 —'

274 1508 696 1657 {espuuntgun
765 1502 938 1566 bona
997 1501 1073 1566 de
1126 1499 1447 1588 Domitio,
1511 1503 1836 1586 praeclara
1890 1503 1966 1569 de
2023 1501 2295 1568 Afranio

303 1614 449 1657 ama
493 1613 560 1657 es
594 1642 608 1656 .

411 1679 594 1756 Quod
654 1700 758 1744 me
813 1677 1199 1743 amicissime
1262 1678 1594 1764 admones,
1656 1682 1732 1743 ut
1788 1701 1893 1744 me
1955 1680 2297 1765 integrum,
2330 1695 2363 1743 2

279 1768 490 1854 quoad
543 1766 819 1854 possim,
881 1787 1157 1851 servem,
1218 1770 1477 1851 gratum
1532 1770 1658 1852 est3
1722 1766 1895 1851 quod
1948 1767 2156 1853 addis,
2215 1789 2296 1832 ne

198 1883 252 1924 ¹⁶
277 1857 674 2010 ffifflffi
702 1854 1093 2010 ²3:¹32&ss
1128 1854 1660 2008 {Zussiffffivissiffi
1700 1855 2109 2009 ωῗὲαῗάἕῗ
2154 1877 2295 2010 Ρὲἒὲ

280 1964 865 2120 ageretur‚gnegavi
903 2053 1062 2116 esse,
1105 2052 1240 2097 non
1275 2032 1437 2115 quin
1469 1994 1716 2096 rectum
1744 1966 1941 2117 isset,
1980 2033 2091 2097 sed
2128 1967 2297 2119 guia,

279 2122 452 2207 quod
495 2121 702 2186 multo
748 2120 986 2185 rectius
1027 2119 1172 2205 fuit,
1215 2119 1282 2183 id
1327 2119 1489 2183 mihi
1533 2119 1820 2186 fraudem
1865 2120 2036 2184 tulit.
2099 2119 2296 2184 Plane

280 2233 446 2296 eum,
481 2209 635 2293 quoi
669 2211 893 2273 noster
921 2209 1195 2273 alterum
1230 2209 1635 2273 consulatum
1663 2208 1935 2273 deferret
1972 2213 2037 2273 et
2071 2209 2296 2272 trium-

200 2326 254 2364 20
282 2298 483 2383 phum
521 2295 618 2384 (at
656 2296 889 2381 quibus
926 2296 1170 2362 verbis!
1217 2296 1359 2380 ‘pro
1395 2297 1528 2361 tuis
1564 2296 1756 2361 rebus
1793 2297 1994 2381 gestis
2041 2296 2295 2392 amplis—

280 2385 535 2473 simis'),
577 2385 907 2449 inimicum
940 2383 1177 2449 habere
1210 2384 1561 2450 nolueram.
1634 2384 1779 2470 Ego
1817 2385 1967 2471 sci0,
2004 2389 2069 2449 et
2106 2407 2304 2469 quemn

278 2478 563 2539 metuam
608 2478 673 2538 et
719 2484 913 2557 quam
957 2472 1040 2537 ob
1086 2494 1237 2537 rem.
1330 2470 1448 2537 Sin
1492 2472 1617 2537 erit
1669 2473 1939 2558 bellum,
1993 2477 2069 2537 ut
2110 2473 2294 2538 video

277 2563 435 2646 fore,
479 2566 695 2646 partes
740 2581 918 2626 meae
961 2582 1097 2626 non
1141 2560 1692 2626 desiderabuntur.

413 2649 511 2715 De
546 2647 667 2715 HS
705 2652 801 2714 ii
836 2648 1138 2714 Terentia
1179 2648 1306 2713 tibi
1341 2648 1687 2732 rescripsit.
1761 2647 2099 2734 Dionysio,
2144 2649 2297 2714 dum
2333 2665 2367 2713 8

200 2767 253 2807 25
282 2739 731 2805 existimabam
774 2758 974 2823 vagos
1018 2758 1139 2801 nos
1185 2737 1343 2822 fore,
1386 2737 1570 2802 nolui
1613 2737 1924 2802 molestus
1963 2759 2128 2823 esse3
2172 2738 2298 2803 tibi

283 2831 500 2894 autem
556 2827 780 2892 crebro
840 2826 920 2890 ad
979 2846 1083 2890 me
1150 2824 1459 2889 scribenti
1516 2824 1594 2890 de
1661 2825 1799 2890 eius
1860 2825 2074 2891 officio
2132 2826 2300 2891 nihil

282 2913 603 3000 rescripsi,
646 2914 818 2999 quod
855 2913 1022 2979 diem
1060 2934 1137 2978 ex
1174 2913 1275 2979 die
1313 2914 1778 2998 exspectabam,
1820 2918 1895 2978 ut
1931 2918 2298 3000 statuerem,

285 3003 440 3089 quid
484 3007 653 3068 esset
695 3002 1070 3067 faciendum.
1160 2999 1371 3086 Nunc,
1413 3004 1489 3066 ut
1533 3001 1742 3084 video,
1787 3004 1969 3086 pueri
2015 3007 2187 3067 certe
2230 3004 2300 3067 in

282 3092 626 3157 Formiano
690 3091 990 3156 videntur
1052 3089 1414 3155 hiematuri.
1504 3090 1594 3154 Et
1650 3090 1814 3176 ego?
1882 3087 2137 3155 Nescio,
2228 3089 2299 3155 Si

201 3209 256 3247 so
284 3181 455 3247 enim
500 3180 625 3245 erit
668 3178 930 3264 bellum,
973 3199 1119 3244 cum
1162 3176 1470 3262 Pompeio
1516 3199 1657 3243 esse
1701 3178 2027 3243 constitui.
2117 3178 2300 3255 Quod

279 3268 534 3335 habebo
581 3268 766 3353 certi,
819 3268 1074 3350 faciam,
1126 3268 1202 3331 ut
1256 3266 1436 3330 scias.
1527 3265 1674 3352 Ego
1720 3266 1962 3331 bellum
2008 3267 2301 3331 foedissi-

280 3380 459 3422 mum
501 3357 794 3421 futurum
838 3359 1025 3440 pute,
1067 3353 1197 3419 nisi
1241 3355 1382 3440 qui,
1426 3356 1502 3419 ut
1544 3358 1620 3419 tu
1666 3354 1914 3438 scribis,
1958 3353 2297 3419 Parthicus

282 3467 466 3512 casus
513 3444 852 3510 exstiterit.
