2642 3923
601 184 1116 241 EPISTULARUM
1152 187 1252 241 AD
1290 186 1617 242 ATTICUM
1653 188 1731 243 IV
1772 195 1855 257 15,
1896 195 1978 244 16.
2180 191 2301 253 121

282 329 416 394 fere
455 329 674 395 eodem
709 334 997 414 tempore
1035 331 1148 395 abs
1189 334 1253 396 te
1289 330 1612 397 Buthroto
1651 333 1851 398 datae.
1924 332 2098 398 Scire
2136 334 2306 397 enim

282 417 577 482 volebam
622 422 686 482 te
733 419 1061 484 commode
1097 421 1454 503 navigasse.
1536 420 1657 485 Sed
1693 421 1849 485 haec
1888 421 2307 505 epistularum

282 506 642 590 frequentia
685 528 818 571 non
875 511 1010 571 tam
1067 508 1360 573 ubertate
1418 531 1533 572 sua
1580 531 1771 592 quam
1820 510 2160 574 crebritate
2207 510 2307 574 de-

285 595 561 659 lectavit.
651 594 773 659 Illa
820 596 946 659 fuit
992 597 1207 682 gravis
1255 600 1320 660 et
1367 598 1555 679 plena
1608 619 1848 683 rerum,
1907 621 2099 683 quam
2145 597 2304 661 mihi

231 709 254 748 5
286 682 370 747 M.
416 681 696 769 PacciUS,
740 684 975 767 hospes
1023 689 1191 767 tuuS,
1237 685 1531 751 reddidit.
1621 684 1722 750 Ad
1776 708 1916 750 eam
1961 687 2305 751 rescribam

285 771 486 856 igitur
532 776 597 836 et
628 771 749 836 hoc
786 772 1041 856 quidem
1077 773 1373 855 primum.
1448 773 1672 838 Paccio
1710 775 1959 839 ratione
1996 778 2060 838 et
2092 773 2304 838 verbis

285 863 350 923 et
396 881 464 924 re
511 861 781 944 ostendi,
828 859 983 944 quid
1026 865 1140 925 tua
1181 862 1648 927 commendatio
1686 863 1985 945 ponderis
2022 862 2303 927 haberet.

286 945 515 1031 Itaque
561 950 631 1012 in
657 949 904 1012 intimis
934 953 1033 1013 est
1061 950 1238 1033 meiS,
1286 971 1433 1014 cum
1461 954 1647 1014 antea
1675 956 1872 1014 notus
1898 972 2029 1015 non
2056 952 2300 1015 fuisset.

419 1034 608 1101 Nunc
665 1058 957 1121 pergam=
987 1037 1068 1101 ad
1126 1042 1353 1102 cetera.
1444 1037 1680 1122 Varro,
1745 1040 1820 1103 de
1881 1061 2007 1122 quo
2069 1039 2146 1102 ad
2203 1060 2305 1104 me
2341 1054 2374 1101 2

208 1151 258 1189 ιο
289 1125 537 1211 scribiS,
581 1125 940 1189 includetur
967 1125 1037 1189 in
1065 1125 1344 1209 aliquem
1370 1127 1601 1211 locum,
1648 1128 1702 1190 si
1730 1128 1919 1191 modo
1951 1128 2071 1191 erit
2106 1127 2304 1192 locus,

288 1211 414 1278 Sed
455 1214 631 1277 nosti
676 1234 879 1299 genus
924 1214 1327 1299 dialogorum
1372 1237 1676 1280 meorum.
1752 1213 1843 1280 Ut
1879 1216 1949 1279 in
1986 1216 2305 1301 oratoriis,

288 1322 452 1386 quos
498 1306 572 1365 tu
615 1302 685 1366 in
729 1302 977 1366 caelum
1021 1303 1167 1386 fers,
1212 1324 1346 1366 non
1390 1303 1610 1404 potuit
1646 1304 1886 1367 mentio
1923 1303 2062 1367 fieri
2099 1304 2306 1368 cuius-

289 1411 483 1473 quam
529 1389 607 1453 ab
655 1390 766 1474 iis,
813 1391 925 1474 qui
971 1391 1330 1493 disputant,
1384 1391 1512 1455 nisi
1557 1392 1722 1475 eius,
1778 1391 1889 1475 qui
1934 1391 2064 1455 illis
2109 1396 2306 1456 notus

288 1483 400 1542 aut
446 1478 702 1542 auditus
750 1482 946 1563 esset,
1002 1482 1092 1543 sic
1133 1479 1297 1543 hanc
1343 1500 1488 1564 eg0,
1550 1480 1625 1543 de
1683 1501 1753 1543 re
1811 1480 2068 1563 publica
2114 1502 2306 1564 quam

208 1594 257 1634 15
287 1567 573 1650 institui,
630 1531 1132 1651 disputationem
1191 1568 1260 1631 in
1305 1566 1597 1631 Africani
1641 1589 1979 1651 personam
2026 1572 2090 1631 et
2134 1568 2307 1633 Phili

287 1658 354 1720 et
394 1616 573 1719 Laeli
607 1660 665 1720 et
700 1655 931 1719 Manili
976 1654 1237 1719 contuli.
1298 1654 1585 1719 Adiunxi
1622 1656 2053 1720 adulescentes
2083 1654 2152 1731 Q.
2183 1656 2306 1720 Tu-

285 1743 615 1827 beronem,
667 1742 737 1809 P.
780 1742 1132 1829 Rutilium,
1184 1744 1308 1806 duo
1355 1742 1534 1808 Laeli
1580 1765 1847 1828 generos
1857 1798 1875 1830 ,
1939 1741 2307 1808 Scaevolam

287 1835 352 1895 et
407 1830 738 1896 Fannium.
829 1830 1057 1916 Itaque
1111 1832 1499 1917 cogitabam,
1556 1832 1856 1915 quoniam
1909 1832 1978 1896 in
2032 1833 2305 1917 singulis

286 1919 475 1985 libris
521 1924 670 1985 utor
715 1920 1106 2006 prohoemiis
1152 1924 1227 1984 ut
1272 1918 1659 1986 Aristoteles
1706 1921 1775 1985 in
1831 1920 1939 2006 iis,
1999 1942 2160 2005 quos
2210 1920 2306 2000 ἐξ-

207 2038 260 2076 20
289 2012 643 2096 ωτερικοὺς
687 2013 900 2093 vocat,
961 2009 1202 2094 aliquid
1262 2009 1539 2092 efficere,
1566 2006 1570 2010 ’
1599 2013 1673 2073 ut
1729 2031 1862 2074 non
1922 2010 2058 2073 sine
2117 2031 2306 2074 causa

287 2099 488 2162 istum
535 2098 949 2183 appellarem3
992 2098 1058 2161 id
1096 2097 1268 2181 quod
1311 2098 1618 2182 intellego
1664 2097 1788 2162 tibi
1827 2098 2088 2182 placere.
2163 2097 2306 2162 Uti-
2361 2098 2362 2101 ’

285 2209 436 2251 nam
482 2186 672 2251 modo
719 2191 947 2250 conata
1006 2186 1253 2251 efficere
1312 2187 1580 2270 possim!
1670 2184 1833 2249 Rem
1879 2187 2074 2272 enim,
2134 2186 2304 2270 quod

289 2279 353 2340 te
396 2296 530 2340 non
573 2275 771 2359 fugit,
828 2295 1127 2358 magnam
1185 2274 1553 2358 complexus
1613 2296 1756 2338 sum
1814 2279 1880 2339 et
1933 2295 2192 2376 gravem
2239 2279 2304 2338 et

288 2363 549 2448 plurimi
596 2363 734 2447 otii,
779 2385 906 2446 quo
935 2384 1054 2448 ego
1101 2363 1375 2427 maxime
1405 2384 1575 2446 egeo.
1650 2361 1832 2438 Quod
1877 2363 1947 2427 in
1983 2363 2063 2427 iis
2098 2362 2374 2448 libris,3

208 2480 259 2520 25
290 2473 451 2537 quos
496 2451 746 2537 laudas,
804 2473 1141 2535 personam
1197 2451 1515 2515 desideras
1565 2449 1931 2536 Scaevolae,
1987 2473 2121 2516 non
2166 2473 2303 2515 eam

287 2545 526 2605 temere
562 2539 821 2625 dimovi,
866 2539 977 2604 sed
1011 2540 1133 2604 feci
1167 2542 1330 2621 quod
1361 2540 1584 2604 idem
1565 2561 1635 2603 111
1670 2544 1969 2626 πολιτείᾳ
2004 2540 2157 2603 deus
2193 2540 2303 2604 ille

288 2634 510 2694 noster
554 2627 760 2694 Plato,
851 2625 1016 2692 Cum
1069 2629 1138 2692 in
1188 2626 1486 2692 Piraeum
1543 2627 1835 2692 Socrates
1890 2628 2171 2692 venisset
2225 2628 2304 2691 ad

290 2716 660 2802 Cephalum,
702 2716 1088 2800 locupletem
1116 2721 1180 2780 et
1208 2717 1512 2781 festivum
1541 2737 1775 2799 senem,
1814 2716 2022 2799 quoad
2056 2717 2302 2799 primus

288 2806 398 2871 ille
444 2826 651 2870 sermo
695 2805 989 2891 habetur,
1033 2805 1213 2868 adest
1258 2805 1328 2868 in
1373 2804 1760 2888 disputando
1808 2826 2016 2890 senex,
2061 2804 2303 2889 deinde,

188 2904 261 2961 'so
291 2916 435 2958 cum
478 2895 617 2977 ipse
662 2915 917 2978 quoque
963 2892 1470 2957 commodissime
1509 2892 1765 2956 locutus
1812 2896 1998 2975 esset,
2044 2893 2123 2956 ad
2168 2914 2303 2956 rem

291 2982 571 3047 divinam
615 2982 771 3046 dicit
816 3003 882 3046 se
927 2982 1090 3046 velle
1136 2981 1452 3046 discedere
1505 3002 1711 3064 neque
1763 2984 1988 3064 postea
2046 2982 2304 3045 reverti-

291 3075 413 3135 tur.
491 3067 693 3134 Credo
739 3069 1072 3134 Platonem
1110 3069 1215 3134 vix
1253 3074 1513 3153 putasse
1558 3069 1715 3133 satis
1753 3090 2104 3133 consonum
2150 3069 2307 3154 fore,

292 3159 348 3223 si
391 3158 717 3223 hominem
761 3158 827 3222 id
873 3159 1102 3223 aetatis
1163 3158 1233 3222 in
1285 3162 1421 3222 tam
1473 3157 1669 3242 longo
1728 3179 2016 3222 sermone
2061 3157 2304 3221 diutius

290 3247 674 3312 retinuisset.
784 3246 994 3311 Multo
1060 3267 1196 3347 ego·
1251 3246 1457 3331 magis
1530 3246 1653 3310 hoc
1723 3245 1883 3309 mihi
1957 3247 2306 3310 cavendum

210 3363 262 3404 ⁸⁶
289 3335 513 3420 putavi
571 3335 640 3399 in
702 3333 1032 3421 Scaevola,
1089 3335 1201 3418 qui
1261 3339 1327 3399 et
1387 3338 1593 3399 aetate
1640 3338 1703 3398 et
1748 3334 2111 3398 valetudine
2167 3339 2306 3397 erat

291 3447 391 3511 00,
435 3446 562 3508 qua
607 3446 752 3487 eum
799 3446 937 3489 esse
982 3422 1350 3506 meministi,
1396 3427 1461 3487 et
1506 3423 1586 3486 iis
1633 3421 2018 3508 honoribus,
2076 3428 2149 3485 ut
2193 3421 2301 3485 vix

291 3513 446 3577 satis
494 3513 793 3578 decorum
837 3512 1158 3576 videretur
1195 3534 1340 3576 eum
1377 3511 1594 3594 plures
1634 3511 1767 3574 dies
1804 3532 1943 3574 esse
1979 3511 2047 3572 111
2085 3508 2298 3573 Crassi
