2642 3923
221 222 227 231 ·
348 188 477 253 460
987 189 1060 245 M.
1100 189 1314 245 TULLI
1352 190 1733 246 CICERONIS

344 334 658 419 volemuS,
721 333 906 398 facile
971 333 1350 399 auferemus.
1454 334 1807 419 Exspecto,
1870 335 1953 420 si,
2015 339 2091 400 ut
2154 340 2381 421 putaS,

344 419 413 485 L.
461 385 786 485 Antohius
841 422 1146 505 produxit
1194 420 1558 509 Octavium,
1620 424 1829 508 qualis
1889 425 2105 489 contio
2150 425 2377 489 fu'erit.

477 509 651 574 Haec
689 510 914 593 scripsi
951 513 1200 592 raptim.
1266 508 1503 575 Statim
1540 511 1711 576 enim
1749 512 1933 577 Cassi
1970 513 2377 577 tabellarius,

343 597 542 662 Eram
597 598 902 663 continuo
956 597 1190 663 Piliam
1245 600 1672 687 salutaturus,
1725 601 1948 665 deinde
2008 601 2087 666 ad
2140 601 2376 685 epulas

343 685 606 751 Vestori
649 686 957 751 navicula.
1049 686 1303 751 Atticae
1349 653 1689 771 plurimam
1737 689 2025 754 salutem.
2407 716 2436 757 5

1377 933 1543 998 XXI.

687 1071 800 1126 Ser.
829 1073 893 1125 in
930 1071 1235 1126 Puteolano
1280 1072 1335 1126 V
1364 1073 1452 1127 Id.
1482 1072 1630 1127 Mai.
1660 1092 1710 1127 a.
1745 1077 1853 1128 710
1889 1076 2026 1142 (44).

1036 1211 1329 1268 CICERO
1362 1211 1666 1268 ATTICO.

479 1336 642 1402 Cum
704 1337 897 1422 paulo
960 1342 1110 1402 ante
1162 1338 1476 1402 dedissem
1532 1338 1612 1402 ad
1665 1342 1733 1403 te
1786 1336 1969 1421 Cassi
2023 1339 2364 1405 tabellario

343 1426 623 1511 litterae,
681 1445 730 1489 v
792 1425 945 1491 Idus
1009 1427 1187 1490 venit
1247 1431 1472 1491 noster
1534 1426 1908 1491 tabellarius
1964 1431 2029 1491 et
2084 1428 2363 1532 quidem,
2396 1458 2450 1497 ιο

343 1477 630 1619 portenti
689 1515 924 1599 simile,
988 1515 1123 1579 sine
1182 1515 1315 1579 tuis
1378 1515 1633 1579 litteris.
1735 1513 1860 1580 Sed
1922 1516 2051 1580 cito
2116 1517 2361 1582 conieci

343 1592 610 1666 Lanuvi‘
655 1607 719 1666 te
773 1602 987 1667 fuisse.
1078 1603 1246 1667 Eros
1303 1607 1520 1667 autem
1572 1603 1932 1688 festinavit,
1994 1608 2068 1667 ut
2122 1604 2201 1668 ad
2255 1628 2361 1670 me

342 1690 598 1755 litterae
642 1690 1016 1756 Dolabellae
1071 1691 1504 1775 perferrentur
1557 1713 1690 1755 non
1743 1691 1820 1756 de
1874 1715 1943 1756 re
1989 1715 2127 1756 mea
2172 1691 2360 1779 (non-

344 1778 494 1843 dum
541 1780 711 1843 enim
754 1801 929 1843 meas
977 1780 1351 1880 acceperat),
1395 1780 1504 1844 sed
1549 1780 1878 1864 rescripsit
1920 1781 1999 1844 ad
2035 1803 2160 1867 eaS,
2206 1804 2359 1865 qua-

343 1889 486 1931 rum
534 1868 890 1952 exemplum
936 1868 1060 1932 tibi
1104 1867 1423 1953 miseram,
1483 1889 1634 1932 sane
1676 1869 2015 1933 luculente.
2107 1869 2208 1933 Ad
2254 1893 2358 1935 me
2388 1899 2441 1940 15

342 1960 577 2041 autem,
629 1979 774 2021 cum
819 1953 1002 2022 Cassi
1044 1956 1454 2021 tabellarium
1499 1956 1898 2041 dimisissem,
1945 1958 2168 2022 statim
2212 1958 2358 2024 Bal-

341 2043 479 2109 bus.
545 2043 598 2109 Ο
638 2045 739 2110 (161
775 2045 950 2130 boni,
978 2068 1170 2129 quam
1208 2046 1395 2110 facile
1431 2046 1821 2129 perspiceres
1859 2047 2085 2111 timere
2121 2048 2355 2113 otium!

341 2131 431 2196 Et
477 2133 651 2198 nosti
697 2134 926 2220 virum,
971 2157 1164 2218 quam
1210 2138 1439 2198 tectus.
1514 2133 1639 2199 Sed
1672 2138 1889 2199 tamen
1925 2134 2172 2200 Antoni
2208 2157 2354 2200 con-

343 2222 488 2285 silia
531 2222 860 2305 narrabat3
905 2222 1092 2286 illum
1137 2222 1468 2287 circumire
1513 2227 1868 2308 veteranoS,
1912 2227 1985 2287 ut
2023 2228 2164 2288 acta
2200 2221 2354 2289 an-

342 2310 504 2374 saris
578 2310 898 2375 sancirent
960 2311 1150 2394 idque
1215 2332 1283 2375 86
1346 2312 1629 2375 facturos
1694 2332 1832 2375 esse
1893 2312 2204 2398 iurarent,
2277 2319 2351 2376 ut
2383 2342 2442 2381 »ο

338 2403 548 2462 castra
595 2420 812 2462 omnes
855 2398 1186 2483 haberent,
1229 2421 1429 2482 eaque
1476 2399 1795 2463 duumviri
1843 2400 2140 2464 omnibus
2183 2423 2353 2465 men-

339 2486 515 2550 sibus
577 2486 981 2570 inspicerent.
1075 2486 1353 2563 Questus
1417 2491 1516 2551 est
1570 2488 1764 2551 etiam
1810 2487 1886 2552 de
1933 2511 2048 2552 sua
2093 2489 2353 2572 invidia,

338 2595 537 2658 eaque
583 2575 792 2639 omnis
838 2576 976 2639 eius
1022 2576 1229 2639 oratio
1275 2574 1420 2658 fuit,
1479 2579 1553 2639 ut
1600 2598 1812 2640 amare
1855 2577 2178 2641 videretur
2221 2577 2353 2641 An-

336 2663 605 2727 tonium.
671 2661 837 2738 Quid
875 2664 1173 2765 quaeris?
1234 2664 1402 2727 nihil
1439 2664 1684 2728 sinceri.
1767 2664 1932 2728 Mihi
1969 2669 2183 2730 autem
2218 2687 2352 2730 non

336 2756 435 2814 est
488 2751 780 2836 dubium,
845 2753 1001 2835 quin
1056 2774 1158 2816 res
1215 2755 1462 2836 spectet
1515 2752 1595 2816 ad
1648 2757 1872 2817 castra
1960 2752 2127 2817 Acta
2181 2756 2350 2818 6111111
2381 2781 2442 2823 25

335 2839 448 2902 illa
501 2861 603 2903 res
659 2844 757 2903 est
803 2840 1015 2903 animo
1060 2840 1264 2923 virili,
1319 2840 1589 2905 consilio
1634 2841 1884 2924 puerili.
1976 2840 2134 2917 Quis
2182 2843 2350 2906 enim

333 2927 459 2991 hoc
510 2948 643 2992 non
686 2928 875 3013 vidit,
934 2929 1118 3013 regni
1162 2892 1460 2992 hei-edem
1505 2929 1845 2994 relictum?
1918 2928 2086 3005 Quid
2132 2935 2346 2994 autem

335 3015 721 3080 absurdius?

335 3120 526 3185 ‘Hoc
588 3123 951 3207 metuere,
1016 3122 1340 3186 alterum
1403 3121 1481 3186 111
1542 3128 1745 3188 metu
1806 3144 1954 3188 non
2008 3126 2348 3208 ponere'!

335 3244 505 3320 Quin
542 3245 736 3309 etiam
770 3244 948 3309 hoc
930 3267 1073 3329 1pso
1111 3249 1400 3328 tempore
1437 3246 1644 3310 multa
1669 3247 2090 3313 ὑποσύλοικα.
2154 3247 2348 3312 Ponti
2376 3276 2444 3317 110

334 3329 836 3417 Neapolitanum
882 3354 920 3397 a
964 3338 1169 3397 matre
1214 3334 1665 3449 tyrannoctoni
1712 3335 2049 3437 possideri!
2109 3335 2347 3421 Legen-

336 3420 453 3484 dus
495 3421 660 3484 mihi
699 3421 952 3504 saepius
991 3426 1089 3485 est
1128 3420 1313 3485 Cato
1350 3422 1576 3487 maior’
1617 3424 1695 3487 ad
1732 3427 1797 3487 te
1836 3424 2084 3488 missus
2157 3423 2348 3490 Ama·

334 3508 569 3571 riorem
634 3509 804 3572 enim
867 3531 969 3573 me
1034 3514 1327 3574 senectus
1392 3511 1562 3575 facit.
1670 3510 2050 3576 Stomachor
2115 3513 2344 3578 omnia.

2610 754 2614 887 1
