2642 3923
587 222 1102 277 EPISTULARUM
1139 223 1236 277 AD
1274 223 1601 279 ATTICUM
1636 223 1765 277 XIII
1802 229 2028 279 50-52.
2177 224 2307 289 433

1226 453 1363 519 LII.

606 576 717 631 Ser.
748 576 811 629 in
849 575 1154 631 Puteolano
1192 576 1331 630 XII
1360 576 1436 630 K.
1464 576 1593 630 Ian.
1622 594 1674 630 a.
1706 580 1816 632 709
1854 580 1992 645 (45).

892 698 1182 754 CICERO
1216 698 1509 755 ATTICO
1544 699 1708 754 SAL.

421 806 474 872 Ο
522 807 845 892 hospitem
892 807 1053 873 mihi
1099 811 1233 872 tam
1271 828 1534 892 gravem
1579 807 2088 892 ἀμεταμέλητονέ
2153 807 2305 874 Fuit

235 921 261 962 ⁶
288 897 457 961 enim
502 896 904 980 periucunde.
998 895 1137 978 Sed,
1198 918 1345 960 cum
1391 897 1680 960 secundis
1730 896 2177 962 Saturnalibus
2225 898 2306 961 ad

286 985 659 1069 Philippum
703 984 955 1067 vesperi
1000 985 1302 1070 venisset,
1361 984 1517 1049 villa
1560 986 1656 1048 ita
1700 986 2016 1069 completa
2061 1009 2098 1048 a
2143 986 2306 1050 mili-

289 1074 466 1137 tibus
515 1077 631 1157 est,
677 1076 751 1137 ut
797 1072 905 1137 vix
951 1072 1326 1156 triclinium,
1371 1073 1484 1136 ubi
1522 1077 1860 1137 cenaturus
1896 1074 2034 1157 ipse
2072 1071 2306 1138 Caesar

289 1166 484 1247 esset,
543 1164 824 1245 vacaret,
881 1160 1119 1245 quippe
1175 1161 1509 1234 hominum
1570 1178 1678 1228 clo
1732 1178 1857 1230 clo.
1950 1159 2114 1229 Sane
2163 1184 2304 1226 sum

288 1254 678 1330 commotus,
754 1248 906 1333 quid
977 1251 1269 1313 futurum
1343 1254 1509 1314 esset
1581 1250 1919 1335 postridie3
2000 1272 2073 1314 ac
2144 1250 2305 1314 mihi

211 1364 263 1403 ιο
289 1337 502 1403 Barba
565 1336 828 1403 Cassius
892 1338 1218 1422 subvenit,
1290 1337 1586 1402 custodes
1651 1338 1841 1402 dedit.
1946 1336 2175 1402 Castra
2237 1339 2308 1402 in

288 1425 677 1598 {affispgfflff
708 1426 1192 1578 Sisimssnesso
1227 1424 1623 1597 {3233}
1643 1424 2306 1579 Sffirissfflffbssffissffl?

881 1564 894 1577 .
1943 1565 1957 1599 ,
2291 1565 2305 1593 ‚

291 1604 551 1687 opinor,
604 1624 747 1666 cum
793 1600 1015 1666 Balbo,
1108 1599 1262 1665 Inde
1323 1603 1676 1666 ambulavit
1729 1603 1799 1666 in
1850 1603 2058 1668 litore.
2148 1602 2305 1668 Post

292 1690 352 1755 h.
391 1707 517 1754 VIII
561 1690 632 1754 in
677 1689 991 1753 balneum.
1066 1688 1231 1757 Tum
1269 1690 1513 1754 audivit
1552 1690 1629 1754 de
1665 1690 2008 1774 Mamurra,
2053 1691 2306 1755 'vultum

218 1804 266 1844 ιε
291 1800 422 1843 non
468 1777 759 1841 mutavit.
832 1776 1083 1842 Unctus
1129 1782 1247 1862 est,
1291 1778 1606 1842 accubuit.
1669 1777 2012 1862 Ἐμετικὴν
2056 1779 2304 1864 agebat.

292 1865 519 1950 Itaque
566 1872 630 1930 et
677 1865 809 1930 edit
854 1869 919 1929 et
965 1865 1133 1929 bibit
1171 1865 1380 1941 ἀδεῶς
1417 1871 1481 1929 et
1516 1867 1807 1950 iucunde,
1854 1867 2117 1951 opipare
2155 1890 2306 1932 sane

292 1960 356 2021 et
402 1958 709 2039 apparate
751 1976 867 2019 nec
911 1954 974 2018 id
1020 1954 1248 2039 solum,
1293 1954 1408 2019 sed

1607 2078 1816 2143 ‘bene
1871 2084 2088 2144 cocto
2145 2084 2219 2144 et

290 2167 604 2233 condito
653 2187 1000 2231 sermone
1046 2165 1242 2231 bono
1290 2170 1391 2252 et,
1437 2167 1501 2231 si
1540 2167 1875 2251 quaeriS‚
1918 2167 2306 2233 libenter'.

212 2335 264 2374 20
292 2308 626 2374 Praeterea
669 2308 881 2372 tribus
930 2306 1225 2374 tricliniis
1272 2308 1518 2390 accepti
1565 2309 1634 2372 οἱ
1675 2306 1827 2391 περὶ
1874 2308 2080 2373 αὐτὸν
2125 2308 2307 2373 valde

292 2397 562 2481 copiose.
653 2394 935 2462 Libertis
988 2396 1203 2459 minus
1252 2395 1449 2459 lautis
1503 2396 1830 2480 servisque
1874 2396 2041 2460 nihil
2086 2397 2304 2461 defuit.

292 2485 461 2550 Nam
506 2484 816 2550 lautiores
864 2484 1188 2568 eleganter
1225 2485 1454 2567 accepi.
1526 2484 1695 2561 Quid
1730 2484 1978 2548 multa?
2013 2485 2304 2550 homines

294 2574 415 2638 visi
453 2594 689 2637 sumus.
746 2571 999 2656 Hospes
1035 2576 1254 2636 tamen
1290 2594 1421 2636 non
1460 2572 1533 2655 is,
1563 2574 1716 2656 quoi
1745 2573 2008 2637 diceres:
2030 2573 2304 2638 ‘Amabo

293 2666 385 2747 te,
449 2661 669 2725 eodem
733 2660 813 2725 ad
865 2681 995 2745 me,
1056 2682 1202 2725 cum
1255 2661 1614 2725 revertere.'
1707 2659 1918 2725 Semel
1973 2662 2132 2725 satis
2189 2666 2305 2727 est.

200 2775 266 2815 ,25
295 2750 685 2815 Σπουὸαῖον
731 2745 932 2814 οὐδὲν
976 2748 1047 2812 in
1082 2769 1400 2833 sermone,
1454 2751 1783 2832 φιλόλογα
1827 2750 2047 2816 multa.
2139 2748 2306 2826 Quid

294 2837 591 2921 quaeris?
655 2833 1005 2902 delectatus
1060 2840 1158 2901 est
1217 2839 1282 2900 et
1335 2836 1611 2901 libenter
1669 2837 1813 2900 fuit.
1903 2836 2191 2902 Puteolis
2238 2860 2306 2903 se

293 2926 506 2990 aiebat
551 2948 751 2989 unum
796 2924 964 2990 diem
1008 2924 1164 3007 fore,
1210 2924 1485 2990 alterum
1530 2925 1609 2989 ad
1653 2924 1863 2992 Baias.

426 3012 642 3077 Habes
695 3012 1051 3097 hospitium
1095 3013 1228 3077 sive
1275 3012 1753 3097 ἐπισταθμειάν
1798 3014 2084 3078 odiosam
2129 3015 2308 3099 mihi,

293 3101 445 3186 dixi,
488 3123 621 3166 non
662 3101 1017 3167 molestam.
1088 3100 1234 3186 Ego
1281 3101 1605 3185 paulisper
1648 3102 1773 3187 hic,
1820 3102 2042 3167 deinde
2079 3103 2147 3166 in
2183 3102 2307 3166 Tu-

212 3217 267 3257 co
295 3190 641 3256 sculanum.
732 3188 1106 3254 Dolabellae
1165 3189 1388 3253 villam
1442 3211 1587 3254 cum
1632 3191 2041 3276 praeteriret,
2098 3190 2306 3255 omnis

293 3282 688 3344 armatorum
750 3278 934 3360 copia
988 3277 1240 3360 dextra,
1304 3278 1571 3343 sinistra
1625 3278 1707 3343 ad
1766 3300 2001 3362 equum
2045 3300 2161 3342 nec
2206 3300 2309 3341 us·

293 3389 485 3451 quam
530 3367 703 3431 alibi.
793 3365 935 3430 Hoc
981 3387 1058 3430 ex
1103 3363 1305 3430 Nicia.

397 3655 491 3699 010.
520 3656 653 3706 epist.
678 3656 739 3696 11.
1921 3647 1990 3696 28
