2642 3923
602 195 1116 256 EPISTULARUM
1153 201 1268 273 AD,
1291 199 1617 257 ATTICUM
1653 201 1679 256 1
1718 208 1800 271 13,
1842 206 1923 256 14.
2189 196 2266 263 17

250 339 326 406 de
353 342 525 406 ferro
558 340 761 429 (nosti
788 343 934 407 illas
964 343 1352 430 ληκύθους),
1398 345 1578 409 valde
1616 346 1894 428 graviter
1931 346 2268 429 pertexuit.

249 429 590 494 Proximus
682 430 1060 515 Pompeium
1152 434 1464 497 sedebam.
1568 433 1864 497 Intellexi
1945 433 2270 497 hominem

250 521 513 602 moveri,
560 524 781 583 utrum
828 520 1129 585 Crassum
1175 523 1341 585 inire
1376 544 1516 585 eam
1554 524 1848 607 gratiam,
1896 544 2087 605 quam
2135 521 2271 604 ipse

250 608 805 691 praetermisisset,
852 631 935 672 an
980 631 1119 674 esse
1162 614 1379 673 tantas
1427 631 1528 674 res
1573 615 1858 694 nostras,
1923 632 2087 693 quae
2134 613 2268 672 tam

195 720 223 760 5
251 696 481 759 libenti
527 700 753 760 senatu
798 697 1228 780 laudarentur,
1275 698 1356 762 ab
1405 720 1479 761 eo
1518 699 1914 782 praesertim,
1961 698 2073 781 qui
2108 697 2270 760 mihi

248 784 503 848 laudem
549 785 730 848 illam
773 806 850 848 eo
905 785 1119 850 minus
1180 786 1466 870 deberet,
1522 787 1692 870 quod
1749 787 1910 850 meis
1972 786 2269 849 omnibus

236 871 486 936 litteris
533 872 603 935 in
638 871 1026 956 Pompeiana
1070 874 1255 938 laude
1300 876 1681 959 perstrictus
1719 879 1900 938 esset.
1974 873 2099 938 Hic
2137 873 2268 937 dies
2304 888 2337 936 4

248 982 351 1024 me
397 960 579 1023 valde
626 959 856 1025 Crasso
915 963 1234 1047 adiunxit,
1294 967 1359 1026 et
1417 969 1657 1046 tamen,
1717 963 1797 1026 ab
1859 962 1972 1026 illo
2033 966 2270 1045 aperte,

248 1052 416 1112 tecte
464 1049 766 1132 quicquid
811 1054 909 1113 est
955 1051 1194 1134 datum,
1239 1051 1514 1115 libenter
1561 1051 1788 1134 accepi.
1871 1050 2014 1135 Ego
2056 1055 2268 1114 autem

170 1163 221 1202 ιο
249 1139 405 1220 ipse,
453 1136 517 1200 di
563 1137 744 1201 boni!
793 1160 918 1221 quo
965 1139 1155 1202 modo
1206 1139 1856 1222 ἐνεπερπερευσάμην
1891 1160 2058 1202 novo
2096 1138 2269 1202 audi·

248 1225 377 1288 tori
422 1224 755 1309 Pompeio!
850 1225 917 1290 Si
964 1249 1267 1310 umquam
1312 1226 1474 1290 mihi
1517 1228 1848 1310 περίοδοι,
1897 1227 1952 1290 si
1998 1231 2267 1310 καμπαί,

246 1314 303 1377 si
371 1313 831 1397 ἐνθυμήματα,
903 1314 958 1377 si
1016 1313 1409 1380 κατασκευαὶ
1482 1315 2081 1399 suppeditaverunt,
2155 1314 2267 1378 illo

248 1407 553 1484 tempore.
646 1401 811 1477 Quid
867 1402 1117 1466 multa?
1177 1404 1502 1468 clamores,
1593 1403 1856 1467 Etenim
1915 1403 2071 1467 haec
2131 1407 2268 1466 erat

246 1490 599 1572 ὑπόθεσις,
646 1490 723 1553 de
769 1491 1087 1574 gravitate
1132 1491 1374 1555 ordinis
1384 1542 1401 1575 ,
1455 1492 1532 1555 de
1586 1493 1866 1575 equestri
1913 1490 2270 1576 concordia,

169 1605 217 1644 15
247 1579 323 1642 de
353 1578 770 1642 consensione
796 1576 1040 1662 Italiae,
1081 1580 1156 1644 de
1185 1580 1629 1644 intermortuis
1657 1580 1947 1663 reliquiis
1985 1580 2270 1644 coniura-

250 1665 466 1751 tioniS,
513 1667 588 1730 de
635 1666 901 1749 vilitate,
948 1667 1024 1731 de
1072 1668 1222 1731 oti0.
1306 1666 1500 1731 Nosti
1546 1669 1675 1731 iam
1721 1669 1790 1731 in
1833 1668 1954 1732 hac
1999 1667 2271 1731 materia

248 1755 500 1818 sonitus
544 1758 821 1818 nostros.
895 1753 1089 1819 Tanti
1122 1756 1401 1838 fuerunt,
1445 1761 1519 1819 ut
1565 1777 1682 1840 ego
1722 1778 1796 1820 eo
1836 1757 2090 1819 brevior
2128 1756 2269 1838 sim,

247 1843 421 1927 quod
467 1864 575 1906 eos
623 1864 823 1925 usque
868 1843 1065 1907 istinc
1110 1844 1445 1907 exauditos
1490 1848 1727 1927 putem.

381 1929 708 1995 Romanae
745 1935 958 1995 autem
997 1953 1064 1996 se
1101 1952 1203 1996 res
1242 1932 1335 1996 sic
1369 1931 1626 1996 habent.
1691 1930 1964 1996 Senatus
1990 1930 2268 2015 ’Ἄρειος
2304 1948 2335 1995 5

165 2046 219 2085 20
245 2021 482 2103 πάγος;
540 2019 706 2082 nihil
751 2021 1150 2084 constantius
1157 2071 1175 2105 ,
1228 2020 1395 2084 m‘hil
1440 2021 1746 2104 severius,
1804 2019 1971 2083 nihil
2015 2020 2266 2083 fortius,

247 2106 437 2194 Nam,
482 2129 625 2171 cum
672 2108 805 2171 dies
853 2110 1131 2173 venisset
1175 2109 1501 2194 rogationi
1548 2131 1624 2172 ex
1667 2112 1925 2172 senatus
1972 2108 2265 2172 consulto

248 2196 572 2279 ferendae,
640 2198 1104 2261 concursabant
1171 2197 1497 2261 barbatuli
1556 2198 1843 2281 iuvenes,
1912 2200 2090 2260 totus
2160 2197 2266 2259 ille

248 2305 403 2369 grex
452 2281 794 2368 Catilinae,
854 2285 1010 2349 duce
1068 2286 1270 2349 filiola
1316 2283 1615 2349 Curionis
1677 2290 1741 2350 et
1799 2285 2135 2369 populum,
2193 2290 2266 2349 ut

249 2372 635 2455 antiquaret,
679 2373 1013 2457 rogabant.
1103 2373 1253 2438 Piso
1301 2379 1513 2438 autem
1570 2373 1793 2438 consul
1861 2373 2031 2437 lator
2085 2395 2266 2459 roga·

168 2488 217 2526 25
248 2461 445 2524 tionis
501 2460 668 2524 idem
733 2465 871 2524 erat
926 2461 1264 2526 dissuasor.
1358 2460 1602 2545 Operae
1649 2461 1992 2527 Clodianae
2039 2467 2265 2545 pontes

247 2552 655 2631 occuparant,
701 2549 975 2614 tabellae
1021 2550 1560 2614 ministrabantur
1604 2551 1714 2635 ita,
1759 2556 1834 2614 ut
1879 2550 2058 2613 nulla
2096 2550 2264 2614 dare·

246 2641 355 2700 tur
416 2638 560 2699 ‘v‘rl
618 2638 884 2701 ROGAS'.
994 2636 1118 2702 Hic
1176 2639 1297 2702 tibi
1356 2641 1429 2703 in
1495 2643 1706 2703 rostra
1765 2636 1924 2703 Cato
1993 2639 2265 2719 advolat,

247 2724 606 2789 convicium
640 2723 865 2789 Pisoni
901 2726 1147 2790 consuli
1183 2727 1525 2791 mirificum
1571 2727 1744 2811 facit,
1791 2728 1846 2791 si
1882 2727 1951 2790 id
1986 2731 2086 2790 est
2124 2749 2265 2791 con-

246 2813 505 2898 vicium,
549 2834 674 2876 vox
721 2814 910 2896 plena
955 2815 1321 2898 gravitatiS,
1367 2816 1555 2898 plena
1602 2815 2032 2898 auctoritatis„
2080 2816 2267 2898 plena

167 2928 219 2967 ao
249 2901 520 2985 denique
566 2901 809 2966 salutis.
904 2901 1163 2966 Accedit
1209 2903 1431 2966 eodem
1477 2904 1671 2966 etiam
1725 2907 1946 2967 noster
1992 2903 2267 2966 Horten·
2355 2976 2358 2979 ⁴

247 2991 400 3074 siuS,
445 2989 636 3053 multi
682 2995 1010 3073 praeterea
1055 2990 1236 3072 boni3
1283 2991 1556 3075 insignis
1585 3013 1734 3054 vero
1784 3013 1974 3074 opera
2022 2991 2266 3056 Favoni

246 3078 389 3142 fuit.
481 3077 623 3142 Hoc
676 3094 987 3142 concursu
1046 3078 1456 3162 optimatium
1516 3079 1777 3142 comitia
1832 3080 2267 3164 dimittuntur,

246 3170 508 3231 senatus
555 3170 836 3231 vocatur.
928 3164 1093 3231 Cum
1152 3167 1594 3231 decerneretur
1651 3167 1974 3250 frequenti
2039 3173 2266 3232 senatu

247 3258 475 3319 contra
519 3259 845 3338 pugnante
891 3254 1142 3339 Pisone,
1189 3255 1268 3317 ad
1311 3255 1504 3338 pedes
1553 3255 1838 3319 omnium
1886 3255 2266 3340 singillatim

167 3369 218 3408 ³5
247 3343 572 3407 accidente
618 3342 873 3427 Clodi0,
936 3346 1011 3407 ut
1065 3344 1358 3408 consules
1412 3343 1725 3427 populum
1777 3343 2267 3408 cohortarentur
2316 3361 2319 3364 ·

247 3432 328 3495 ad
391 3430 795 3516 rogationem
858 3431 1317 3516 accipiendam,
1391 3431 1723 3496 homines·
1750 3432 1835 3495 ad
1901 3431 2265 3514 quindecim

248 3517 517 3584 Curioni
552 3518 804 3583 nullum
841 3524 1099 3584 senatus
1137 3520 1504 3584 consultum
1539 3520 1801 3584 facienti
1829 3519 2263 3600 adsenserunt,

356 3632 451 3673 Cio.
478 3633 608 3681 epist.
635 3633 697 3672 11.
1912 3627 1942 3672 2
