2642 3923
638 161 1151 216 EPISTULARUM
1186 162 1286 216 AD
1323 162 1647 218 ATTIOUM
1683 162 1785 216 VII
1824 169 1872 230 7,
1910 168 1957 217 8.
2176 162 2304 226 201

419 304 702 389 Alexim,
764 304 1304 369 humanissimum
1360 327 1659 391 puerum,
1720 307 1848 371 nisi
1903 307 2100 390 forte,
2155 306 2304 369 dum

287 415 407 479 ego
455 393 701 478 absum,
747 393 1113 458 adulescens
1157 394 1366 458 factus
1414 398 1512 458 est
1559 392 1664 481 (id
1710 395 1880 459 enim
1918 415 2106 477 agere
2141 394 2310 458 vide-

287 481 546 566 batur),
591 482 836 547 salvere
879 482 1101 546 iubeas
1146 483 1359 547 velim.

1207 657 1381 724 vm.

235 791 262 832 ⁶
511 779 624 835 Sor.
653 781 718 835 in
755 779 1060 834 Fomiwno
1105 779 1198 834 VI
1224 787 1327 835 aut
1370 780 1424 834 V
1455 781 1528 836 K.
1556 781 1683 836 Ian.
1716 800 1769 837 a.
1801 785 1908 838 704
1947 785 2086 851 (50).

928 901 1184 960 CICERO
1219 902 1482 960 ATTICO
1521 904 1671 959 SAL.

425 1010 593 1089 Quid
646 1033 809 1096 opus
865 1018 965 1077 est
1018 1011 1095 1076 de
1140 1011 1456 1097 Dionysio
1511 1018 1645 1078 tam
1700 1013 1884 1077 valde
1930 1013 2308 1078 adfirmare?
2348 1029 2372 1076 1
2459 1050 2468 1061 κ

289 1099 398 1165 An
451 1100 612 1164 mihi
655 1104 854 1165 nutus
900 1105 1052 1164 tuus
1097 1121 1231 1165 non
1274 1101 1513 1167 faceret
1556 1101 1790 1166 fidem?
1865 1099 2308 1184 Suspicionem

292 1193 507 1254 autem
544 1210 620 1253 eo
656 1188 818 1252 mihi
853 1190 1160 1253 maiorem
1197 1193 1312 1253 tua
1347 1190 1755 1254 taciturnitas
1786 1189 2109 1274 attulerat,
2139 1189 2310 1273 quod

213 1305 264 1343 ιο
291 1280 356 1342 et
399 1281 476 1341 tu
522 1277 690 1343 soles
737 1277 1183 1362 conglutinare
1226 1278 1541 1342 amicitias
1587 1279 1976 1343 testimoniis
2021 1278 2154 1342 tuis
2167 1329 2185 1363 ,
2245 1281 2309 1342 et

291 1366 477 1430 illum
514 1365 701 1430 aliter
736 1387 882 1430 cum
919 1366 1063 1429 aliis
1101 1365 1179 1429 de
1211 1366 1404 1431 nobis
1440 1367 1729 1431 locutum
1758 1367 2109 1431 audiebam.
2186 1364 2309 1430 Sed

291 1476 555 1538 prorsus
607 1455 702 1518 ita
755 1474 921 1538 esse,
974 1458 1048 1517 ut
1113 1454 1369 1539 scribis,
1423 1454 1585 1518 mihi
1629 1455 1990 1539 persuades.
2080 1452 2308 1538 Itaque

293 1563 413 1628 ego
458 1543 516 1606 is
560 1542 632 1606 in
674 1542 860 1606 illum
906 1564 1069 1627 sum,
1114 1563 1305 1625 quem
1350 1547 1423 1607 tu
1470 1564 1571 1607 me
1617 1564 1755 1607 esse
1801 1544 1917 1607 vis.

423 1629 614 1695 Diem
668 1634 854 1695 tuum
909 1651 1027 1716 ego
1083 1651 1340 1714 quoque
1393 1652 1470 1695 ex
1525 1632 1803 1714 epistula
1859 1632 2132 1715 quadam
2176 1635 2309 1715 tua,
2346 1648 2377 1695 2

214 1746 264 1785 15
294 1741 487 1803 quam
539 1718 885 1802 incipiente
938 1718 1250 1783 febricula
1304 1718 1680 1804 scripseras,
1731 1719 1894 1783 mihi
1936 1724 2309 1784 notaveram

294 1811 359 1871 et
414 1807 987 1871 animadverteram
1041 1828 1231 1890 posse
1288 1828 1408 1890 pro
1463 1829 1532 1871 re
1584 1811 1739 1872 nata
1784 1812 1850 1871 te
1894 1829 2027 1872 non
2071 1808 2307 1872 incom-

292 1896 480 1960 mode
545 1895 626 1960 ad
686 1917 791 1960 me
852 1896 924 1960 in
978 1894 1308 1959 Albanum
1371 1895 1590 1959 venire
1647 1913 1726 1959 111
1779 1894 2003 1960 Nonas
2057 1894 2308 1960 Ianuar.

295 1982 447 2069 Sed,
511 1983 740 2049 amabo
796 1987 888 2069 te,
939 1984 1107 2047 nihil
1162 1985 1567 2049 incommodo
1623 1984 2010 2049 valetudinis
2066 1984 2307 2049 feceris,

295 2072 460 2149 Quid
507 2074 676 2137 enim
723 2075 821 2137 est
866 2076 1122 2137 tantum
1169 2072 1238 2136 in
1282 2094 1411 2137 uno
1453 2077 1564 2136 aut
1610 2072 1813 2138 altero
1861 2074 2006 2137 die?

213 2189 268 2227 8⁰
427 2160 831 2226 Dolabellam
894 2160 1080 2226 video
1122 2159 1354 2225 Liviae
1417 2165 1802 2226 testamento
1859 2183 2004 2226 cum
2060 2162 2309 2226 duobus
2347 2180 2377 2226 3

295 2249 711 2314 coheredibus
758 2271 897 2314 esse
943 2250 1011 2313 in
1055 2249 1308 2335 triente,
1354 2250 1466 2313 sed
1511 2250 1718 2313 iuberi
1764 2254 2014 2314 mutare
2058 2270 2308 2315 nomen.

293 2338 419 2402 Est
464 2338 810 2403 πολιτικὸν
856 2336 1126 2422 σκέμμα,
1172 2342 1503 2402 rectumne
1550 2338 1637 2402 sit
1672 2337 1881 2402 nobili
1920 2338 2310 2402 adulescenti

294 2430 546 2490 mutare
608 2447 843 2491 nomen
900 2425 1187 2490 mulieris
1241 2430 1645 2491 testamento.
1748 2423 1873 2490 Sed
1924 2426 1991 2491 id
2046 2431 2311 2510 φιλοσο-

297 2516 601 2599 φώτερον
636 2516 1202 2598 διευκρινήσομεν,
1250 2536 1396 2578 cum
1434 2515 1727 2600 sciemus,
1772 2518 2085 2599 quantum
2126 2516 2311 2599 quasi

215 2628 269 2670 2⁶
297 2604 385 2668 sit
429 2604 499 2667 in
543 2602 800 2667 trientis
846 2603 1096 2667 triente.

475 2690 659 2767 Quod
720 2691 967 2775 putasti
1029 2690 1166 2755 fore
1228 2695 1330 2775 ut,
1390 2695 1735 2775 antequam
1788 2691 1958 2755 istuc
2009 2690 2311 2774 venirem,
2347 2711 2380 2755 4

295 2778 674 2864 Pompeium
726 2779 1035 2865 viderem,
1092 2779 1337 2843 factum
1391 2784 1491 2844 est
1544 2780 1663 2864 ita3
1726 2800 1876 2843 nam
1922 2797 1995 2843 vl
2040 2777 2182 2843 Kal.
2233 2781 2311 2843 ad

296 2866 684 2933 Lavernium
727 2889 824 2933 me
867 2872 1246 2932 consecutus
1293 2870 1407 2932 est.
1490 2865 1638 2932 Una
1681 2865 1973 2932 Formias
2020 2868 2310 2931 venimus

299 2960 364 3022 et
401 2955 482 3021 ab
515 2955 678 3021 hora
714 2959 939 3021 octava
974 2955 1054 3020 ad
1088 2977 1417 3039 vesperum
1459 2960 1701 3020 secreto
1740 2955 2042 3021 collocuti
2071 2977 2310 3020 sumus

217 3070 272 3112 ao
299 3042 485 3121 Quod
531 3044 815 3130 quaeris,
867 3065 1102 3129 ecquae
1146 3066 1292 3128 spes
1339 3045 1801 3127 pacificationis
1847 3044 1952 3128 sit,
1998 3047 2313 3128 quantum

300 3154 378 3198 ex
430 3132 698 3217 Pompei
760 3133 967 3197 multo
1031 3137 1096 3196 et
1150 3137 1447 3197 accurato
1504 3153 1793 3197 sermone
1846 3133 2169 3235 perspexi,
2231 3154 2313 3196 ne

299 3222 600 3286 voluntas
662 3221 918 3305 quidem
964 3225 1079 3285 est.
1170 3218 1278 3286 Sic
1323 3222 1494 3284 enim
1540 3221 1894 3305 existimat,
1956 3222 2012 3285 si
2058 3220 2168 3285 ille
2214 3220 2313 3284 vel

301 3309 565 3374 dimisso
612 3310 894 3374 exercitu
939 3309 1166 3374 consul
1209 3309 1418 3374 factus
1466 3309 1572 3394 sit,
1618 3310 1942 3393 σύγχυσιν
1979 3318 2094 3392 τῆς
2129 3315 2313 3374 πολι-

301 3403 476 3476 τείας
511 3398 669 3482 fore,
713 3402 905 3482 atque
942 3398 1136 3463 etiam
1171 3401 1361 3481 putat
1399 3418 1562 3482 eum,
1600 3418 1746 3463 cum
1783 3396 2056 3461 audierit
2093 3400 2316 3461 contra

130 3498 135 3503 '
221 3511 274 3553 ³⁵
304 3508 371 3551 se
418 3487 758 3573 diligenter
792 3487 1025 3571 parari,
1069 3485 1473 3551 consulatum
1512 3485 1634 3550 hoc
1670 3506 1837 3550 anno
1873 3484 2314 3568 neglecturum
