2642 3923
675 1149 791 1234 M.
838 1150 1220 1232 TULLI
1268 1148 1947 1234 CICERONIS

565 1309 1331 1383 EPISTULARUM
1383 1309 1523 1382 AD
1575 1309 2059 1384 ATTICUM

938 1462 1203 1532 LIBER
1249 1461 1692 1530 SEPTIMUS.

1291 1762 1340 1828 L

257 1899 283 1937 5
674 1882 785 1940 Ser.
818 1884 1046 1939 Athenis
1084 1884 1277 1938 XVII
1305 1884 1379 1938 K.
1410 1884 1549 1938 Nov.
1581 1901 1630 1937 a.
1664 1887 1771 1938 704
1811 1886 1950 1951 (50).

946 2006 1200 2064 CICERO
1238 2006 1498 2062 ATTICO
1537 2006 1684 2062 SAL.

443 2115 751 2181 Dederam
815 2116 1108 2201 equidem
1161 2115 1230 2180 L.
1285 2113 1542 2180 Saufeio
1600 2115 1850 2179 litteras
1904 2118 1970 2180 et
2024 2114 2318 2179 dederam
2357 2132 2382 2177 1

314 2205 393 2268 ad
445 2208 510 2269 te
553 2226 750 2268 unum
760 2255 776 2288 ,
832 2205 1031 2291 quod,
1085 2226 1231 2270 cum
1283 2225 1417 2268 non
1465 2207 1630 2268 esset
1676 2204 1984 2285 temporis
2030 2201 2191 2267 mihi
2237 2203 2314 2266 ad

313 2292 716 2357 scribendum
763 2294 939 2377 satis,
984 2297 1196 2357 tamen
1240 2291 1564 2357 hominem
1610 2290 1734 2356 tibi
1768 2295 1902 2355 tam
1937 2291 2318 2355 familiarem

233 2410 286 2448 10
315 2381 450 2445 sine
495 2381 655 2445 meis
691 2381 927 2445 litteris
975 2381 1054 2445 ad
1098 2384 1164 2445 te
1208 2381 1425 2445 venire
1460 2379 1785 2463 nolebam3
1833 2378 1959 2464 sed,
2005 2383 2079 2444 ut
2114 2378 2318 2463 philo-

315 2468 504 2552 sophi
547 2468 895 2553 ambulant,
940 2468 1058 2533 has
1103 2469 1226 2533 tibi
1271 2468 1593 2533 redditum
1638 2468 1718 2531 iri
1764 2467 2074 2550 putabam
2119 2467 2313 2551 prius.

313 2554 429 2621 Sin
481 2556 610 2621 iam
665 2556 810 2621 illas
866 2557 1193 2641 accepisti,
1257 2556 1381 2621 scis
1434 2578 1535 2620 me
1581 2555 1870 2620 Athenas
1929 2556 2179 2620 venisse
2224 2577 2316 2640 pr.

311 2642 463 2709 Idus
509 2642 845 2729 Octobres,
901 2667 936 2710 e
990 2644 1141 2709 navi
1193 2665 1521 2731 egressum
1579 2644 1648 2708 in
1691 2643 1985 2707 Piraeum
2043 2648 2188 2708 tuas
2236 2643 2316 2708 ab

316 2732 550 2798 Acasto
612 2737 832 2798 nostro
896 2734 1145 2797 litteras
1201 2733 1539 2817 accepisse,
1604 2732 2083 2815 conturbatum,
2148 2732 2321 2816 quod

236 2846 287 2887 ιο
315 2842 460 2886 cum
510 2821 688 2886 febre
729 2820 1005 2886 Romam
1060 2821 1369 2908 venisses,
1432 2821 1601 2886 bono
1655 2824 1873 2884 tamen
1921 2820 2134 2884 animo
2183 2841 2320 2885 esse

315 2909 622 2995 coepisse,
689 2910 862 2995 quod
904 2909 1180 2974 Acastus
1235 2931 1334 2995 ea,
1395 2931 1555 2993 quae
1600 2909 1853 2992 vellem,
1918 2908 1994 2973 de
2044 2909 2318 2973 allevato

315 3019 577 3082 corpore
612 3002 726 3062 tuo
763 2999 1106 3083 nuntiaret,
1142 2997 1543 3063 cohorruisse
1581 3002 1792 3060 autem
1830 3018 1921 3080 eo,
1960 2997 2133 3080 quod
2168 3001 2319 3062 tuae

222 3157 231 3165 .
313 3085 566 3150 litterae
612 3085 689 3150 de
732 3086 1095 3171 legionibus
1144 3083 1434 3150 Caesaris
1480 3085 1817 3169 adferrent,
1862 3090 1927 3149 et
1975 3085 2182 3172 egisse
2229 3089 2318 3150 te-

316 3194 486 3259 cum,
540 3178 612 3238 ut
655 3174 921 3260 videres,
977 3196 1059 3239 ne
1105 3175 1258 3259 quid
1304 3177 1646 3259 φιλοτιμία
1690 3173 1845 3256 eiuS,
1891 3195 2081 3257 quem
2126 3174 2319 3259 nosti,

237 3290 289 3328 ρο
313 3263 503 3327 nobis
537 3266 809 3346 noceret,
857 3267 937 3347 et,
982 3263 1058 3327 de
1096 3284 1221 3347 quo
1260 3263 1388 3326 iam
1425 3261 1670 3346 pridem
1707 3262 1787 3325 ad
1823 3266 1887 3324 te
1926 3262 2320 3346 scripseram,

315 3349 665 3415 Turranius
710 3355 923 3415 autem
971 3371 1148 3416 secus
1186 3351 1308 3415 tibi
1354 3350 1655 3414 Brundisi
1702 3349 1949 3413 dixerat
1996 3347 2206 3436 (quod
2245 3370 2320 3413 ex

315 3439 396 3502 iis
440 3438 678 3503 litteris
723 3440 1021 3526 cognovi,
1075 3460 1233 3523 quas
1280 3461 1318 3503 a
1360 3437 1651 3524 Xenone,
1716 3438 1960 3521 optimo
2010 3438 2169 3521 vir0,
2227 3458 2323 3501 ac-

317 3528 522 3614 cepi),
560 3549 672 3592 cur
697 3527 960 3591 fratrem
996 3526 1361 3611 provinciae
1396 3550 1526 3592 non
1553 3526 2013 3611 praefecissem,
2055 3524 2320 3607 exposui
