2642 3923
1168 209 1227 265 P.
1261 216 1485 264 19—24.
2266 208 2342 261 XI

328 356 390 407 ut
425 367 595 421 saepe
631 350 786 405 velut
820 367 875 420 p.
906 356 989 405 89.
1020 356 1087 404 25
1126 351 1286 404 aliud
1312 351 1528 419 aliquid
1556 352 1689 403 ante
1715 350 1780 417 si,
1813 354 1931 403 106.
1950 354 1980 402 7
2010 366 2091 416 ea,
2131 354 2248 403 132.
2270 355 2337 402 27

324 441 432 479 esse
465 424 636 478 satis
660 424 925 489 faciemus
950 422 1103 489 satis,
1145 427 1262 476 143.
1283 426 1318 474 4
1347 438 1510 491 quae
1537 422 1685 487 mihi,
1728 427 1845 475 154.
1868 426 1900 473 3
1929 428 2089 487 certa,
2130 424 2337 473 17819

327 502 533 549 tamen
577 495 724 559 viae,
772 497 991 546 211.18
1031 493 1259 546 auditus
1294 494 1538 559 auditus,
1587 497 1705 545 233.
1738 497 1806 545 34
1842 492 2123 547 movebant
2159 492 2339 545 miuus

329 564 456 621 add.
492 566 624 634 post
657 565 841 618 minus
876 578 906 615 e
943 580 992 615 v.
1022 568 1115 630 36,
1163 568 1283 616 237.
1314 568 1382 616 30
1413 563 1788 630 percepisses,
1835 567 2014 616 246.1
2058 561 2337 616 Gaesarem

329 652 523 703 mare,
554 640 675 688 269.
697 640 729 688 8
757 635 938 688 modo
966 634 1197 702 quaeris,
1218 638 1337 686 279.
1355 639 1390 685 4
1417 641 1649 687 auctor
1676 633 1979 704 diqnitatis,
2001 636 2119 687 282
2138 637 2206 686 30
2234 633 2336 685 in-

328 707 675 776 telleyamus,
695 710 814 758 294.
835 710 870 758 4
896 721 1010 758 uec
1035 711 1210 773 turpe,
1231 709 1436 757 299.12
1456 710 1533 758 est
1559 721 1776 758 verum
1799 704 2063 772 profecto
2093 705 2340 772 (propter

329 792 566 845 sequens
595 777 758 830 modo
783 778 946 843 tuto),
975 780 1095 829 319.
1116 781 1143 828 7
1173 776 1399 841 adven„
1420 780 1541 828 324.
1559 779 1589 827 7
1609 775 1852 829 multzssi
1863 791 1981 827 mis
2008 774 2337 841 miserrimis,

331 847 406 901 ib.
438 853 504 900 10
529 854 587 901 te
613 848 860 916 iutelleyo
887 853 952 913 te,
991 851 1111 899 362.
1133 850 1164 898 5
1193 846 1276 899 ad
1302 847 1605 914 omniaque,
1634 850 1753 898 375.
1777 850 1805 897 7
1836 862 1974 899 cum
2001 845 2099 912 vel,
2126 849 2247 899 401.
2272 849 2337 896 16

328 935 486 972 sane
538 924 719 972 tamen
770 923 1127 982 sanaverunt,
1182 921 1411 970 420.10
1467 917 1678 985 nilque
1723 916 1885 984 idque
1923 917 2109 983 potius
2152 915 2336 981 fuisse.

330 987 511 1042 Multa
548 988 722 1041 etiam
758 1002 826 1040 ex
863 986 980 1040 alia
1015 987 1307 1041 vicinitate
1347 986 1565 1040 adscita
1600 986 1962 1039 inveniuntur
1996 988 2062 1039 ut
2087 1004 2141 1055 p.
2167 991 2246 1039 14.
2270 991 2337 1038 36

328 1060 589 1142 vir-qines,
638 1063 719 1112 15.
750 1063 817 1111 35
864 1059 939 1111 ad
986 1058 1388 1140 facultatem
1432 1058 1778 1127 diynitatem,
1825 1063 1910 1111 42.
1942 1062 1973 1109 2
2011 1058 2109 1124 ita,
2156 1063 2339 1110 55.10

322 1130 691 1198 ,memmique,
737 1133 822 1182 56.
851 1135 882 1182 5
922 1129 1182 1196 epistulas
1216 1129 1538 1196 scriptam
1571 1129 1852 1195 neminem,
1898 1133 2081 1180 62.14
2116 1128 2181 1180 iri
2215 1143 2338 1180 cou-

331 1203 499 1267 tione,
557 1203 736 1254 86.17
775 1205 848 1266 et,
905 1204 989 1253 88.
1021 1205 1078 1266 3,
1127 1204 1210 1252 91.
1242 1204 1335 1266 33,
1384 1204 1503 1251 104.
1534 1204 1618 1267 35,
1671 1204 1787 1252 110.
1819 1203 1850 1251 9
1887 1199 2183 1281 oportuisse
2219 1215 2340 1264 me,

335 1277 450 1326 121.
482 1276 552 1324 34
585 1272 722 1325 satis
757 1285 788 1323 e
824 1286 871 1323 v
904 1276 969 1322 32
1007 1286 1108 1338 pro
1145 1272 1591 1340 mayis,123.19
1626 1286 1830 1339 neque
1864 1270 2137 1338 cuiquam,
2172 1267 2250 1322 ib.
2272 1273 2339 1320 26

330 1342 625 1411 repetitor,
670 1340 744 1393 ib.
776 1345 843 1394 32
881 1341 1186 1408 adfuisset,
1227 1345 1344 1393 128
1376 1345 1443 1393 25
1481 1356 1573 1410 eqo
1607 1356 1722 1394 uon
1757 1340 1912 1393 modo
1948 1356 2083 1410 eqo,
2123 1344 2240 1392 134.
2272 1344 2339 1391 33

331 1413 472 1467 duxi
506 1418 853 1480 expectare
888 1411 1018 1478 dies,
1060 1416 1178 1464 138.
1196 1417 1262 1464 23
1292 1427 1406 1464 non
1433 1411 1589 1465 modo
1614 1426 1770 1465 nemo
1797 1411 2005 1477 modo,
2036 1415 2338 1477 139.17eq.

332 1500 495 1552 quam
546 1483 703 1535 illud.
768 1498 1038 1550 ‘nusquam
1090 1499 1253 1550 quam
1307 1482 1467 1535 illum
1520 1484 1812 1551 (superscr.
1854 1481 2019 1550 illud)
2072 1497 2342 1549 nusquam

332 1554 621 1619 discedere,
680 1557 797 1606 141.
838 1558 868 1605 2
914 1553 988 1606 de
1035 1553 1222 1618 citius,
1278 1551 1354 1606 ib.
1396 1557 1461 1605 21
1510 1553 1587 1606 de
1634 1569 1808 1621 aqua
1852 1568 2038 1620 quam,
2095 1556 2209 1604 145.
2256 1556 2339 1617 16,

335 1630 451 1679 149.
482 1628 576 1692 31,
625 1627 743 1677 153.
774 1628 865 1689 20,
915 1628 1031 1676 153.
1061 1628 1128 1676 29
1165 1623 1309 1705 fore
1345 1629 1655 1689 venturu-m,
1705 1628 1822 1677 169.
1853 1627 1920 1675 29
1959 1622 2341 1690 adscripserit,

336 1700 451 1748 196
484 1700 547 1747 11
595 1700 869 1759 sanctum,
917 1698 1036 1747 205.
1068 1698 1101 1745 4
1145 1694 1259 1747 nisi
1306 1693 1527 1762 repetit.
1569 1695 1701 1746 ante
1736 1693 2066 1759 Honestum,
2106 1697 2341 1757 236.14,

333 1771 453 1819 241.
483 1770 567 1831 31,
606 1763 682 1817 ad
714 1781 769 1832 p.
799 1736 919 1816 26'42
950 1770 998 1830 ’7,
1037 1768 1246 1816 27517
1284 1780 1493 1818 moram
1529 1764 1904 1830 defendam,
1942 1762 2018 1817 ib.
2041 1769 2126 1829 26,
2166 1768 2339 1816 2837

330 1837 497 1891 habeo
541 1841 784 1901 autem,
831 1839 950 1888 289.
980 1807 1048 1888 33
1093 1841 1335 1902 exspecto
1382 1835 1650 1904 amendi,
1698 1840 1816 1887 291.
1847 1839 1878 1886 6
1914 1834 2075 1887 nulla
2102 1850 2341 1902 possu-

310 1923 468 1964 -mus
512 1905 657 1976 (‘lin.
696 1904 974 1958 subducta
1020 1903 1186 1959 delet.
1227 1907 1284 1958 et
1321 1920 1591 1974 superser.
1630 1905 1767 1973 est’),
1806 1909 1926 1958 299.
1956 1909 2024 1956 23
2062 1911 2112 1959 et
2147 1904 2342 1974 quod,

332 1978 407 2032 ib.
430 1983 515 2044 34,
544 1983 664 2031 300.
686 1982 756 2030 34
785 1983 835 2031 et
860 1983 1054 2044 tamen,
1083 1981 1202 2030 302.
1227 1982 1289 2029 31
1324 1977 1376 2030 si
1401 1993 1542 2030 cum
1565 1977 1821 2043 ψαλίων,
1851 1979 1971 2029 308.
1994 1979 2026 2028 8
2054 1976 2344 2044 quicquam

331 2050 503 2118 repet.
522 2050 655 2101 ante
673 2050 867 2114 abesse,
888 2053 1007 2101 320.
1026 2049 1303 2101 2veriisset
1328 2053 1585 2114 ventum,
1605 2052 1725 2099 324.
1746 2050 1808 2098 11
1830 2046 1905 2099 de
1922 2062 2118 2114 omues
2138 2052 2257 2101 334
2276 2052 2344 2099 34

336 2120 524 2174 Patris
549 2120 718 2185 eius,
758 2123 877 2171 343.
908 2124 939 2170 2
978 2119 1112 2186 quid
1137 2118 1397 2172 scribas
1423 2118 1488 2172 de
1516 2135 1595 2184 ea,
1634 2120 1855 2181 348.15,
1886 2120 2091 2169 358.13
2120 2117 2345 2184 exposui

331 2197 382 2244 te
416 2207 494 2244 ex
528 2207 623 2256 me,
670 2193 773 2241 367
823 2194 890 2241 14
927 2190 1009 2242 ad
1045 2205 1198 2257 quas,
1244 2193 1365 2241 398.
1396 2193 1463 2241 27
1500 2188 1680 2241 Plane
1714 2188 2078 2254 facturum,
2124 2192 2341 2241 422.11

332 2262 511 2314 minor
545 2276 799 2326 mecum,
836 2264 956 2314 435.
991 2265 1055 2312 17
1092 2261 1252 2326 enim,
1289 2264 1409 2313 442.
1443 2264 1527 2325 13,
1562 2265 1682 2312 446.
1713 2264 1745 2311 2
1783 2259 1936 2312 vellet
1967 2258 2124 2325 sibi,
2160 2263 2281 2312 455.
2312 2264 2344 2312 8

332 2331 586 2399 quadam,
634 2335 754 2384 473.
785 2335 816 2382 2
847 2332 1041 2398 possis,
1078 2335 1198 2384 474.
1229 2335 1298 2382 24
1335 2330 1684 2383 audientibus
1718 2330 1979 2396 deinde,
2016 2334 2138 2382 476.
2171 2335 2236 2382 32
2278 2336 2347 2383 ut

330 2403 483 2468 satis,
530 2405 652 2454 480.
681 2405 748 2452 25
781 2401 1265 2468 promissorum
1300 2401 1444 2454 eius
1478 2399 1699 2469 repetit.
1757 2401 1889 2453 ante
1934 2406 2105 2466 erant,
2136 2404 2255 2454 550.
2277 2406 2345 2454 28

333 2489 423 2527 ari.
496 2470 679 2523 Multa
724 2470 897 2524 etiam
940 2470 1209 2539 proximis
1255 2469 1541 2523 vocabulis
1590 2469 1932 2524 adsimulata
1975 2472 2042 2523 ut
2075 2488 2129 2539 p.
2161 2476 2244 2524 21.
2277 2477 2344 2523 24

330 2559 445 2596 nou
471 2542 698 2609 nullas,
729 2547 813 2595 32.
836 2548 867 2595 6
893 2543 1087 2609 facere,
1117 2547 1202 2594 41.
1224 2546 1255 2594 8
1284 2542 1642 2608 hereditasset,
1672 2547 1756 2595 50.
1781 2547 1846 2594 10
1874 2542 2019 2607 istos,
2050 2541 2123 2594 ad.
2153 2546 2235 2594 55.
2258 2547 2344 2608 29,

332 2617 516 2667 59.15
553 2613 878 2678 intercedit,
915 2611 989 2665 ad
1019 2617 1100 2666 72.
1131 2618 1181 2678 6,
1219 2611 1295 2665 ib.
1320 2617 1402 2679 14,
1442 2616 1614 2665 79.19
1643 2613 1900 2678 itineris,
1939 2618 2022 2665 85.
2046 2617 2113 2665 33
2141 2613 2343 2680 subiti,

334 2688 416 2738 86.
448 2688 517 2737 34
565 2699 705 2751 quos
752 2685 810 2736 et
837 2684 1093 2753 purgati,
1141 2682 1216 2735 ad
1254 2688 1426 2747 95.4,
1479 2687 1595 2735 100.
1628 2688 1694 2735 22
1732 2689 1896 2749 tuos,
1945 2687 2063 2736 101.
2095 2687 2127 2734 3
2163 2684 2343 2749 foren-

329 2755 524 2821 sium,
585 2752 660 2806 ad.
699 2758 816 2806 106.
846 2759 896 2820 9,
945 2758 1063 2807 107.
1097 2758 1160 2805 12
1196 2754 1502 2818 notissimo,
1549 2751 1624 2806 ib.
1647 2758 1715 2806 26
1743 2755 1806 2806 in
1830 2770 2122 2821 campum,
2174 2758 2290 2807 123
2313 2759 2344 2806 5

331 2831 502 2892 tuus,
544 2829 661 2877 128.
686 2829 770 2887 27,
802 2828 918 2877 130.
941 2830 973 2877 2
1008 2830 1271 2891 sumpta,
1310 2830 1428 2877 134.
1453 2828 1520 2875 24
1550 2830 1677 2891 post
1710 2825 2104 2890 has,136.12
2133 2824 2347 2878 alienis

333 2896 697 2963 -permulta
722 2911 953 2961 secura,
994 2900 1165 2948 138.8
1204 2896 1403 2962 illum,
1445 2899 1561 2947 139.
1579 2899 1665 2958 28,
1706 2900 1823 2948 142.
1844 2900 1910 2947 26
1938 2900 2344 2959 statutorum,

335 2970 550 3017 145.15
587 2971 726 3032 tua,
785 2970 999 3019 182.16
1045 2966 1194 3032 filio,
1253 2970 1370 3018 187.
1408 2972 1466 3017 11
1514 2966 1917 3033 superiorum,
1971 2964 2047 3020 ib.
2079 2970 2148 3019 20
2193 2967 2343 3032 tuis,

333 3041 451 3089 189.
482 3040 567 3101 23,
615 3040 735 3089 194.
764 3041 833 3089 24
868 3052 1038 3090 nemo
1068 3042 1251 3104 putas,
1301 3040 1474 3090 198.4
1510 3042 1771 3102 stanam,
1810 3041 2020 3089 207.16
2058 3038 2344 3106 mayistra-

329 3113 487 3172 tum,
526 3111 645 3159 208.
679 3111 745 3158 10
782 3108 1153 3175 mayistratu,
1192 3106 1266 3159 ad
1304 3112 1423 3159 214.
1456 3111 1540 3172 15,
1579 3112 1698 3160 215.
1717 3113 1785 3159 24
1821 3108 2099 3174 amicum,
2140 3113 2341 3161 22⁷.11

328 3177 587 3247 neyotio,
626 3181 746 3230 234.
777 3182 843 3229 22
874 3179 1220 3246 principem,
1260 3183 1380 3231 241.
1406 3183 1471 3230 16
1510 3193 1584 3244 eo,
1624 3183 1742 3231 245.
1761 3184 1830 3231 24
1867 3179 2095 3245 copias,
2137 3183 2255 3231 265.
2278 3184 2345 3232 28

323 3249 630 3316 profectis,
680 3253 797 3302 304.
831 3253 895 3300 12
927 3249 1172 3317 perditi,
1221 3254 1342 3301 307.
1374 3255 1402 3301 7
1442 3248 1818 3316 (proclinata,
1857 3248 1955 3316 ib.)
1996 3265 2122 3317 qua,
2161 3254 2280 3302 308.
2312 3255 2343 3301 3

328 3319 432 3371 iter
474 3318 656 3385 inter,
704 3322 824 3372 378.
856 3323 923 3371 23
969 3319 1207 3373 curitur
1250 3319 1448 3389 iyitur,
1495 3323 1615 3372 407.
1649 3324 1714 3371 16
1752 3320 1915 3373 alias
1951 3320 2113 3386 malo,
2161 3324 2283 3371 410.
2314 3324 2345 3371 3

323 3389 506 3456 probe
551 3394 672 3442 417.
703 3394 753 3455 9,
800 3390 1096 3458 quomodo
1142 3405 1281 3457 eros,
1335 3394 1456 3442 423.
1486 3395 1519 3440 4
1555 3390 1862 3458 Epicureos
1906 3390 2077 3455 deos,
2124 3394 2345 3443 481.13

322 3461 604 3527 peraliter,
671 3464 790 3513 485.
840 3465 908 3513 29
944 3477 1025 3528 sq.
1077 3460 1429 3529 explicatio,
1487 3461 1629 3524 (501.
1682 3466 1745 3513 17
1793 3460 2174 3528 Leucopetras
2218 3463 2348 3527 post

326 3530 570 3598 Patras),
607 3529 683 3583 ib.
707 3535 776 3582 34
813 3531 1061 3589 exsolvi:
1102 3537 1184 3585 92.
1207 3537 1243 3584 4
1278 3531 1339 3584 si
1365 3531 1479 3598 ipse
1510 3547 1605 3593 me,
1647 3536 1763 3584 107.
1787 3536 1821 3584 4
1843 3546 2103 3598 praesens
2129 3530 2348 3583 videri
