2642 3923
638 185 1149 239 EPISTULARUM
1187 186 1288 239 AD
1324 186 1650 241 ATTICUM
1683 187 1787 239 XII
1827 193 1909 255 23,
1950 193 2032 241 24.
2207 187 2332 252 371

324 330 400 392 de
444 350 547 392 me
594 326 1011 415 existimem),
1065 330 1301 394 levatio
1350 330 1659 414 quaedam
1706 335 1823 415 est,
1870 332 1925 395 si
1970 331 2184 395 minus
2232 331 2338 395 do-

323 417 500 501 loris,
545 421 613 481 at
660 418 859 481 officii
904 417 1120 482 debiti.

456 505 559 569 Ad
605 502 852 570 Siccam
898 506 1141 590 scripsi,
1187 506 1359 590 quod
1405 507 1613 571 utitur
1658 505 1727 570 L.
1767 505 1975 572 Cotta.
2058 504 2125 572 Si
2173 507 2339 571 nihil

325 593 698 658 conficietur
744 595 819 659 de
866 594 1397 677 TranstiberiniS,
1458 595 1652 659 habet
1698 596 1766 659 in
1814 594 2098 659 Ostiensi
2146 592 2340 660 Cotta

272 704 296 744 ε
324 681 734 746 celeberrimo
771 682 931 768 loc0,
968 682 1079 746 sed
1116 683 1426 766 pusillum
1460 684 1604 768 loci,
1633 684 1711 746 ad
1746 683 1913 748 hanc
1950 706 2085 749 rem
2120 688 2339 749 tamen

324 770 472 853 plus
519 770 715 835 etiam
762 792 954 854 quam
1001 771 1175 835 satis,
1248 770 1324 834 Id
1368 772 1560 835 velim
1606 772 1866 857 cogites.
1942 770 2079 837 Nec
2123 777 2338 837 tamen

327 859 452 922 ista
505 858 713 942 pretia
765 858 1103 923 hortorum
1158 860 1581 943 pertimueriS.
1673 858 1811 925 Nec
1864 861 2024 925 mihi
2068 861 2198 924 iam
2245 883 2339 926 ar-

328 950 519 1032 gento
557 969 673 1011 nec
708 951 885 1011 veste
923 969 1084 1030 opus
1122 952 1220 1012 est
1256 970 1375 1012 nec
1412 949 1795 1032 quibusdam
1833 950 2115 1014 amoenis
2152 949 2338 1034 locis3

328 1036 446 1100 hoc
494 1057 654 1118 opus
701 1039 814 1100 est.
888 1035 1092 1100 Video
1141 1036 1355 1121 etiam,
1400 1060 1437 1100 a
1475 1038 1710 1120 quibus
1749 1037 2037 1101 adiuvari
2073 1037 2335 1121 possim.

246 1146 298 1185 ιο
328 1122 452 1187 Sed
504 1123 768 1207 loquere
813 1146 957 1188 cum
1005 1122 1193 1209 Silio3
1249 1124 1415 1188 nihil
1460 1125 1632 1189 enim
1679 1129 1778 1189 est
1823 1126 2069 1190 melius.
2161 1125 2340 1189 Man·

326 1212 472 1276 davi
517 1212 712 1276 etiam
758 1210 987 1276 Siccae.
1080 1211 1438 1296 Rescripsit
1485 1214 1911 1278 constitutum
1959 1236 2026 1278 se
2071 1236 2216 1278 cum
2262 1236 2338 1278 00

325 1299 575 1365 habere.
633 1298 882 1365 Scribet
918 1301 1120 1385 igitur
1156 1303 1237 1365 ad
1272 1324 1392 1386 me,
1421 1303 1573 1386 quid
1613 1303 1835 1387 egerit,
1862 1307 1926 1366 et
1962 1306 2037 1366 tu
2074 1302 2338 1367 videbis

1218 1512 1454 1577 XXIV.

624 1633 734 1687 Ser.
765 1633 1004 1687 Asturae
1041 1633 1214 1686 XIII
1242 1633 1316 1687 K.
1347 1633 1485 1702 Apr.
1517 1651 1567 1687 a.
1598 1651 1652 1687 u.
1683 1651 1725 1688 c.
1758 1638 1869 1689 709
1908 1637 2046 1702 (45).

250 1760 300 1799 u>
933 1753 1221 1809 CICERO
1257 1753 1547 1809 ATTICO
1584 1755 1746 1809 SAL.

460 1863 633 1928 Bene
678 1863 830 1927 fecit
874 1862 949 1926 A.
990 1862 1208 1948 Silius,
1252 1862 1364 1946 qui
1409 1863 1810 1947 transegerit.
1901 1861 2128 1948 Neque
2173 1864 2342 1927 enim
2383 1885 2405 1930 1

334 1954 389 2018 01
426 1952 642 2017 deesse
680 1952 975 2039 volebam
1012 1955 1096 2036 et,
1141 1951 1294 2036 quid
1330 1974 1607 2037 possem,
1650 1951 1975 2016 timebam.
2048 1951 2145 2017 De
2184 1950 2344 2016 Ovia

332 2043 585 2125 confice,
630 2045 705 2104 ut
750 2041 993 2105 scribis
1030 2039 1157 2123 ‘De
1203 2038 1510 2105 Cicerone
1543 2044 1799 2124 tempus
1838 2063 1975 2105 esse
2012 2039 2141 2105 iam
2176 2042 2344 2106 vide·

330 2135 464 2215 tur3
512 2129 622 2194 sed
668 2151 924 2214 quaer0,
971 2128 1141 2213 quod
1186 2129 1284 2193 illi
1332 2150 1493 2211 opus
1531 2129 1672 2212 erit,
1706 2128 1982 2192 Athenis
2028 2134 2344 2212 permuta-

252 2235 304 2274 20
332 2220 469 2284 rine
514 2219 723 2303 possit
768 2239 851 2281 an
895 2218 1022 2301 ipsi
1068 2217 1400 2281 ferendum
1448 2218 1552 2302 sit,
1597 2217 1673 2281 de
1719 2221 1984 2300 totaque
2020 2240 2109 2302 re,
2156 2239 2344 2302 quem

332 2308 411 2372 ad
463 2308 727 2371 modum
772 2310 837 2371 et
885 2305 1136 2390 quando
1184 2306 1459 2389 placeat,
1515 2305 1709 2369 velim
1755 2304 2132 2369 consideres,
2222 2305 2344 2370 Pu-

333 2396 551 2460 blilius
605 2396 898 2459 iturusne
954 2394 1042 2458 sit
1099 2394 1169 2457 in
1211 2393 1498 2458 Africam
1545 2398 1608 2457 et
1655 2393 1937 2480 quand0,
1993 2415 2065 2457 ex
2114 2393 2341 2459 Aledio

334 2485 492 2549 scire
547 2483 806 2568 poteris
900 2482 1181 2558 Quaeras
1238 2486 1303 2547 et
1359 2483 1437 2546 ad
1491 2505 1592 2545 me
1649 2482 1891 2546 scribas
1938 2482 2144 2546 velim.
2237 2482 2344 2567 Et,
2380 2501 2411 2549 2

334 2577 407 2637 ut
461 2572 539 2636 ad
596 2593 770 2635 meas
829 2572 1105 2654 ineptias
1153 2571 1434 2657 redeam,
1487 2570 1680 2635 velim
1727 2592 1828 2634 me
1875 2571 2211 2635 certiorem
2254 2572 2343 2635 fa-

254 2673 304 2712 25
334 2662 490 2745 cias,
552 2659 620 2725 P.
678 2658 974 2743 Crassus,
1037 2658 1386 2723 Venuleiae
1448 2659 1620 2721 filius
1630 2711 1647 2743 ,
1708 2659 1938 2723 vivone
1993 2657 2060 2722 P.
2116 2658 2343 2724 Crasso

334 2748 680 2834 consulari,
737 2752 920 2832 patre
976 2768 1122 2833 suc,
1173 2751 1467 2810 mortuus
1525 2747 1638 2831 sit,
1693 2751 1767 2810 ut
1814 2768 1931 2831 ego
1979 2748 2344 2813 meminisse

335 2837 567 2921 videor,
613 2858 696 2900 an
740 2841 905 2919 post.
976 2835 1143 2899 Item
1189 2856 1424 2918 quaero
1472 2835 1548 2898 de
1593 2834 1867 2919 Regillo,
1915 2834 2140 2918 Lepidi
2185 2837 2343 2922 filio,

333 2930 584 2989 rectene
630 2924 1029 2989 meminerim
1075 2927 1256 3006 patre
1302 2924 1450 2987 vivo
1489 2927 1829 2986 mortuum.
1905 2922 2207 3006 Cispiana
2245 2947 2344 2989 ex·
2382 2943 2413 2990 3

337 3013 601 3097 plicabis
656 3015 935 3096 itemque
980 3011 1297 3076 Preciana.
1391 3010 1488 3075 De
1534 3011 1753 3075 Attica
1800 3012 2057 3095 optime.
2148 3012 2238 3076 Et
2286 3014 2343 3077 ei

255 3115 307 3153 ³0
336 3101 607 3166 salutem
654 3101 822 3165 dices
868 3105 933 3165 et
976 3100 1194 3165 Piliae.

1922 3608 2028 3660 24¹·
