2642 3923
366 190 485 252 154
993 189 1067 242 M.
1107 188 1319 243 TULLI
1357 187 1734 243 CICERONIS

357 333 475 396 hoc
519 352 758 396 novum
805 332 881 395 de
928 329 1252 414 Cibyratis
1307 331 1654 416 pantheris.
1747 331 2027 396 Multum
2086 335 2151 395 te
2208 352 2372 415 amo,

356 420 526 503 quod
569 420 959 503 respondisti
997 419 1083 485 M.
1121 417 1387 485 Octavio
1433 425 1498 483 te
1541 441 1675 484 non
1720 425 1961 503 putare.
2037 416 2160 483 Sed
2198 427 2371 501 post-

355 506 474 573 hac
519 508 758 593 omnia,
818 529 980 592 quae
1025 512 1198 572 recta
1241 529 1373 573 non
1432 512 1645 591 erunt,
1709 530 1825 591 pro
1888 511 2062 572 certo
2117 511 2367 591 negato

357 594 494 660 Nos
542 597 711 660 enim
758 600 822 660 et
878 600 1103 660 nostra
1163 601 1392 679 sponte
1452 596 1612 660 bene
1666 596 1835 660 firmi
1892 599 1956 660 et
2011 594 2366 660 mehercule

357 685 740 749 auctoritate
785 688 897 748 tua
942 683 1317 748 inflammati
1358 684 1626 748 vicimus
1674 705 1893 748 omnes
1943 681 2110 770 (hoc
2155 689 2229 747 tu
2275 684 2368 747 ita
2422 711 2447 751 5

357 770 673 874 reperies)
720 794 863 837 cum
910 772 1301 836 abstinentia
1347 777 1487 836 tum
1532 772 1812 856 iustitia,
1865 772 2203 855 facilitate,
2249 771 2368 835 cle-

357 861 612 925 mentia.
685 858 852 926 Cave
890 866 1074 944 putes
1113 860 1453 944 quicquam
1488 859 1779 925 homines
1817 862 2026 946 magis
2064 882 2367 943 umquam

357 970 493 1013 esse
554 949 819 1013 miratos
867 970 1059 1032 quam
1117 949 1369 1012 nullum
1427 949 1817 1013 terruncium
1875 970 1976 1012 me
2036 948 2367 1012 obtinente

357 1037 748 1121 provinciam
794 1040 1089 1120 sumptus
1135 1037 1376 1101 factum
1418 1058 1555 1101 esse
1600 1058 1715 1100 nec
1761 1037 1830 1101 in
1873 1059 2007 1101 rem
2044 1036 2366 1119 publicam

355 1147 470 1190 nec
516 1126 585 1189 in
629 1147 1014 1209 quemquam
1060 1129 1348 1189 meorum
1385 1130 1833 1208 praeterquam
1869 1126 1938 1188 in
1973 1122 2040 1187 L.
2081 1124 2364 1189 Tullium
2398 1152 2446 1191 ιο

355 1213 655 1297 legatum.
728 1212 793 1278 Is
831 1213 1158 1297 ceteroqui
1195 1212 1542 1296 abstinem,
1591 1213 1701 1277 sed
1734 1212 1900 1277 Iulia
1936 1213 2076 1297 lege
2123 1213 2365 1295 pransi-

357 1307 532 1386 tanS,
597 1302 794 1366 semel
855 1307 1070 1366 tamen
1143 1301 1210 1365 in
1272 1301 1467 1384 diem,
1528 1322 1687 1385 non,
1761 1305 1834 1365 ut
1890 1300 1999 1365 alii
2056 1301 2365 1384 solebant,

357 1390 654 1454 omnibus
699 1390 856 1454 vicis
908 1392 1184 1473 [praeter
1229 1410 1375 1453 eum
1422 1389 1617 1455 semel
1661 1410 1849 1453 nemo
1887 1388 2155 1473 accepit]
2195 1389 2365 1471 facit,

356 1482 430 1541 ut
465 1476 627 1541 mihi
664 1478 1068 1561 excipiendus
1108 1478 1213 1562 sit,
1257 1498 1403 1540 cum
1438 1477 1830 1542 terruncium
1867 1497 2030 1562 nego
2070 1481 2364 1560 sumptus

358 1565 611 1630 factum.
700 1564 961 1630 Praeter
1005 1588 1148 1630 eum
1195 1565 1438 1649 accepit
1481 1586 1685 1630 nemo.
1760 1563 1897 1629 Has
1943 1588 1981 1628 a
2024 1569 2246 1630 nostro
2295 1563 2363 1640 Q.
2399 1592 2446 1631 15

357 1653 598 1717 Titinio
648 1655 865 1719 sordes
912 1654 1279 1737 accepimus.

489 1741 632 1826 Ego
699 1742 960 1807 aestivis
1021 1742 1324 1806 confectis
1384 1740 1695 1817 Quintum
1752 1740 2017 1806 fratrem
2076 1740 2365 1805 hibernis

358 1835 420 1894 et
467 1828 726 1894 Ciliciae
771 1830 1058 1913 praefeci.
1133 1828 1202 1905 Q.
1238 1827 1601 1912 Volusium,
1648 1829 1746 1893 tui
1783 1829 2002 1894 Tiberi
2041 1849 2367 1914 generum,

356 1922 598 1983 certum
679 1918 1002 1983 hominem
1073 1922 1138 1983 et
1209 1918 1476 1983 mirifice
1550 1918 2004 2002 abstinentem,
2075 1917 2226 1981 misi
2298 1917 2368 1981 in

357 2005 667 2091 Cyprum,
714 2010 787 2071 ut
831 2006 924 2071 ibi
967 2006 1273 2090 pauculos
1319 2007 1454 2070 dies
1501 2010 1687 2090 esset,
1731 2028 1812 2070 ne
1857 2006 2025 2071 cives
2070 2004 2365 2090 Romani,
2395 2033 2446 2071 20

357 2096 543 2179 pauci
588 2096 698 2180 qui
745 2096 878 2159 illic
921 2095 1366 2180 negotiantur,
1427 2095 1525 2158 ius
1574 2095 1700 2158 sibi
1746 2095 1986 2158 dictum
2030 2099 2365 2179 negarent3

356 2206 505 2248 nam
535 2184 779 2248 evocari
817 2205 893 2247 ex
923 2182 1131 2246 insula
1159 2181 1430 2266 Cyprios
1468 2204 1602 2251 non
1634 2183 1801 2247 licet.
1873 2180 2019 2266 Ipse
2046 2182 2117 2246 in
2144 2182 2366 2246 Asiam

357 2272 678 2355 profectus
734 2293 874 2335 sum
931 2270 1130 2334 Tarso
1179 2268 1386 2335 Nonis
1431 2269 1772 2354 IanuariiS,
1825 2292 1957 2334 non
2011 2269 2366 2334 mehercule

357 2360 481 2424 dici
517 2362 750 2443 potest,
788 2381 914 2442 qua
950 2359 1369 2424 admiratione
1406 2356 1666 2424 Ciliciae
1696 2359 2030 2422 civitatum
2068 2358 2365 2423 maxime-

358 2469 480 2531 que
538 2446 963 2511 Tarsensium.
1065 2446 1298 2511 Postea
1357 2468 1506 2511 vero
1569 2469 1759 2531 quam
1819 2446 2100 2511 Taurum
2159 2450 2365 2510 trans·
2396 2473 2446 2512 25

358 2556 614 2620 gressus
688 2557 857 2620 sum,
928 2535 1196 2599 mirifica
1268 2536 1659 2618 exspectatio
1724 2534 1919 2598 Asiae
1998 2537 2366 2599 nostrarum

358 2624 770 2707 dioecesium,
843 2644 1004 2706 quae
1077 2645 1186 2686 sex
1249 2624 1577 2687 mensibus
1649 2623 1901 2706 imperii
1964 2623 2089 2686 mei
2152 2622 2364 2686 nullas

359 2734 531 2776 meas
591 2715 914 2794 acceperat
978 2711 1256 2794 litteraS,
1311 2733 1663 2794 numquam
1719 2710 2043 2794 hospitem
2102 2710 2364 2774 viderat.

359 2799 525 2864 Illud
570 2806 784 2864 autem
828 2803 1080 2882 tempus
1129 2800 1474 2882 quotannis
1530 2803 1677 2863 ante
1721 2820 1824 2863 me
1878 2799 2087 2862 fuerat
2130 2798 2201 2861 in
2243 2797 2365 2862 hoc

362 2892 646 2970 quaestu.-
736 2884 1047 2952 Civitates
1101 2887 1476 2971 locupleteS,
1532 2908 1614 2950 ne
1674 2887 1743 2951 in
1798 2886 2067 2950 hiberna
2125 2886 2365 2949 milites
2395 2912 2448 2951 so

361 2977 739 3060 reciperent,
806 2996 1069 3059 magnas
1129 2975 1431 3059 pecunias
1501 2974 1763 3058 dabant,
1832 2972 2055 3057 Cyprii
2123 2973 2367 3038 talenta

361 3064 577 3127 Attica
624 3079 736 3149 σος
781 3085 905 3147 qua
942 3085 1017 3128 ex
1063 3063 1273 3126 insula
1307 3061 1482 3147 (non
1516 3063 1984 3147 ὑπερβολικῶς,
2032 3062 2141 3126 sed
2178 3061 2368 3125 veris·

362 3152 520 3215 sime
565 3151 836 3237 loquor)
873 3173 1173 3215 nummus
1218 3151 1436 3215 nullus
1473 3168 1590 3227 me
1613 3150 1943 3215 obtinente
1980 3150 2366 3235 erogabitur.

362 3237 460 3304 Ob
523 3239 679 3304 haec
744 3239 1078 3323 beneficia,
1142 3238 1375 3322 quibus
1440 3239 1536 3302 illi
1601 3238 2091 3322 obstupescunt,
2154 3237 2367 3303 nullos

360 3327 636 3391 honores
673 3327 834 3391 mihi
871 3327 997 3390 nisi
1034 3327 1377 3391 verborum
1411 3327 1659 3391 decerni
1697 3327 1857 3411 sino,
1904 3330 2169 3411 statuaS,
2203 3327 2371 3409 fana,
2398 3352 2452 3392 ³5

362 3415 691 3498 τέθριππα
738 3413 1051 3497 prohibee
1103 3436 1219 3479 nec
1274 3436 1417 3478 sum
1474 3415 1542 3479 in
1594 3415 1726 3479 ulla
1779 3436 1848 3479 re
1892 3414 2018 3478 alia
2060 3414 2371 3478 molestus

363 3500 732 3565 civitatibus
764 3538 846 3547 —-—
885 3502 994 3565 sed
1038 3501 1310 3566 fortasse
1337 3502 1497 3588 -tibi,
1541 3502 1652 3586 qui
1695 3502 1852 3566 haec
1896 3502 2250 3584 praedicem
2295 3502 2370 3566 de
