2642 3923
269 388 303 435 4

282 3482 306 3526 1

345 228 472 292 134
982 228 1053 281 Μ.
1085 226 1298 282 TULLI
1337 226 1715 283 CICERONIS

473 369 693 436 Habes
757 370 833 435 ad
904 371 1131 436 omnia.
1224 371 1372 436 Etsi
1437 392 1636 455 paene
1699 371 2006 455 praeterii
2070 370 2358 436 chartam

339 459 464 524 tibi
528 459 760 524 deesse.
859 459 1007 524 Mea
1060 459 1272 544 captio
1329 465 1452 543 est,
1520 460 1576 524 si
1630 460 1888 544 quidem
1942 460 2079 524 eius
2141 460 2359 543 inopia

342 548 553 611 minus
605 549 809 612 multa
855 548 936 612 ad
980 570 1082 613 me
1127 548 1371 613 scribis.
1455 548 1554 612 Tu
1600 570 1749 612 vero
1798 548 1978 612 aufer
2023 548 2359 632 ducentos3

342 636 466 700 etsi
509 657 717 700 meam
753 637 823 701 in
859 659 934 702 eo
972 637 1429 721 parsimoniam
1466 635 1659 701 huius
1697 636 1968 721 paginae
2003 637 2357 701 contractio

342 725 680 809 significat.
771 723 1125 789 Dumtaxat
1170 746 1479 802 rumores,
1522 725 1624 788 vel
1671 724 1866 789 etiam
1912 725 1969 788 si
2015 747 2141 808 qua
2185 729 2358 789 certa
2418 752 2443 792 5

340 812 539 877 habes
585 812 661 876 de
707 810 993 897 Caesare,
1038 818 1353 897 exspecto.
1453 811 1731 878 Litteras
1777 817 1858 877 et‘
1887 813 2031 877 aliis
2077 820 2135 878 et
2175 812 2358 877 Pom-

340 901 525 987 ptino
571 902 648 967 de
694 902 994 966 omnibus
1039 902 1230 966 rebus
1277 902 1620 987 diligenter
1665 901 1864 965 dabis.

1307 1076 1387 1143 V.

573 1198 687 1257 Sor.
729 1199 997 1255 Venusiae
1031 1199 1144 1253 IH
1171 1205 1271 1254 aut
1289 1198 1441 1269 pau.
1468 1199 1558 1254 Id.
1589 1199 1736 1254 Mai.
1765 1216 1818 1254 a.
1850 1202 1958 1255 703
1998 1203 2133 1268 (51).

980 1320 1232 1378 CICERO
1271 1318 1533 1378 ATTICO
1571 1321 1720 1378 SAL.
2388 1335 2445 1376 10

475 1430 673 1496 Plane
710 1431 905 1515 deest,
942 1429 1113 1514 quod
1150 1431 1451 1515 scribam3
1486 1453 1656 1516 nam,
1690 1452 1806 1496 nec
1844 1433 2013 1515 quod
2048 1432 2360 1517 mandem,

342 1520 548 1584 habeo
595 1518 796 1605 (nihil
841 1520 1010 1584 enim
1055 1521 1580 1603 praetermissum
1627 1519 1790 1603 est),
1836 1542 1951 1585 nec
2007 1522 2178 1605 quod
2217 1543 2360 1585 nar-

345 1630 479 1672 rem
525 1605 714 1693 (novi
760 1608 928 1672 enim
972 1607 1200 1694 nihil),
1255 1630 1371 1673 nec
1416 1608 1664 1673 iocandi
1707 1609 1890 1673 locus
1936 1614 2062 1694 est3
2116 1610 2210 1674 ita
2259 1632 2359 1674 me

344 1696 548 1761 multa
587 1696 951 1761 sollicitant.
1007 1695 1286 1760 Tantum
1323 1701 1539 1760 tamen
1566 1698 1745 1780 scit0,
1773 1695 1993 1762 Idibus
2021 1697 2211 1761 Maiis
2238 1719 2358 1763 nos

344 1784 629 1849 Venusia
665 1807 851 1850 mane
887 1785 1359 1868 proficiscentes
1395 1785 1513 1849 has
1549 1785 1811 1849 dedisse.
1867 1785 1967 1850 Eo
2006 1791 2220 1851 autem
2258 1786 2360 1850 die
2381 1812 2442 1862 ,ιε

346 1873 531 1937 credo
579 1873 819 1957 aliquid
869 1877 1081 1938 actum
1127 1874 1194 1937 in
1241 1879 1486 1938 senatu.
1581 1872 1947 1957 Sequantur
1990 1874 2195 1959 igitur
2236 1897 2357 1940 nos

345 1967 494 2027 tuae
540 1963 823 2046 litterae,
880 1961 1118 2046 quibus
1162 1985 1293 2026 non
1338 1963 1528 2028 modo
1576 1984 1677 2027 res
1727 1985 1964 2046 omnes,
2011 1964 2121 2028 sed
2167 1965 2360 2029 etiam

345 2073 632 2115 rumores
688 2072 1160 2136 cognoscamus.
1253 2051 1385 2115 Eas
1443 2052 1822 2135 accipiemus
1870 2050 2202 2136 Brundisi3
2266 2053 2359 2116 ibi

347 2140 516 2204 enim
551 2138 966 2224 Pomptinum
1012 2139 1092 2203 ad
1131 2161 1268 2203 eam
1304 2140 1489 2222 diem,
1538 2161 1726 2223 quam
1765 2144 1840 2203 tu
1878 2139 2212 2224 scripsisti,
2259 2163 2360 2205 ex·

349 2233 636 2312 spectare
695 2227 1037 2292 consilium
1083 2233 1194 2291 est.
1286 2226 1426 2292 Nos
1473 2228 1730 2293 Tarenti
1779 2249 1939 2312 quos
1986 2250 2131 2293 cum
2174 2228 2360 2294 Pom-
2389 2257 2443 2296 ao

346 2315 491 2400 peio
547 2318 902 2399 διαλόγους
946 2315 1022 2379 de
1068 2337 1137 2379 re
1182 2315 1437 2399 publica
1482 2316 1926 2398 habuerimus,
1987 2317 2067 2381 ad
2113 2325 2178 2382 te
2222 2340 2361 2402 per·

349 2403 716 2470 scribemus.
789 2404 930 2468 Etsi
976 2404 1041 2467 id
1079 2404 1293 2487 ipsum
1332 2406 1492 2468 scire
1529 2405 1734 2489 cupio,
1782 2405 1954 2488 quod
1990 2405 2069 2469 ad
2106 2411 2360 2490 tempus

346 2498 516 2557 recte
574 2491 655 2557 ad
707 2497 772 2556 te
827 2492 1101 2557 scribere
1147 2493 1418 2576 possim,
1472 2493 1537 2556 id
1584 2499 1681 2557 est
1728 2515 1918 2577 quam
1964 2493 2074 2558 diu
2118 2493 2362 2559 Romae

346 2582 601 2645 futurus
647 2581 765 2664 sis,
819 2585 894 2645 ut
940 2585 1079 2664 aut,
1138 2602 1265 2664 quo
1313 2582 1457 2645 dem
1504 2581 1773 2665 posthac
1817 2581 2100 2666 litteraS,
2146 2585 2361 2664 sciam,

349 2674 459 2734 aut
504 2691 586 2734 ne
629 2669 772 2733 dem
816 2669 1072 2734 frustra.
1165 2667 1315 2751 Sed,
1376 2674 1717 2753 antequam
1764 2669 2183 2755 proficiscare,
2240 2673 2360 2736 uti·
2388 2699 2441 2739 ιε

348 2780 471 2843 que
517 2758 903 2841 explicatum
953 2758 1039 2822 sit
1083 2757 1244 2821 illud
1287 2755 1418 2823 HS.
1458 2775 1553 2823 xx
1599 2762 1664 2822 et
1709 2775 1905 2824 Doce.
1978 2758 2122 2824 Hoc
2168 2760 2359 2825 velim

348 2847 416 2911 in
478 2847 775 2911 maximis
835 2846 1026 2910 rebus
1082 2849 1147 2909 et
1192 2848 1469 2910 maxime
1514 2848 1887 2911 necessariis
1937 2846 2204 2932 habeaS,
2269 2853 2362 2934 ut,

350 2935 523 3018 quod
570 2939 836 3000 auctore
880 2939 948 3000 te
993 2935 1157 2999 velle
1204 2937 1405 3020 coepi,
1450 2935 1745 3000 adiutore
1790 2935 2119 3020 adsequar.

1295 3109 1393 3176 VI

735 3234 849 3289 Ser.
893 3234 1120 3290 Tem-anti
1160 3233 1315 3288 XIV
1347 3233 1421 3287 K.
1450 3234 1580 3288 Iwn.
1612 3251 1663 3289 a.
1696 3238 1804 3289 703
1844 3239 1981 3304 (51).
2389 3246 2439 3286 ³0

984 3355 1241 3413 CICERO
1280 3355 1544 3412 ATTICO
1582 3356 1734 3413 SAL.
1810 3412 1819 3421 ,

478 3463 831 3529 Tarentum
882 3467 1027 3531 veni
1083 3475 1135 3529 a.
1183 3466 1240 3529 d.
1287 3484 1383 3530 xv
1437 3465 1578 3531 Kal.
1627 3465 1862 3533 Iunias.
1953 3465 2138 3542 Quod
2181 3466 2364 3531 Pom·

348 3553 604 3631 ptinum
675 3556 1022 3617 statueram
1091 3560 1482 3638 exspectare,
1555 3555 2143 3620 commodissimum
2209 3555 2363 3619 duxi
