2642 3923
284 230 360 282 M.
390 229 603 284 TULLI
631 227 1007 283 CICERONIS
1036 227 1255 283 EPIST.
1286 228 1387 282 AD
1416 228 1741 284 ATTICUM
1778 229 1907 283 XIV
1946 235 2099 284 1—-3,
2174 228 2307 292 435

280 373 592 457 proxime,
637 394 782 436 cum
830 369 1003 436 Sesti
1047 376 1282 456 rogatu
1331 371 1499 455 apud
1546 394 1691 437 eum
1745 371 2008 435 fuissem
2057 393 2306 454 exspec-

279 465 610 543 taremque
675 460 898 524 sedens
910 512 928 544 ,
984 460 1193 542 quoad
1259 482 1546 542 vocarer,
1601 459 1836 523 dixisse
1903 481 2073 523 eum:
2135 459 2303 544 ‘Ego

280 550 594 633 dubitem,
651 550 810 631 quin
856 569 1106 612 summo
1167 548 1236 611 in
1291 548 1438 612 odio
1497 549 1645 632 sim,
1705 570 1914 631 quom·
1947 546 2033 611 M.
2083 545 2302 612 Cicero

280 638 496 702 sedeat
539 658 657 701 nec
694 659 812 701 suo
851 637 1185 701 commodo
1233 658 1335 699 me
1373 637 1713 700 convenire
1746 635 2000 720 possit?
2081 634 2304 721 Atqui,

226 752 251 791 5
280 726 335 789 si
383 726 722 809 quisquam
768 729 868 788 est
921 724 1156 810 facilis,
1207 724 1315 788 hic
1371 727 1483 788 est.
1577 724 1817 787 Tamen
1871 745 2005 788 non
2058 724 2302 806 dubit0,

281 815 438 897 quin
482 836 584 877 me
620 813 787 877 male
825 812 1072 876 oderit.2
1154 811 1330 876 Haec
1367 816 1432 876 et
1479 813 1614 876 eius
1662 812 1837 876 modi
1873 813 2094 875 multa.
2179 810 2302 876 Sed

279 903 356 966 ad
404 903 823 985 propositum.
908 899 1222 984 Quicquid
1269 902 1393 964 erit
1419 921 1551 964 non
1595 901 1784 963 modo
1822 920 2145 986 magnum,
2193 900 2302 963 sed

279 990 472 1054 etiam
518 1013 807 1075 parvum,
852 990 1111 1053 scribes,
1203 989 1523 1072 Equidem
1567 989 1733 1052 nihil
1779 989 2218 1052 intermittam.

1251 1163 1334 1229 H.

198 1299 249 1339 10
502 1287 614 1343 Ser.
652 1288 715 1340 in
752 1287 1064 1340 suburbano
1113 1287 1259 1341 Mati
1305 1286 1393 1340 VI
1422 1287 1509 1339 Id.
1538 1286 1678 1355 Apr.
1706 1304 1758 1340 a.
1791 1289 1900 1339 710
1940 1288 2075 1353 (44).

914 1389 1169 1445 CICERO
1209 1389 1473 1445 ATTICO
1514 1388 1662 1444 SAL.

409 1517 587 1582 Duas
636 1539 673 1580 a
716 1520 782 1580 te
829 1517 1041 1599 accepi
1096 1517 1407 1601 epistulas
1461 1516 1616 1580 heri.
1700 1516 1802 1581 Ex
1863 1517 2076 1601 priore
2121 1515 2296 1581 thea-
2335 1532 2360 1579 1

276 1611 450 1670 trum
494 1605 973 1687 Publiliumque
1027 1606 1327 1688 cognovi,
1382 1605 1552 1668 bona
1607 1605 1791 1688 signa
1837 1605 2297 1668 consentientis

276 1694 728 1757 multitudinis.
799 1691 1071 1756 Plausus
1108 1714 1259 1756 vero
1297 1692 1368 1756 L.
1407 1690 1629 1757 Cassio
1678 1692 1864 1756 datus
1901 1694 2095 1756 etiam
2139 1692 2298 1756 face-

200 1809 250 1848 15
279 1786 385 1846 tus
432 1781 591 1844 mihi
630 1778 886 1864 quidem
930 1781 1106 1844 visus
1137 1784 1253 1844 est.
1334 1779 1561 1843 Altera
1597 1780 1874 1862 epistula
1919 1781 1995 1844 de
2033 1780 2294 1844 Madaro
2335 1797 2365 1843 2

281 1871 543 1953 scripta,
608 1868 775 1952 apud
835 1891 1024 1952 quem
1090 1868 1342 1931 nullum
1404 1869 1450 1951 †
1504 1869 1894 1952 φαλάκωμα,
1955 1872 2030 1932 111
2088 1873 2293 1952 Ρ11108.

278 1957 599 2024 Processit
644 1958 831 2043 enim,
877 1957 988 2021 sed
1031 1957 1260 2021 111111118.
1335 1954 1597 2020 Diutius
1645 1979 1935 2021 sermone
1982 1956 2117 2021 eius
2156 1980 2297 2021 sum

279 2051 582 2111 retentus,
667 2044 848 2121 Quod
904 2050 1117 2109 autem
1172 2046 1252 2109 ad
1305 2050 1371 2108 te
1428 2046 1803 2128 scripseram
1861 2046 2127 2109 obscure
2170 2048 2297 2109 for·
2334 2063 2365 2109 3

278 2140 469 2221 tasse,
513 2135 578 2197 id
625 2135 760 2197 eius
794 2134 980 2198 modi
1026 2138 1142 2198 est.
1225 2133 1462 2197 Aiebat
1509 2131 1843 2197 Caesarem
1890 2155 2119 2217 secum,
2166 2155 2293 2217 quo

200 2252 251 2289 20
279 2229 568 2307 tempore
616 2222 786 2287 Sesti
841 2226 1075 2306 rogatu
1121 2223 1266 2286 veni
1313 2222 1393 2285 ad
1440 2242 1612 2306 011111,
1666 2243 1810 2285 011111
1865 2226 2295 2305 exspectarem

279 2312 530 2396 sedens,
577 2312 835 2374 dixisse:
910 2310 1077 2397 ‘Ego
1131 2331 1303 2374 nunc
1347 2314 1482 2373 tam
1527 2310 1649 2373 sim
1696 2310 1961 2393 stultus,
2006 2314 2081 2373 ut
2124 2309 2297 2374 hunc

277 2401 492 2484 ipsum
528 2399 778 2463 facilem
806 2399 1132 2463 hominem
1159 2403 1381 2482 putem
1408 2397 1569 2461 mihi
1607 2420 1742 2462 esse
1771 2398 2063 2483 amicum,
2100 2420 2293 2482 quom

277 2493 413 2553 tam
458 2487 567 2552 diu
615 2488 837 2551 sedens
884 2509 1095 2551 meum
1150 2487 1554 2550 commodum
1604 2490 1926 2569 exspectet
1937 2487 1993 2550 ’θ’
2075 2486 2293 2551 Habes

278 2578 479 2661 igitur
526 2577 934 2660 φαλάκρωμα
978 2575 1491 2639 111111110188111111111
1539 2575 1676 2659 0111,
1721 2575 1786 2637 id
1833 2578 1930 2638 est
1975 2574 2178 2639 Bruti.

199 2694 249 2732 25
409 2662 486 2728 In
540 2664 971 2728 Tusculanum
1024 2662 1243 2747 hodie,
1296 2661 1542 2726 Lanuvi
1590 2684 1758 2747 0108,
1820 2663 1964 2725 inde
2019 2663 2295 2727 Asturae
2331 2680 2365 2726 4

280 2752 658 2837 cogitabam.
741 2752 942 2816 Piliae
988 2755 1286 2834 paratum
1333 2754 1433 2816 est
1477 2750 1862 2836 hospitium,
1913 2752 2023 2814 sed
2068 2752 2297 2816 vellem

278 2839 580 2905 Atticam.
645 2839 888 2904 Verum
906 2840 1028 2904 tibi
1054 2840 1336 2924 ignosco.
1405 2837 1689 2915 Quarum
1718 2840 1974 2922 utrique
2006 2840 2294 2905 salutem.

1225 3014 1340 3081 III.

616 3136 729 3193 Ser.
768 3139 831 3192 in
874 3137 1183 3191 Tusculano
1230 3137 1283 3189 V
1313 3137 1401 3190 Id.
1429 3138 1568 3205 Apr.
1597 3154 1649 3190 a.
1682 3139 1791 3191 710
1822 3140 1956 3204 (44).

198 3257 251 3297 30
916 3241 1171 3297 CICERO
1209 3241 1470 3296 ATTICO
1510 3241 1657 3295 SAL.

412 3369 820 3453 Tranquillae
878 3372 1026 3432 tuae
1100 3368 1354 3451 quidem
1425 3367 1698 3431 litterae.
1799 3365 1982 3443 Quod
2044 3368 2292 3431 utinam
2333 3385 2360 3433 1

279 3459 544 3522 diutius!
581 3481 732 3521 nam
769 3457 1007 3521 Matius
1044 3478 1234 3540 posse
1269 3456 1564 3541 negabat.
1638 3454 1804 3518 Ecce
1842 3459 2053 3518 autem
2092 3458 2292 3519 struc-

278 3551 452 3611 tores
479 3547 685 3610 nostri
706 3547 786 3609 ad
803 3546 1198 3609 frumentum
1225 3544 1518 3629 profecti,
1546 3565 1690 3607 cum
1718 3544 1938 3606 inanes
1959 3542 2293 3628 redissent,

1868 3644 1973 3698 28*
