2642 3923
323 175 451 240 236
1005 175 1079 230 M.
1118 174 1333 228 TULLI
1370 173 1743 231 CICERONIS

323 319 454 382 iam
508 318 757 402 pridem
813 318 1141 401 appetitur
1190 318 1417 382 multis
1433 372 1448 402 ,
1515 318 1627 403 qui
1682 340 1810 382 una
1865 322 2046 402 sunt,
2098 317 2356 401 cupien-

324 406 519 470 tibus,
611 405 716 470 An
779 427 997 470 censes
1058 405 1226 470 nihil
1289 407 1458 470 inter
1515 428 1623 471 eos
1679 406 2047 490 convenire,
2106 407 2356 470 nullam

325 495 687 578 pactionem
750 494 889 558 fieri
954 494 1288 578 potuisse?
1361 494 1570 559 Hodie
1632 499 1864 577 potest.
1959 492 2084 558 Sed
2140 494 2353 559 neutri

327 583 570 658 σκοπὸς
628 586 727 648 est
781 583 918 668 ille,
975 587 1048 647 ut
1091 604 1211 647 nos
1259 582 1433 647 beati
1480 583 1707 667 simus3
1770 586 2040 665 uterque
2085 603 2355 667 regnare

325 670 481 734 vult.
2408 695 2439 736 ε

258 775 289 823 3
451 757 625 822 Haec
662 781 699 822 a
734 762 800 822 te
836 758 1147 822 invitatus
1185 758 1466 823 breviter
1504 757 1787 842 exposui.
1853 757 2142 822 Voluisti
2179 758 2351 824 enim

326 868 453 931 me,
518 846 671 930 quid
726 845 802 910 de
859 846 960 910 his
1015 846 1202 910 malis
1250 847 1581 931 sentirem,
1645 845 1991 911 ostendere.
2086 851 2351 932 Προθε-

327 938 529 1013 exigno
577 934 797 1020 igitur,
838 939 1060 999 noster
1105 933 1341 1021 Attice,
1395 956 1528 999 non
1571 933 1899 998 hariolans
1950 938 2024 998 ut
2073 934 2203 1020 illa,
2246 934 2351 999 cui

327 1044 513 1088 nemo
560 1023 844 1107 credidit,
890 1023 1001 1087 sed
1046 1022 1410 1088 coniectura
1453 1023 1879 1107 prospiciens:

463 1146 805 1231 ‘Iamque
857 1145 1045 1210 mari
1098 1165 1367 1231 magno
1415 1146 1524 1193 —'
2380 1172 2437 1210 ιο

330 1308 462 1352 ιιοιι
516 1287 751 1370 multo,
806 1286 1069 1370 inquam
1082 1336 1100 1369 ,
1156 1307 1337 1350 secus
1391 1307 1655 1368 possum
1701 1285 2052 1350 vaticinari.
2144 1284 2352 1350 Tanta

329 1376 646 1439 malorum
701 1374 1025 1474 impendet
1066 1372 1280 1450 Ἰλιᾶς.
1370 1372 1589 1458 Atque
1646 1373 1772 1438 hoc
1823 1378 2048 1439 nostra
2092 1374 2351 1475 gravior

333 1469 430 1528 est
485 1485 700 1546 causa,
756 1462 867 1547 qui
923 1462 1094 1526 domi
1151 1483 1400 1547 sumuS,
1456 1484 1650 1546 quam
1703 1462 1962 1526 illorum
1974 1513 1994 1548 ,
2056 1463 2167 1546 qui
2222 1485 2351 1527 una

329 1551 723 1616 transierunt
736 1602 753 1636 ,
823 1549 995 1634 quod
1057 1550 1153 1614 illi
1215 1513 1411 1666 [qus]
1477 1551 1750 1614 alterum
1821 1554 2151 1636 metuunt,
2228 1571 2348 1616 nos

259 1657 294 1703 4
331 1644 691 1740 utrumque,
792 1637 947 1702 Cur
1008 1638 1252 1724 igitur',
1315 1639 1560 1723 inquis,
1624 1604 2151 1703 e'remansimus‘ss'
2225 1638 2351 1704 Vel
2378 1666 2432 1706 ιε

329 1728 452 1792 tibi
507 1728 838 1811 paruimus
883 1727 986 1790 vel
1029 1748 1161 1791 non
1202 1727 1249 1810 †
1269 1726 1685 1810 occurrimus,
1737 1727 1839 1791 vel
1879 1726 2004 1791 hoc
2047 1727 2173 1792 fuit
2220 1749 2349 1793 rec-

330 1817 477 1880 tius.
550 1813 944 1901 Conculcari,
979 1815 1258 1900 inquam,
1293 1816 1595 1879 miseram
1630 1814 1887 1879 Italiam
1921 1815 2169 1881 videbis
2205 1837 2348 1900 pro-

330 1905 505 1970 xima
561 1908 804 1970 aestate
862 1903 909 1987 †
927 1907 1085 1987 qaut
1140 1903 1477 1987 utriusque
1530 1902 1601 1968 in
1653 1902 1988 1986 mancipiis
2050 1924 2125 1968 ex
2174 1905 2348 1970 omni

332 2015 566 2080 genere
618 1991 930 2077 collectis,
987 2013 1105 2057 nec
1148 1996 1283 2056 tam
1328 1993 1375 2074 †
1393 1991 1556 2076 iptio
1602 1992 2131 2077 pertimescenda,
2186 2014 2349 2077 quae

334 2082 638 2147 Luceriae
700 2081 924 2145 multis
991 2080 1395 2145 sermonibus
1459 2079 1833 2144 denuntiata
1896 2101 2035 2145 esse
2096 2043 2350 2166 dicitur,
2378 2108 2432 2147 ιο

334 2193 525 2255 quam
569 2169 904 2234 universae
947 2170 1041 2233 rei
1065 2190 1132 2250 p.
1172 2167 1491 2231 interitus,
1556 2167 1855 2232 Tantas
1836 2190 1908 2232 ιιι
1941 2168 2344 2269 confligendo

334 2259 668 2341 utriusque
749 2256 915 2321 vires
988 2256 1171 2320 video
1242 2257 1511 2320 futuras.
1629 2255 1846 2321 Habes
1918 2257 2347 2321 coniecturam

331 2368 561 2411 meam.
655 2344 755 2410 Tu
820 2348 1035 2409 autem
1095 2344 1554 2409 consolationis
1617 2344 1890 2408 fortasse
1944 2343 2188 2429 aliquid
2246 2367 2349 2410 ex·

334 2434 652 2518 spectasti.
743 2431 929 2497 Nihil
989 2432 1273 2515 inveni0,
1340 2431 1505 2496 nihil
1567 2432 1708 2497 fieri
1762 2436 1978 2515 potest
2031 2433 2348 2517 miseriuS,

331 2522 498 2587 nihil
542 2521 874 2606 perditiuS,
916 2520 1082 2584 nihil
1126 2520 1392 2585 foedius.
2377 2548 2430 2588 25

262 2626 294 2675 5
467 2609 650 2686 Quod
696 2609 976 2693 quaeris,
1030 2607 1182 2693 quid
1227 2606 1463 2673 Caesar
1508 2607 1587 2671 ad
1630 2630 1732 2671 me
1777 2608 2124 2709 scripserit,
2177 2609 2350 2693 quod

333 2720 551 2782 saepe,
606 2697 1041 2784 gratissimum
1103 2697 1229 2760 sibi
1274 2719 1439 2783 esse,
1492 2695 1665 2780 quod
1708 2696 2008 2780 quierim,
2063 2700 2350 2783 oratque,

332 2788 400 2851 in
446 2808 521 2852 eo
567 2790 642 2850 ut
686 2806 1100 2886 perseverem.
1172 2784 1415 2849 Balbus
1460 2785 1672 2849 minor
1715 2783 1871 2848 haec
1916 2785 2135 2848 eadem
2174 2807 2350 2849 man-

331 2876 496 2939 data.
568 2874 705 2939 Iter
749 2877 962 2938 autem
999 2873 1136 2937 eius
1173 2877 1311 2937 erat
1348 2874 1427 2936 ad
1462 2870 1808 2936 Lentulum
1844 2873 2168 2937 consulem
2204 2894 2350 2938 cum

331 2964 570 3028 litteris
618 2961 907 3027 Caesaris
952 2960 1509 3046 praemiorumque
1555 2960 1921 3045 promissis,
1975 2961 2029 3024 si
2075 2960 2349 3025 Romam
2376 2989 2431 3029 so

332 3052 714 3116 revertisset.
798 3049 1059 3133 Verum,
1102 3071 1246 3113 cum
1289 3049 1497 3113 habeo
1542 3049 1856 3113 rationem
1893 3012 2157 3134 dierum,
2202 3054 2351 3115 ante

334 3144 493 3224 puto
539 3138 1004 3223 tramissurum,
1050 3159 1242 3222 quam
1286 3136 1573 3220 potuerit
1616 3137 1958 3201 conveniri.

264 3247 294 3294 6
465 3226 911 3310 Epistularum
963 3226 1225 3309 Pompei
1280 3225 1579 3309 duarum,
1642 3246 1800 3307 quas
1864 3224 1946 3289 ad
1995 3247 2098 3290 me
2152 3225 2350 3309 misit,

334 3315 807 3398 neglegentiam
843 3335 1176 3396 meamque
1211 3314 1282 3378 in
1311 3312 1717 3378 rescribendo
1746 3313 2147 3399 diligentiam
2172 3275 2352 3379 volui

335 3403 455 3466 tibi
501 3406 722 3465 notam
768 3423 921 3465 esse.
1013 3402 1255 3465 Earum
1300 3402 1590 3486 exempla
1634 3401 1714 3464 ad
1757 3406 1823 3465 te
1868 3402 2030 3465 misi.
2378 3429 2432 3470 ss

266 3506 294 3551 ’1
468 3486 758 3552 Caesaris
820 3487 928 3552 hic
992 3510 1105 3571 per
1156 3487 1464 3571 Apuliam
1525 3489 1604 3553 ad
1658 3488 2074 3554 Brundisium
2129 3511 2353 3556 cursus
