2642 3923
339 196 470 259 324
978 198 1052 253 Μ.
1091 197 1305 252 TULLI
1342 197 1714 253 CICERONIS

337 340 418 405 iis
463 341 707 423 possim
745 340 1086 405 incolumis
1125 362 1262 405 esse
1299 341 1700 425 salutemque
1737 364 1943 405 meam
1980 342 2355 407 benevolen-

336 430 467 493 tiae
511 431 660 493 tuae
705 432 1029 512 acceptam
1073 429 1326 494 referre.

1310 603 1392 670 H.

432 793 438 799 ,
507 727 621 783 Ser.
649 727 713 781 in
748 726 928 796 Epiro
966 727 1098 781 med.
1129 744 1197 782 m.
1227 726 1424 794 Mart„
1458 733 1522 782 ut
1555 727 1785 795 videtur,
1821 745 1873 781 a.
1905 730 2017 782 706
2054 729 2194 795 (48).

975 847 1231 904 CICERO
1270 847 1531 904 ATTICO
1570 849 1717 903 SAL.
2417 862 2444 901 ις

275 977 301 1025 ι
473 957 753 1023 Litteras
800 962 946 1023 tuas
994 958 1205 1042 accepi
1250 980 1346 1042 pr.
1381 955 1548 1022 Non.
1596 955 1779 1022 Febr.
1827 980 2030 1043 eoque
2072 958 2215 1041 ipso
2254 959 2359 1022 die

344 1068 420 1112 ex
496 1051 883 1111 testamento
952 1047 1121 1111 crevi
1190 1045 1629 1111 hereditatem.
1734 1046 1837 1110 Ex
1910 1046 2133 1111 multis
2195 1046 2357 1112 meis

342 1136 719 1199 miserrimis
783 1134 954 1201 curis
1009 1138 1108 1199 est
1162 1155 1290 1198 una
1344 1134 1581 1218 levata,
1646 1134 1729 1219 si,
1794 1137 1867 1199 ut
1914 1135 2167 1219 scribis,
2230 1135 2359 1199 ista

342 1224 664 1288 hereditas
719 1223 909 1287 fidem
963 1227 1028 1286 et
1080 1223 1317 1287 famam
1379 1245 1585 1286 meam
1642 1222 1811 1287 tueri
1854 1227 2100 1309 potest3
2164 1244 2359 1306 quam

345 1311 602 1396 quidem
654 1311 960 1397 intellego
1015 1315 1084 1375 te
1127 1310 1321 1375 etiam
1368 1310 1505 1374 sine
1549 1310 1903 1376 hereditate
1947 1312 2079 1375 tuis
2127 1310 2358 1395 opibus
2389 1339 2445 1378 ιο

273 1418 306 1464 2
344 1399 753 1464 defensurum
806 1400 1021 1463 fuisse.
1112 1397 1210 1464 De
1256 1399 1407 1463 dote
1453 1399 1623 1483 quod
1668 1399 1925 1484 scribis,
1976 1420 2090 1484 per
2136 1420 2358 1464 omnes

345 1487 497 1552 deos
540 1490 608 1552 te
653 1487 964 1571 obtestor,
1007 1490 1082 1551 ut
1126 1491 1335 1552 totam
1380 1509 1515 1551 rem
1562 1487 1873 1571 suscipias
1919 1491 1984 1551 et
2029 1488 2207 1551 illam
2243 1487 2359 1551 mi·

346 1597 555 1641 seram
608 1597 748 1640 mea
800 1576 988 1659 culpa
1042 1579 1108 1640 et
1161 1576 1568 1677 neglegentia
1620 1580 1840 1640 tueare
1891 1575 2051 1640 meis
2108 1576 2360 1661 opibus,

347 1664 401 1728 si
448 1685 610 1747 quae
657 1667 835 1748 sunt,
886 1662 1173 1748 tuisque,
1231 1665 1288 1728 si
1332 1664 1456 1727 tibi
1500 1664 1847 1729 molestum
1889 1685 2022 1729 non
2067 1665 2214 1747 erit,
2267 1664 2359 1728 fa-

345 1751 709 1817 cultatibus.
800 1751 964 1828 Quoi
1013 1752 1268 1836 quidem
1323 1752 1539 1817 deesse
1594 1752 1836 1838 omnia,
1885 1753 2057 1836 quod
2112 1752 2361 1837 scribis,
2391 1779 2445 1819 ιε

348 1840 610 1905 obsecro
656 1844 753 1925 te,
807 1840 942 1905 noli
987 1841 1141 1923 pati.
1230 1839 1311 1904 In
1356 1862 1518 1924 quos
1565 1840 1734 1905 enim
1781 1844 2077 1923 sumptus
2122 1840 2361 1905 abeunt

346 1929 593 1994 fructus
657 1928 1102 2013 praediorum?
1174 1925 1312 1993 Iam
1375 1928 1489 1994 illa
1541 1926 1652 1994 HS
1713 1944 1835 2023 Lx,
1897 1950 2059 2013 quae
2114 1929 2360 2014 scribiS,

344 2039 534 2083 nemo
579 2019 739 2082 mihi
785 2039 1090 2101 umquam
1136 2017 1301 2081 dixit
1345 2040 1423 2082 ex
1462 2018 1612 2082 dote
1648 2012 1788 2083 ess'e
1824 2018 2137 2104 detracta3
2179 2039 2362 2082 num-

347 2128 571 2208 quam
604 2106 775 2170 enim
829 2127 1034 2170 essem
1087 2126 1332 2189 passus.
1425 2103 1549 2170 Sed
1601 2106 1757 2172 haec
1811 2106 2079 2171 minima
2137 2108 2237 2171 est
2281 2128 2363 2170 ex

317 2195 428 2258 iis
484 2194 737 2259 iniuriis
751 2246 769 2280 ‚
824 2216 984 2277 quas
1043 2194 1279 2280 accepi3
1344 2194 1420 2258 de
1475 2194 1708 2279 quibus
1767 2193 1850 2259 ad
1902 2198 1967 2259 te
2023 2193 2240 2259 dolore
2294 2198 2360 2259 et
2391 2221 2446 2260 ιο

276 2300 309 2348 3
344 2282 625 2346 lacrimis
674 2282 950 2347 scribere
997 2282 1361 2366 prohibeor.
1432 2281 1535 2345 Ex
1581 2304 1655 2346 ea
1698 2282 1984 2385 pecunia,
2031 2305 2192 2367 quae
2233 2282 2362 2346 fuit

345 2371 416 2435 in
460 2370 634 2455 Asia,
693 2374 942 2454 partem
989 2370 1318 2434 dimidiam
1363 2371 1495 2435 fere
1540 2372 1740 2455 exegi.
1833 2370 2063 2435 Tutius
2107 2370 2364 2435 videba-

345 2463 455 2523 tur
500 2458 638 2522 fore
680 2458 793 2541 ibi,
837 2457 951 2522 ubi
996 2462 1113 2545 est,
1159 2481 1352 2543 quam
1398 2459 1565 2543 apud
1610 2459 2005 2560 publicanos.

481 2544 668 2622 Quod
726 2567 829 2611 me
890 2545 1203 2633 hortariS‚
1265 2552 1341 2611 ut
1397 2548 1585 2611 firmo
1645 2547 1768 2610 sim
1827 2547 2069 2632 anim0‚
2131 2546 2360 2611 vellem

346 2655 615 2806 ἕοεεθε
614 2634 860 2719 aliquid
902 2634 1164 2720 adferre,
1210 2657 1404 2719 quam
1450 2635 1534 2700 ob
1571 2657 1707 2699 rem
1742 2635 1808 2699 id
1844 2636 2049 2700 facere
2086 2656 2357 2718 possem.
2391 2661 2444 2700 25

396 2723 471 2786 ed
563 2722 621 2787 si
682 2723 762 2788 ad
819 2727 1060 2788 ceteras
1116 2724 1405 2788 miserias
1461 2723 1727 2788 accessit
1782 2722 1977 2789 etiam
2031 2723 2125 2805 id,
2191 2723 2361 2806 quod

346 2810 506 2874 mihi
552 2808 952 2895 Chrysippus
998 2811 1162 2875 dixit
1207 2813 1420 2895 parari
1467 2810 1573 2897 (tu
1615 2811 1782 2876 nihil
1829 2811 1885 2876 si
1982 2811 2236 2897 'ficasti)
2285 2812 2387 2875 de.

348 2899 566 2984 domo,
611 2899 756 2984 quis
803 2921 905 2963 me
949 2899 1241 2964 miserior
1286 2921 1416 2964 uno
1463 2901 1594 2964 iam
1637 2900 1807 2964 fuit?
1937 2922 2031 2984 ιο,
2078 2899 2362 2983 obsecr0,

345 2987 625 3071 ignosce.
696 2985 848 3051 Non
893 3009 1158 3071 possum
1197 2987 1384 3071 plura
1421 2988 1713 3053 scribere.
1786 2987 2039 3063 Quanto
2077 3008 2362 3052 maerore

347 3096 607 3178 urgear,
657 3076 948 3159 profecto
1009 3076 1199 3140 vides.
1294 3076 1478 3153 Quod
1533 3076 1589 3141 si
1633 3075 1795 3140 mihi
1840 3097 2172 3141 commune
2218 3098 2362 3139 cum
2390 3102 2445 3141 so

348 3163 576 3228 ceteris
622 3167 809 3247 esset,
857 3164 969 3247 qui
1013 3163 1309 3229 videntur
1354 3165 1424 3230 ιιι
1468 3164 1689 3230 eadem
1724 3186 1914 3229 causa
1951 3186 2107 3248 esse,
2152 3163 2362 3228 minor

347 3273 489 3315 mea
550 3250 737 3334 culpa
799 3251 1120 3317 videretur
1180 3257 1243 3316 et
1306 3274 1381 3317 eo
1446 3253 1848 3317 tolerabilior
1902 3257 2086 3317 esset.
2176 3250 2366 3317 Nunc

347 3337 514 3401 nihil
550 3342 667 3423 est,
714 3339 886 3423 quod
924 3341 1307 3425 consoletur,
1352 3341 1481 3406 nisi
1519 3339 1674 3425 quid
1710 3344 1783 3405 tu
1822 3341 2043 3427 efficiS‚
2080 3341 2137 3406 si
2171 3340 2360 3405 modo

349 3426 544 3488 etiam
598 3447 769 3490 nunc
825 3427 992 3491 effici
1038 3432 1279 3527 potest,
1335 3434 1410 3494 ut
1453 3450 1535 3494 ne
1582 3451 1707 3513 qua
1753 3429 2066 3514 singulari
2110 3428 2364 3493 adficiar

349 3512 714 3576 calamitate
760 3517 826 3578 et
868 3515 1118 3579 iniuria.
2393 3545 2444 3582 ιε,
