2642 3923
638 226 1148 281 EPISTULARUM
1185 227 1283 280 AD
1321 226 1647 281 ATTICUM
1683 227 1759 279 XI
1799 231 2023 279 14—16.
2206 225 2331 287 341

321 376 582 455 nerunt,
641 369 805 434 nihil
868 374 1138 453 possunt
1182 369 1307 433 nisi
1380 368 1592 433 timidi
1664 370 2033 433 existimari.
2142 368 2337 432 Multi

326 463 537 521 autem
587 463 758 543 sunt,
804 459 932 541 qui,
979 479 1380 543 quocumque
1425 458 1613 522 modo
1653 458 1733 521 ad
1769 458 1916 521 illos
1956 479 2023 521 se
2061 458 2337 540 recipere

322 546 559 631 volent,
594 547 991 629 recipientur.
1070 544 1210 622 Quo
1247 546 1461 609 minus
1499 546 1688 609 debes
1724 546 1945 609 mirari
1981 567 2112 609 non
2147 566 2337 630 posse

321 656 424 698 me
479 637 662 698 tanto
717 634 924 699 dolori
984 634 1298 699 resistere.
1391 631 1605 698 Solius
1653 635 1822 697 0111111
1867 656 2082 697 meum
2126 654 2338 717 pecca-

271 749 296 788 5
321 727 461 788 tum
516 722 752 807 corrigi
804 744 937 786 11011
989 726 1205 806 potest
1260 725 1326 787 et
1378 723 1652 787 fortasse
1716 721 1908 786 Laeli.
2002 719 2129 787 Sed
2183 721 2339 804 quid

323 832 425 875 me
472 810 536 873 id
570 810 785 875 levat?
849 809 1018 874 Nam
1058 807 1123 874 C.
1154 810 1412 895 quidem
1448 808 1743 874 Cassium
1779 811 1959 875 aiunt
1997 810 2337 875 consilium

322 898 788 964 Alexandream
833 898 1024 963 eundi
1068 899 1433 963 mutavisse.
2282 933 2285 938 ⁴

455 986 631 1051 Haec
684 987 762 1050 ad
816 991 883 1051 te
936 986 1177 1072 scribo,
1229 1009 1361 1051 non
1416 992 1491 1050 ut
1537 1009 1765 1070 querar
1819 991 2028 1050 tecum
2076 988 2152 1051 de
2196 1007 2337 1051 mea

323 1075 781 1159 sollicitudine,
834 1075 947 1139 sed
1000 1080 1074 1138 ut
1129 1095 1536 1160 cognoscam,
1592 1075 1817 1159 ecquid
1870 1079 1944 1139 tu
1991 1075 2069 1138 ad
2115 1097 2190 1139 ea
2235 1075 2335 1138 ad·

246 1191 294 1229 ιο
321 1163 517 1248 10100,
572 1186 732 1247 quae
787 1185 890 1227 me
946 1164 1320 1248 conficiunt3
1385 1163 1465 1227 ad
1521 1185 1681 1246 quae
1736 1184 1932 1247 gener
1986 1163 2224 1227 accedit
2271 1167 2336 1227 et

320 1256 547 1334 cetera,
603 1272 764 1335 quae
820 1251 974 1315 fletu
1029 1252 1346 1334 reprimor
1401 1273 1483 1315 ne
1538 1251 1826 1315 scribam.
1919 1250 2089 1327 Quin
2142 1252 2335 1315 etiam

320 1339 561 1422 Aesopi
611 1339 783 1403 filius
830 1361 931 1403 me
979 1340 1313 1404 excruciat.
1405 1338 1678 1403 Prorsus
1724 1340 1888 1403 nihil
1934 1340 2134 1426 abest,
2180 1340 2336 1423 quin

320 1428 441 1491 sim
487 1428 897 1491 miserrimus,
986 1426 1106 1490 Sed
1150 1428 1228 1491 ad
1272 1428 1554 1515 primum
1597 1433 1903 1513 revertor,
1950 1428 2104 1511 quid
2149 1432 2334 1510 putes

321 1516 700 1599 faciendum,
731 1517 1056 1580 occultene
1095 1516 1310 1599 aliquo
1339 1517 1606 1599 propius
1635 1516 2014 1581 veniendum
2053 1539 2134 1579 an
2160 1538 2334 1579 mare

242 1632 291 1670 15
320 1604 795 1668 transeundum.
889 1602 1057 1667 Nam
1101 1603 1208 1668 hic
1253 1605 1496 1667 maneri
1542 1604 1783 1668 diutius
1828 1626 1959 1668 non
2004 1607 2235 1688 potest.

451 1692 553 1757 De
613 1691 966 1756 Fufidianis
1032 1715 1227 1776 quare
1288 1691 1456 1756 nihil
1507 1694 1722 1775 potuit
1777 1692 2046 1756 confici?
2119 1690 2334 1757 Genus

320 1780 492 1844 0111111
538 1780 932 1845 condicionis
972 1781 1107 1844 eius
1154 1780 1330 1844 modi
1366 1781 1510 1863 fuit,
1557 1780 1625 1843 in
1663 1802 1789 1864 quo
1825 1802 1959 1845 non
1996 1780 2160 1845 solet
2197 1803 2333 1844 esse

320 1869 782 1955 controversia,
845 1890 991 1932 cum
1045 1890 1119 1932 ea
1171 1890 1348 1952 pars,
1413 1889 1576 1951 quae
1624 1869 1876 1932 videtur
1922 1890 2060 1933 esse
2105 1870 2333 1953 minor,

317 1957 676 2022 licitatione
741 1956 982 2041 expleri
1048 1960 1284 2040 posset.
1386 1955 1528 2021 Hoc
1592 1978 1710 2041 ego
1763 1979 1894 2021 non
1957 1958 2093 2039 sine
2145 1980 2334 2022 causa

240 2074 292 2112 τεο
321 2050 583 2130 quaem.
680 2043 988 2128 Suspicor
1061 2045 1231 2109 enim
1304 2045 1643 2109 coheredes
1716 2045 1974 2110 dubiam
2045 2051 2335 2110 nostram

319 2156 577 2198 causam
623 2138 852 2217 putare
898 2139 961 2197 et
1009 2155 1084 2197 eo
1130 2156 1267 2199 rem
1303 2135 1373 2198 in
1409 2133 1664 2218 integro
1703 2156 1839 2198 esse
1876 2135 2082 2199 malle.
2157 2134 2332 2198 Vale.

315 2221 417 2287 Pr.
456 2220 606 2286 Idus
654 2220 873 2286 Maias,

1242 2396 1414 2462 XVI.

674 2519 786 2574 Ser.
816 2519 1094 2572 Brwndisi
1129 2518 1242 2572 III
1268 2519 1417 2572 Non.
1448 2520 1577 2573 Iwm
1607 2537 1658 2574 a.
1692 2523 1802 2574 707
1839 2524 1975 2587 (47).

239 2656 289 2695 25
955 2640 1209 2699 CICERO
1249 2641 1511 2696 ATTICO
1553 2641 1699 2696 SAL.

451 2749 604 2814 Non
648 2772 790 2814 meo
837 2750 996 2813 vitio
1043 2749 1118 2812 fit
1163 2747 1286 2813 hoc
1331 2749 1587 2833 quidem
1622 2755 1911 2833 tempore
1950 2750 2127 2837 (ante
2163 2753 2333 2816 enim

320 2843 419 2902 est
478 2837 866 2923 peccatum),
928 2841 1001 2900 ut
1066 2858 1168 2901 1110
1222 2838 1351 2901 ista
1407 2838 1681 2921 epistula
1734 2840 1899 2903 nihil
1952 2841 2330 2905 consoletur.

322 2925 489 2990 Nam
528 2930 592 2990 et
630 2927 856 3011 exigue
893 2927 1132 3008 scripta
1170 2929 1268 2988 est
1305 2930 1370 2989 et
1407 2927 1802 3009 suspiciones
1838 2949 2102 3012 magnas
2137 2929 2333 2992 habet

320 3036 453 3078 non
494 3035 632 3077 esse
670 3013 750 3077 ab
786 3014 929 3099 illo;
978 3035 1136 3097 quas
1174 3013 1700 3079 animadvertisse
1737 3020 1802 3079 te
1838 3017 2154 3081 existimo
2236 3017 2333 3082 De

240 3131 295 3170 ³0
322 3102 578 3166 obviam
622 3102 824 3166 itione
866 3102 962 3166 ita
1006 3101 1252 3187 faciam,
1298 3107 1374 3166 ut
1409 3103 1650 3168 suades.
1724 3102 1948 3188 Neque
1995 3106 2165 3169 enim
2201 3106 2334 3169 ulla

321 3191 397 3255 de
444 3191 720 3254 adventu
765 3191 900 3254 eius
949 3190 1167 3273 opinio
1214 3194 1331 3277 est,
1382 3212 1605 3274 neque,
1651 3192 1706 3256 si
1753 3194 1864 3276 qui
1910 3216 1987 3258 ex
2032 3193 2189 3257 Asia
2231 3216 2333 3259 ve-

320 3279 537 3364 niunt,
591 3279 932 3362 quicquam
988 3278 1276 3343 auditum
1333 3301 1468 3343 esse
1523 3279 1743 3344 dicunt
1797 3282 1873 3346 de
1918 3304 2091 3366 pace3
2150 3282 2332 3345 cuius

323 3388 440 3452 ego
501 3389 612 3449 spe
665 3367 734 3429 in
785 3367 951 3431 hanc
1003 3366 1290 3430 fraudem
1346 3367 1556 3431 incidi.
1648 3367 1832 3432 Nihil
1890 3370 2097 3452 video,
2164 3370 2333 3453 quod

323 3455 705 3539 sperandum
750 3459 996 3539 putem,
1049 3477 1219 3519 1111110
1263 3457 1671 3543 praesertim,
1724 3479 1866 3521 cum
1914 3480 1988 3520 ea
2030 3457 2220 3542 plaga
2263 3459 2334 3521 in

242 3572 293 3611 ³5
319 3543 476 3608 Asia
521 3545 607 3608 sit
654 3548 938 3629 accepta,
992 3544 1060 3607 in
1106 3543 1394 3628 Illyrico,
1449 3545 1518 3607 in
1566 3543 1869 3609 Cassiano
1916 3546 2206 3631 negotio,
2264 3547 2333 3609 in
