2642 3923
347 193 432 256 50
985 193 1059 247 M.
1098 193 1309 248 TULLI
1347 192 1723 248 CICERONIS

279 353 308 397 3
346 336 541 421 gium.
631 334 934 422 Hercule,
977 358 1199 400 verum
1243 340 1318 400 ut
1362 336 1727 436 loquamur,
1781 335 2363 401 subcontumeliose

345 428 663 488 tractatur
707 428 927 488 noster
969 423 1256 509 Publius,
1300 424 1579 507 primum
1630 425 1758 508 qui,
1804 446 1949 489 cum
1994 423 2166 487 domi
2214 421 2364 488 Cae-

348 512 508 577 saris
558 511 877 595 quondam
924 534 1090 576 unus
1124 513 1224 577 vir
1268 512 1483 597 fuerit,
1530 534 1698 577 nunc
1734 535 1812 576 ne
1850 513 1916 576 in
1953 512 2189 596 viginti
2227 513 2360 596 qui-

347 600 491 665 dem
538 621 672 665 esse
717 601 1028 685 potuerit3
1084 600 1309 665 deinde
1356 600 1481 665 alia
1527 601 1765 685 legatio
1813 600 1982 665 dicta
2028 604 2192 685 erat,
2238 599 2363 664 alia

347 688 499 753 data
543 693 655 753 est.
729 687 851 752 Illa
896 688 1109 772 opima
1153 691 1233 752 ad
1279 688 1619 774 exigendas
1666 689 1965 772 pecunias
2010 687 2242 772 DruSO‚
2288 693 2361 752 ut
2416 714 2441 754 5

348 778 595 863 opinor,
638 775 1005 841 Pisaurensi
1053 799 1133 840 an
1178 777 1437 861 epuloni
1474 776 1739 842 Vatinio
1774 781 2161 861 reservatur,
2206 776 2362 842 haec

346 864 561 930 ieiuna
604 865 925 930 tabellarii
970 865 1211 950 legatio
1257 865 1447 929 datur
1493 865 1576 949 ei,
1632 865 1814 930 cuius
1866 865 2235 930 tribunatus
2283 865 2362 929 ad

346 952 621 1018 istorum
660 958 953 1037 tempora
986 957 1364 1019 reservatur.
1437 951 1709 1018 Incende
1744 951 2087 1038 hominem,
2133 952 2361 1018 amabo

346 1044 437 1125 te,
503 1040 674 1125 quod
736 1046 937 1125 potes.
1027 1040 1174 1107 Una
1232 1063 1378 1125 spes
1437 1045 1535 1106 est
1593 1042 1821 1106 salutis
1875 1042 2149 1106 istorum
2192 1041 2363 1105 inter

348 1129 525 1213 ipsos
590 1129 929 1215 dissensio3
993 1131 1174 1194 cuius
1238 1150 1358 1214 ego
1424 1130 1735 1214 quaedam
1799 1128 1985 1195 initia
2049 1129 2219 1194 sensi
2283 1152 2359 1194 ex
2389 1156 2441 1194 ιο

350 1215 642 1283 Curione.
734 1217 872 1281 Iam
929 1239 1080 1282 vero
1136 1216 1367 1282 Arrius
1429 1218 1832 1282 consulatum
1892 1219 2016 1282 sibi
2073 1223 2360 1301 ereptum

346 1306 590 1390 fremit3
635 1305 1104 1390 Megabocchus
1149 1311 1214 1370 et
1258 1305 1416 1369 haec
1454 1306 1865 1391 sanguinaria
1901 1306 2199 1370 iuventus
2247 1306 2362 1370 ini-

346 1394 698 1459 ’micissima
744 1398 858 1458 est.
949 1393 1230 1458 Accedat
1275 1415 1456 1478 vero,
1510 1394 1766 1459 accedat
1810 1395 2003 1459 etiam
2053 1395 2178 1459 ista
2224 1396 2363 1458 rixa

350 1488 716 1567 auguratus.
809 1480 1007 1566 Spero
1071 1504 1174 1546 me
1232 1483 1589 1565 praeclaras
1649 1483 1726 1546 de
1789 1482 1934 1547 istis
1989 1482 2178 1548 rebus
2235 1483 2361 1566 epi-

353 1572 554 1634 stulas
603 1572 682 1634 ad
726 1574 793 1635 te
838 1588 1025 1653 saepe
1070 1570 1432 1634 missurum.
2391 1598 2443 1639 15

279 1679 311 1724 4
482 1657 606 1723 Sed
650 1658 812 1723 illud
858 1660 1011 1761 quid
1059 1659 1163 1744 sit,
1210 1659 1370 1723 scire
1415 1660 1623 1760 cupio,
1668 1659 1839 1743 quod
1894 1660 2046 1723 iacis
2094 1658 2362 1724 obscure

348 1746 476 1811 iam
518 1746 713 1811 etiam
749 1768 826 1811 ex
865 1747 1022 1830 ipsis
1061 1747 1344 1831 quinque
1380 1748 1537 1811 viris
1574 1748 1752 1830 loqui
1792 1748 2117 1832 quosdam
2174 1746 2362 1823 Quid-

349 1857 495 1899 nam
541 1835 607 1898 id
653 1835 794 1900 est?
871 1834 940 1899 Si
978 1840 1075 1900 est
1121 1836 1290 1899 enim
1328 1836 1588 1922 aliquid,
1634 1837 1779 1918 plus
1817 1840 1916 1900 est
1954 1836 2126 1921 boni,
2172 1858 2362 1919 quam

350 1927 659 2007 putaram.
732 1923 950 2009 Atque
994 1921 1152 1988 haec
1197 1924 1289 1989 sic
1323 1924 1517 1989 velim
1563 1924 1888 1989 existimes
1932 1946 2063 1989 non
2108 1945 2209 1989 me
2248 1924 2362 1989 abs

350 2017 414 2077 te
457 2014 619 2077 κατὰ
663 2012 739 2078 τὸ
792 2014 1154 2096 πρακτικὸν
1209 2034 1534 2097 quaerere,
1595 2013 1767 2096 quod
1822 2014 2059 2098 gestiat
2113 2013 2362 2076 animus
2391 2041 2445 2080 20

349 2101 592 2184 aliquid
653 2121 838 2186 agere
897 2101 990 2164 in
1023 2123 1090 2164 re
1148 2101 1421 2183 publica.
1512 2099 1650 2166 Iam
1708 2101 1952 2185 pridem
2008 2101 2364 2187 gubernare

348 2211 448 2252 me
495 2189 809 2272 taedebat,
856 2190 1046 2253 etiam
1096 2210 1239 2252 cum
1286 2189 1549 2274 licebat;
1593 2212 1765 2255 nunc
1799 2212 1949 2254 vero
1988 2211 2132 2254 cum
2170 2210 2363 2272 cogar

349 2277 519 2340 exire
566 2277 644 2341 de
689 2277 837 2341 navi
895 2298 1025 2341 non
1084 2277 1378 2364 abiectis,
1432 2278 1539 2341 sed
1601 2279 1837 2361 ereptis
1898 2278 2365 2363 gubernaculis,

347 2366 534 2448 cupio
579 2366 855 2429 istorum
900 2364 1234 2449 naufragia
1271 2387 1348 2429 ex
1393 2369 1565 2430 terra
1610 2367 1866 2451 intueri,
1911 2366 2119 2451 cupio,
2162 2370 2236 2430 ut
2273 2366 2364 2429 ait

347 2456 497 2516 tuus
545 2453 783 2518 amicus
831 2451 1196 2539 SophocleS,
2392 2482 2445 2521 2⁵

1444 2576 1590 2642 ’κᾶν
1635 2578 1766 2643 ὑπὸ
1814 2576 2008 2663 στέγῃ

595 2675 848 2749 πυκνῆς
896 2665 1165 2730 ἀκούειν
1210 2667 1505 2743 ψακάδος
1552 2666 1838 2752 εὑδούσῃ
1886 2665 2121 2751 φρενίῖ

286 2846 317 2893 ει
480 2821 578 2888 De
614 2845 800 2889 muro
840 2824 993 2908 quid
1031 2845 1191 2908 opus
1231 2824 1334 2908 sit,
1372 2824 1632 2889 videbis.
1694 2822 2160 2889 Castricianum
2191 2846 2363 2888 men-

346 2912 497 2976 dum
556 2933 675 2977 nos
735 2913 1159 2997 corrigemus,
1218 2916 1281 2976 et
1342 2917 1559 2976 tamen
1617 2913 1695 2977 ad
1754 2935 1855 2977 me
1916 2911 2191 2988 Quintus
2249 2910 2361 2976 HS

349 3017 543 3068 ccmo
573 3018 683 3068 100
714 3001 1074 3086 scripserat,
1109 3001 1300 3085 †non
1329 3001 1407 3064 ad
1446 3023 1732 3065 sororem
1761 3006 1940 3064 tuam
1968 2999 2078 3065 HS
2116 3002 2278 3065 iffi.
2308 3024 2362 3065 a.
2390 3028 2444 3068 ao

348 3088 646 3153 Terentia
699 3088 824 3153 tibi
879 3088 1151 3153 salutem
1209 3089 1380 3153 dicit.
1485 3087 1704 3155 Cicero
1761 3089 1882 3153 tibi
1938 3088 2226 3176 mandat,
2288 3093 2361 3153 ut

348 3176 756 3241 Aristodemo
794 3176 961 3241 idem
998 3176 1075 3240 de
1113 3198 1181 3241 se
1215 3177 1617 3263 respondeas,
1665 3176 1836 3261 quod
1872 3176 1950 3241 de
1983 3177 2184 3242 fratre
2227 3199 2362 3261 su0,

348 3264 588 3328 sororis
633 3269 784 3329 tuae
826 3265 981 3350 filio,
1025 3264 1429 3348 respondisti.
1505 3264 1601 3331 De
1638 3265 2002 3351 Ἀμαλθείᾳ
2046 3266 2216 3348 quod
2259 3287 2363 3330 me

349 3351 670 3438 admoneS,
713 3373 845 3416 non
889 3352 1317 3437 neglegemus.
1412 3351 1599 3438 Oura,
1643 3358 1717 3417 ut
1762 3354 1990 3417 valeas
