2642 3923
507 220 1022 277 EPISTULARUM
1059 222 1157 275 AD
1194 220 1523 277 ATTICUM
1559 221 1690 277 ΧΙΠ
1731 228 1958 278 31-33.
2128 223 2261 287 419

241 365 609 449 Torquatus
653 363 981 430 Romaest.
1070 364 1242 450 Misi,
1295 369 1370 429 ut
1415 364 1538 430 tibi
1587 366 1862 431 daretur.
1959 364 2263 430 Catulum
2299 382 2333 431 3

243 459 309 518 31
353 453 726 539 Lucullum,
779 457 855 517 ut
901 454 1155 538 opinor,
1211 458 1416 519 antea.
1505 452 1627 517 His
1676 453 1862 518 libris
1907 475 2075 518 nova
2118 476 2263 538 pro·
2340 474 2343 477 ·

243 542 498 607 hoemia
556 546 708 606 sunt
762 541 1004 623 addita,
1061 541 1295 625 quibus
1354 563 1574 606 eorum
1630 546 1899 626 uterque
1943 542 2259 607 laudatur.

243 630 375 695 Eas
429 631 681 695 litteras
726 631 873 695 volo
926 629 1165 694 habeas
1175 681 1193 714 ,
1248 634 1312 693 et
1368 634 1521 694 sunt
1567 631 1877 714 quaedam
1921 631 2061 695 alia.
2154 630 2262 714 Et,

194 746 218 786 5
248 719 420 803 quod
455 719 536 783 ad
571 722 637 783 te
674 718 750 785 de
789 717 1003 782 decem
1039 717 1271 803 legatis
1309 717 1556 803 scripsi,
1602 741 1831 802 parum
1868 718 2262 802 intellexisti,
2390 776 2401 784 .

245 807 458 894 credo,
518 805 668 891 quia
712 808 825 871 διὰ
872 809 1160 889 σημείων
1207 807 1598 890 scripseram.
1689 805 1787 871 De
1837 804 1902 872 C.
1940 806 2261 871 Tuditano

246 896 418 960 enim
465 895 874 979 quaerebam,
935 916 1127 978 quem
1171 917 1250 959 ex
1295 893 1645 959 Hortensio
1694 895 2017 959 audieram
2062 895 2303 960 fuisse·

245 984 315 1048 in
368 984 598 1048 decem.
690 982 863 1047 Eum
907 983 1090 1047 video
1136 983 1207 1046 in
1250 981 1520 1047 Libonis
1565 987 1928 1067 praetorem
1968 983 2038 1047 P.
2074 983 2261 1067 Popi-

244 1072 364 1157 lio,
414 1071 483 1137 P.
519 1070 785 1155 Rupilio
843 1091 986 1136 0088.
1079 1069 1285 1135 Annis
1332 1089 1486 1135 xlm
1532 1075 1704 1156 ante,
1766 1093 1958 1155 quam
2002 1075 2262 1155 praetor

170 1187 220 1226 ιο
246 1161 454 1225 factus
500 1163 629 1245 est,
676 1161 928 1244 legatus
974 1181 1111 1224 esse
1156 1160 1502 1243 potuisset,
1555 1160 1682 1223 nisi
1729 1160 2068 1224 admodum
2118 1181 2260 1224 sero

248 1252 550 1333 quaestor
595 1253 754 1313 esset
798 1247 1051 1312 factus?
1108 1248 1282 1331 quod
1316 1270 1450 1312 non
1486 1248 1781 1313 arbitror.
1848 1246 2054 1312 Video
2092 1248 2264 1312 enim

247 1337 497 1402 curules
553 1338 971 1421 magistratus
1025 1358 1171 1399 eum
1224 1336 1533 1420 legitimis
1589 1337 1773 1400 annis
1820 1336 2122 1420 perfacile
2167 1358 2263 1401 33-

246 1427 435 1510 pisse.
523 1424 931 1489 Postumium
990 1428 1231 1507 autem,
1294 1425 1475 1488 cuius
1537 1428 1818 1489 statuam
1881 1425 1949 1488 in
2008 1423 2260 1489 Isthmo

247 1514 612 1578 meminisse
669 1517 733 1576 te
794 1513 977 1595 dicis,
1031 1511 1388 1576 nesciebam
1441 1513 1657 1578 fuisse.
1747 1511 1815 1577 Is
1869 1517 2086 1577 autem
2145 1518 2262 1596 est,

169 1629 220 1668 1⁵
249 1603 361 1686 qui
405 1622 517 1667 cos,
566 1622 711 1664 311111
756 1599 830 1665 L.
870 1598 1135 1663 Lucullo
1183 1600 1336 1683 fuit3
1397 1622 1587 1684 quem
1632 1605 1707 1664 tu
1752 1599 1913 1664 mihi
1959 1600 2263 1665 addidisti

250 1711 402 1754 sane
462 1689 543 1753 ad
593 1688 781 1752 illum
827 1688 1168 1769 ,σύλλογον
1212 1710 1553 1771 personam
1599 1688 1906 1753 idoneam.
1997 1688 2263 1753 Videbis

243 1776 470 1863 igitur,
528 1777 584 1840 si
628 1776 890 1860 poteris,
936 1780 1201 1860 ceteros,
1245 1780 1319 1839 ut
1365 1776 1690 1860 possimus
1735 1787 2111 1861 πομπεῦσαι
2154 1774 2264 1842 καὶ

250 1877 389 1942 τοῖς
432 1866 827 1946 προσώποις.
2304 1876 2307 1877 ’

1108 2039 1407 2105 ΧΧΧΙΠ.

170 2176 223 2215 so
266 2153 272 2161 ’
542 2162 655 2217 Ser.
683 2163 747 2216 in
789 2162 1098 2216 Tusculano
1132 2162 1247 2215 III
1273 2162 1422 2217 Non.
1453 2162 1582 2217 Iun.
1613 2180 1663 2217 a.
1696 2166 1807 2218 709
1844 2166 1981 2231 (45).

857 2284 1145 2340 CICERO
1180 2285 1472 2340 ATTICO
1508 2285 1672 2341 SAL.

391 2393 445 2460 Ο
476 2393 950 2480 neglegentiam
986 2394 1240 2458 miram!
1287 2393 1577 2458 Semelne
1613 2399 1802 2478 putas
1839 2394 1999 2458 mihi
2028 2394 2266 2459 dixisse
2307 2414 2333 2461 1

251 2482 525 2547 Balbum
563 2486 629 2547 et
662 2481 1005 2546 Faberium
1043 2482 1507 2565 professionem
1545 2484 1856 2546 relatam?
1924 2483 2034 2566 qui
2072 2483 2267 2547 etiam

254 2593 473 2635 eorum
517 2571 696 2635 iussu
732 2570 1036 2655 miserim,
1084 2571 1196 2654 qui
1233 2571 1660 2654 profiteretur.
1734 2570 1837 2636 Ita
1875 2571 2042 2634 enim
2083 2593 2267 2654 opor-

173 2687 223 2726 25
251 2664 386 2723 tere
424 2658 736 2724 dicebant.
790 2658 1124 2723 Professus
1162 2663 1260 2723 est
1291 2658 1682 2723 Philotimus
1719 2660 2006 2723 libertus.
2053 2657 2266 2746 Nosti,

252 2748 437 2812 credo
449 2799 466 2830 ,
526 2747 877 2812 librarium.
969 2746 1094 2811 Sed
1148 2747 1388 2811 scribes
1448 2751 1514 2811 et
1572 2748 1831 2831 quidem
1890 2748 2264 2813 confectum.

251 2834 357 2900 Ad
399 2833 762 2918 Faberium,
806 2840 880 2900 ut
924 2835 1047 2899 tibi
1091 2836 1318 2918 placet,
1362 2835 1616 2900 litteras
1663 2837 1827 2919 misi,
1872 2858 2019 2900 cum
2060 2836 2263 2901 Balbo
2303 2856 2336 2903 2

253 2928 469 2988 autem
523 2927 681 3007 puto
737 2929 803 2989 13
862 2923 1105 3007 aliquid
1158 2924 1381 2988 fecisse
1434 2925 1480 3005 -ζ-
1498 2922 1578 2987 Η.
1634 2924 1704 2987 111
1758 2922 2099 3007 Capitolio,
2189 2923 2268 2989 In

252 3011 545 3097 Vergilio
592 3011 755 3076 mihi
789 3013 967 3075 nulla
1006 3016 1103 3075 est
1140 3013 1451 3088 δυςωπία.
1524 3011 1661 3077 Ν33
1697 3012 1865 3076 enim
1902 3012 2039 3077 eius
2077 3034 2267 3077 causa

174 3129 227 3168 30
254 3121 406 3165 sane
463 3100 687 3185 debeo,
741 3104 829 3183 et,
886 3102 942 3164 si
997 3122 1237 3185 emer0,
1290 3101 1448 3184 quid
1505 3101 1656 3184 erit,
1712 3100 1883 3185 quod
1937 3102 2265 3184 postulet?

254 3186 378 3254 Sed
424 3188 689 3274 videbis,
731 3210 813 3253 113
858 3188 914 3252 13
962 3193 1100 3252 tum
1147 3188 1234 3252 sit
1277 3189 1349 3252 in
1394 3188 1613 3252 Africa
1658 3193 1733 3253 ut
1781 3186 2052 3253 Caelius.

385 3275 483 3340 De
526 3277 785 3341 nomine
829 3281 903 3340 tu
947 3276 1193 3340 videbis
1229 3299 1374 3340 cum
1425 3275 1668 3359 Cispi03
1716 3277 1842 3362 sed,
1890 3277 1945 3341 si
1990 3276 2264 3340 Plancus

254 3366 560 3449 destinat,
614 3369 754 3429 tum
805 3365 1003 3429 habet
1056 3386 1157 3429 res
1204 3365 1664 3430 difficultatem.
1760 3364 1849 3429 Te
1896 3365 1976 3428 ad
2018 3387 2137 3429 1113.
2164 3386 2267 3428 ve·

251 3454 391 3518 nire
444 3458 712 3536 uterque
765 3458 1062 3518 nostrum
1108 3453 1311 3537 cupit3
1378 3453 1488 3518 sed
1532 3454 1660 3517 ista
1704 3474 1804 3516 res
1849 3453 2027 3517 nullo
2073 3452 2265 3517 modo

174 3568 226 3609 ³5
253 3542 669 3626 relinquenda
731 3545 847 3609 est.
948 3540 1269 3606 Othonem
1334 3541 1506 3625 quod
1563 3562 1779 3624 speras
1835 3561 2024 3625 posse
2078 3541 2267 3624 vinci,

1845 3641 1950 3696 2⁷¹·
