2642 3923
359 211 485 277 194
995 213 1069 267 M.
1109 212 1324 269 'PULLI
1359 212 1734 270 CICERONIS

355 356 477 421 bus
532 356 699 422 nihil
752 360 864 421 aut
921 377 1056 422 non
1107 359 1387 422 multum
1442 359 1523 422 ad
1577 358 1957 442 dignitatem
2009 362 2229 441 posset
2275 379 2373 423 ac-

355 445 589 511 cedere.

286 549 319 598 6
487 532 554 598 N
554 555 677 599 unc
735 534 923 599 venio
985 533 1064 598 ad
1121 533 1401 619 privata3
1465 534 1597 599 fere
1660 535 1830 598 enim
1884 533 2185 618 respondi
2237 535 2369 598 tuis

356 622 594 686 litteris
641 622 718 686 de
763 643 832 687 re
878 622 1135 706 publica
1171 626 1236 686 et
1272 622 1375 707 iis,
1420 643 1578 706 quas
1623 623 1693 685 in
1728 622 2117 708 suburbano,
2161 626 2227 686 et
2271 623 2372 709 iis,

359 731 518 794 quas
555 714 781 794 postea
817 710 1149 794 scripsisti.
1214 710 1318 775 Ad
1354 711 1606 794 privata
1642 711 1847 776 venio.
1919 709 2137 776 Unum
2175 711 2369 775 etiam
2424 736 2451 776 s

356 798 434 862 de
494 797 726 864 Caelio.
819 798 1100 863 Tantum
1157 800 1367 882 abest,
1429 803 1504 863 ut
1562 820 1768 863 meam
1821 799 1931 863 ille
1987 800 2365 864 sententiam

355 890 626 971 moveat,
672 890 746 951 ut
790 887 972 951 valde
1018 907 1137 973 ego
1183 886 1339 972 ipsi,
1392 887 1562 972 quod
1612 887 1687 951 de
1744 908 1859 951 sua
1904 888 2223 954 sententia
2268 887 2369 951 de—

356 976 645 1058 cesserit,
700 975 1153 1060 paenitendum
1210 978 1448 1059 putem.
1541 975 1664 1041 Sed
1711 974 1865 1060 quid
1909 979 2034 1060 est,
2096 975 2267 1060 quod
2310 975 2371 1040 ei

354 1063 479 1127 vici
515 1062 742 1128 Luccei
788 1064 918 1127 sint
954 1063 1231 1128 addicti?
1304 1062 1447 1128 Hoc
1491 1067 1557 1127 te
1603 1064 2109 1148 praetermisisse
2152 1064 2368 1129 miror.

288 1167 319 1216 7
357 1149 455 1215 De
511 1150 860 1215 Philotimo
920 1152 1151 1216 faciam
1210 1151 1532 1236 equidem,
1600 1155 1675 1216 ut
1734 1173 1973 1217 mones
2065 1149 2188 1216 Sed
2248 1173 2368 1237 ego
2398 1177 2452 1217 ιο

357 1239 518 1303 mihi
572 1240 653 1303 ab
707 1239 821 1305 illo
875 1240 999 1305 hoc
1051 1243 1339 1324 tempore
1396 1261 1528 1304 non
1573 1239 1856 1305 rationes
1903 1239 2369 1324 exspectabam,

359 1349 517 1411 quas
579 1327 704 1392 tibi
765 1327 990 1412 edidit,
1050 1350 1273 1394 verum
1338 1328 1405 1391 id
1457 1329 1802 1412 reliquum,
1867 1328 2040 1412 quod
2101 1329 2242 1412 ipse
2302 1328 2371 1391 in

358 1416 718 1481 Tusculano
786 1437 888 1481 me
949 1416 1186 1481 referre
1249 1417 1319 1480 in
1382 1417 1909 1482 commentarium
1971 1438 2113 1481 mea
2176 1438 2370 1480 manu

355 1504 581 1589 voluit,
625 1504 923 1589 quodque
966 1504 1135 1569 idem
1177 1504 1247 1568 in
1281 1503 1442 1570 Asia
1478 1504 1640 1568 mihi
1678 1526 1793 1569 sua
1830 1527 2024 1569 manu
2061 1505 2370 1589 scriptum

361 1593 550 1657 dedit.
645 1592 720 1656 Id
783 1592 840 1659 si
901 1597 1285 1679 praestaret,
1350 1599 1661 1677 quantum
1723 1592 1884 1656 mihi
1947 1593 2112 1658 aeris
2179 1593 2372 1657 alieni
2399 1618 2454 1660 ιε

359 1702 498 1745 esse
542 1680 668 1745 tibi
714 1679 928 1767 edidit,
972 1684 1227 1746 tantum
1273 1684 1339 1745 et
1384 1681 1531 1764 plus
1568 1682 1763 1745 etiam
1807 1681 1969 1746 mihi
2004 1682 2144 1765 ipse
2190 1680 2371 1745 debe-

357 1772 472 1834 ret.
565 1768 689 1835 Sed
734 1769 804 1833 in
855 1768 979 1834 hoc
1032 1790 1290 1855 genere,
1350 1769 1407 1833 si
1464 1769 1652 1834 modo
1713 1789 1824 1852 per
1869 1790 2005 1833 rem
2049 1769 2370 1853 publicam

357 1857 597 1944 licebit,
639 1878 770 1922 non
816 1857 1256 1922 accusabimur
1300 1856 1588 1943 posthac,
1632 1878 1839 1941 neque
1882 1857 2140 1922 hercule
2186 1862 2373 1922 antea

356 1946 767 2032 neglegentes
821 1945 1062 2010 fuimus
1071 1998 1090 2031 ,
1153 1946 1265 2011 sed
1318 1946 1668 2011 amicorum
1728 1946 2141 2012 multitudine
2196 1968 2373 2012 occu-

357 2035 511 2120 pati.
593 2035 771 2121 Ergo
818 2039 1093 2121 utemur,
1137 2039 1211 2100 ut
1255 2034 1598 2121 polliceris,
1645 2038 1709 2099 et
1757 2056 1948 2119 opera
1993 2038 2058 2098 et
2102 2035 2370 2100 consilio
2401 2061 2458 2101 πο

285 2140 320 2188 8
359 2128 472 2188 tuo
517 2143 635 2187 nee
679 2123 805 2187 tibi
849 2123 1106 2208 erimus,
1149 2127 1224 2187 ut
1270 2144 1477 2207 sper0,
1519 2122 1592 2187 in
1635 2144 1711 2189 eo
1757 2122 2030 2188 molesti.
2103 2122 2202 2188 De
2247 2146 2373 2188 ser-

358 2212 664 2295 perastris
724 2211 1008 2276 cohortis
1068 2232 1245 2276 meae
1305 2210 1474 2275 nihil
1531 2216 1630 2276 est
1691 2212 1862 2294 quod
1916 2211 2149 2279 doleas.
2238 2210 2371 2295 Ipsi

359 2300 528 2363 enim
602 2321 669 2363 se
741 2299 1135 2384 collegerunt
1209 2299 1629 2364 admiratione
1701 2300 2097 2384 integritatis
2179 2321 2371 2365 meae.

361 2388 484 2453 Sed
527 2408 629 2452 me
673 2392 961 2452 moverat
1004 2408 1194 2452 nemo
1230 2387 1437 2473 magis
1477 2409 1669 2471 quam
1706 2388 1782 2472 is,
1830 2409 2020 2472 quem
2066 2392 2141 2453 tu
2175 2388 2373 2453 nemi-

355 2498 504 2540 nem
541 2479 748 2559 putas.
820 2473 998 2540 Idem
1035 2480 1100 2540 et
1135 2477 1325 2540 initio
1363 2476 1573 2540 fuerat
1611 2479 1675 2540 et
1711 2498 1883 2540 nunc
1919 2480 2017 2541 est
2056 2476 2370 2562 egregius.
2401 2502 2456 2542 π

361 2563 483 2628 Sed
528 2564 596 2629 in
641 2564 784 2648 ipsa
828 2564 1190 2629 decessione
1235 2564 1624 2649 significavit
1670 2584 1958 2648 sperasse
2015 2586 2084 2630 se
2131 2565 2375 2650 aliquid

359 2657 423 2716 et
468 2652 561 2738 id,
616 2651 787 2736 quod
832 2652 1116 2718 animum
1160 2652 1527 2736 induxerat,
1584 2653 1910 2736 paulisper
1961 2673 2096 2718 non
2148 2654 2375 2737 tenuit,

361 2742 470 2806 sed
516 2741 646 2805 cito
693 2741 772 2805 ad
817 2762 886 2805 se
930 2741 1123 2805 rediit
1168 2740 1456 2825 meisque
1499 2740 2186 2806 honorificentissumis
2225 2762 2376 2827 erga

362 2851 429 2895 se
495 2828 723 2893 officiis
782 2829 994 2893 ⁴victus
1057 2828 1263 2914 pluris
1319 2851 1393 2893 ea
1447 2828 1632 2893 duxit
1695 2849 1888 2912 quam
1953 2850 2206 2894 omnem
2271 2852 2375 2914 pe-

360 2918 629 2984 cuniam.
2404 2942 2461 2983 so

290 3022 322 3070 9
491 3006 636 3090 Ego
694 3028 730 3070 a
785 3004 981 3070 Curio
1036 3005 1291 3070 tabulas
1348 3006 1586 3089 accepi,
1646 3026 1804 3089 quas
1862 3026 2110 3069 mecum
2165 3009 2375 3087 porto.

361 3093 671 3158 Hortensi
715 3094 929 3179 legata
973 3094 1261 3178 cognovi.
1335 3092 1525 3158 Nunc
1562 3114 1715 3157 aveo
1755 3093 1933 3176 scire,
1979 3093 2134 3177 quid
2174 3093 2376 3158 homi-

359 3182 462 3247 nis
511 3182 596 3246 sit
644 3186 707 3246 et
754 3204 1026 3265 quarum
1068 3203 1283 3246 rerum
1329 3182 1689 3246 auctionem
1734 3181 2050 3246 instituat
2141 3180 2376 3247 Nescio

364 3270 552 3353 enim,
596 3291 736 3353 cur,
782 3292 926 3334 cum
971 3274 1224 3352 portam
1270 3269 1761 3334 Flumentanam
1807 3267 2060 3334 Caelius
2117 3291 2378 3354 occupa-

363 3357 469 3441 rit,
515 3377 633 3441 ego
678 3356 983 3421 Puteolos
1027 3378 1161 3422 non
1205 3380 1384 3423 meos
1432 3358 1678 3423 faciam.
2408 3385 2464 3426 ³⁵

259 3460 325 3508 10
373 3474 400 3490 ··
495 3442 702 3508 Venio
749 3445 829 3508 ad
876 3444 1216 3531 Piraeea',
1271 3446 1343 3510 in
1390 3467 1515 3529 quo
1562 3445 1770 3531 magis
1822 3445 2378 3548 reprehendendus

366 3551 528 3615 sum,
572 3531 743 3614 quod
787 3531 982 3596 homo
1027 3497 1359 3599 Romanus
1400 3533 1774 3599 Piraeea'
1821 3535 2203 3621 scripserim,
2246 3555 2380 3599 non
