2642 3923
359 188 490 253 496
1003 188 1077 244 M.
1108 187 1323 242 TULLI
1360 187 1739 244 CICERONIS

360 354 516 396 ram.
580 329 678 395 De
705 331 1003 415 †enictio
1039 353 1173 396 non
1210 332 1397 396 credo
1433 353 1549 395 nec
1583 336 1801 397 tamen
1827 353 1982 397 curo
2011 333 2158 415 plus
2189 354 2394 416 quam

361 424 451 484 tn.
542 419 777 484 Planco
825 423 889 483 et
937 418 1145 502 Oppio
1195 420 1422 503 scripsi
1471 421 1791 506 equidem,
1848 422 2155 504 quoniam
2199 442 2394 505 roga-

362 531 486 593 ras,
533 508 661 592 sed,
708 509 763 571 si
800 508 924 571 tibi
958 508 1301 594 videbitur,
1346 530 1428 572 ne
1472 530 1729 573 necesse
1766 509 2065 574 habueris
2102 509 2391 573 reddere.

365 595 526 660 Cum
572 596 743 659 enim
788 600 901 659 tua
947 618 1136 660 causa
1180 597 1446 661 fecerint
1494 599 1734 680 omnia,
1794 619 2034 682 vereor,
2078 619 2159 661 ne
2203 620 2390 661 meas

361 684 614 748 litteras
661 706 1161 767 supervacaneas
1211 685 1619 749 arbitrentur.
1697 685 1905 769 Oppio
1955 685 2210 769 quidem
2255 686 2390 750 uti-
2418 712 2445 752 5

364 795 505 857 que,
543 795 733 856 quem
768 772 894 837 tibi
932 773 1387 840 amicissimum
1425 774 1714 858 cognovi.
1782 772 2041 857 Verum,
2071 778 2145 838 ut
2182 775 2388 839 voles.

294 880 326 926 6
496 861 621 945 Tu,
677 862 982 945 quoniam
1037 862 1264 926 scribis
1310 862 1741 926 hiematurum
1785 866 1850 927 te
1894 862 1963 926 in
2007 862 2239 946 Epire,
2294 863 2390 927 fe-

363 950 522 1015 ceris
568 950 728 1013 mihi
773 953 1054 1034 gratum,
1108 950 1166 1013 si
1211 953 1359 1013 ante
1406 971 1481 1014 60
1526 951 1801 1035 veneris,
1864 972 2057 1034 quam
2102 950 2264 1014 mihi
2310 952 2388 1014 in

362 1037 618 1101 Italiam
682 1042 747 1101 te
812 1040 1070 1103 auctore
1133 1038 1517 1102 veniendum
1580 1042 1695 1102 est.
1785 1037 2065 1103 Litteras
2132 1040 2211 1102 ad
2277 1062 2385 1104 me

362 1148 556 1210 quam
592 1126 984 1211 saepissime3
1013 1126 1070 1189 si
1099 1126 1174 1190 de
1201 1125 1394 1190 rebus
1431 1126 1642 1189 minus
1680 1126 2074 1213 necessariis,
2096 1128 2385 1211 aliquem
2415 1154 2490 1194 10-

361 1219 657 1298 nanctus3
704 1215 806 1278 sin
851 1218 1062 1278 autem
1111 1214 1234 1279 erit
1271 1213 1425 1298 quid
1460 1215 1686 1300 maius,
1731 1214 1920 1280 domo
1965 1216 2228 1280 mittito.

485 1303 1001 1388 “Ηρακλείδειον,
1041 1302 1096 1365 31
1132 1301 1549 1366 Brundisium
1588 1303 1767 1388 salvi,
1805 1303 2180 1368 adoriemur.
2257 1302 2383 1368 ‘De

361 1391 589 1475 gloria’
628 1390 776 1454 misi
812 1390 951 1454 tibi.
1027 1388 1366 1454 Custodies
1413 1391 1631 1475 igitur,
1669 1395 1743 1454 ut
1782 1392 1968 1476 30163,
2007 1392 2117 1457 sed
2152 1396 2382 1457 noten-

359 1483 467 1542 tur
511 1479 840 1563 eclogarii,
897 1501 1058 1563 quos
1107 1476 1361 1542 Salvius
1408 1479 1615 1543 bonos
1662 1479 1985 1544 auditores
2032 1485 2260 1544 nactus
2308 1481 2382 1545 111

359 1568 651 1631 convivio
699 1567 1033 1631 dumtaxat
1078 1567 1268 1651 legat.
1361 1567 1525 1631 Mihi
1570 1568 1753 1632 valde
1798 1569 2072 1654 placent,
2115 1569 2379 1633 mallem
2414 1595 2463 1635 15

357 1655 499 1720 tibi.
588 1655 808 1719 Etiam
855 1660 1048 1739 atque
1095 1656 1290 1719 etiam
1338 1656 1493 1720 vale.

1309 1830 1422 1897 ΙΠ.

642 1952 755 2009 Ser.
785 1955 847 2008 in
884 1954 1220 2022 Pompeiano
1256 1952 1419 2007 XVI
1447 1953 1521 2007 K.
1551 1952 1695 2008 Sext.
1726 1972 1776 2008 a.
1810 1956 1918 2008 710
1956 1956 2092 2022 (44).

960 2076 1249 2132 CICERO
1282 2076 1575 2131 ATTICO
1611 2077 1774 2131 SAL.

287 2204 313 2252 ι
488 2186 585 2250 Tu
630 2208 779 2250 vero
827 2186 1147 2268 sapienter
1195 2182 1394 2271 (nunc
1440 2185 1693 2248 demum
1739 2185 1908 2249 enim
1957 2185 2239 2250 rescribo
2289 2185 2375 2251 iis
2405 2212 2455 2251 zo

353 2275 620 2358 litteris,
674 2297 832 2358 quas
891 2273 1052 2337 mihi
1106 2274 1343 2337 misisti
1401 2278 1714 2337 convento
1775 2272 2063 2337 Antonio
2112 2273 2373 2359 Tiburi)

357 2363 676 2446 sapienter
729 2363 961 2446 igitur,
1015 2362 1189 2446 quod
1244 2383 1471 2425 manus
1517 2362 1774 2446 dedisti,
1830 2362 2126 2445 quodque
2172 2362 2370 2426 etiam

354 2452 525 2515 ultro
575 2451 816 2535 gratias
856 2451 1061 2534 egisti.
1138 2448 1326 2514 Certe
1365 2450 1553 2533 enim,
1599 2453 1673 2513 ut
1710 2449 1955 2532 scribis,
2004 2450 2370 2514 deseremur

354 2540 530 2603 ocius
588 2562 625 2603 a
681 2561 751 2603 re
805 2538 1061 2622 publica
1116 2560 1309 2621 quam
1365 2560 1402 2601 a
1457 2559 1527 2602 re
1572 2538 1889 2601 familiari.
1983 2536 2166 2614 Quod
2213 2561 2369 2602 vero

351 2627 578 2692 scribis
635 2631 700 2690 te
754 2629 970 2692 cotidie
1013 2627 1220 2711 magis
1266 2626 1579 2690 delectare
1622 2625 1700 2690 ‘O
1746 2626 1946 2709 Tite,
2002 2625 2067 2689 si
2132 2626 2367 2712 quid',
2400 2653 2453 2693 25

351 2736 547 2800 auges
602 2715 764 2779 mihi
819 2714 1134 2779 scribendi
1189 2714 1599 2778 alacritatem.
1693 2713 1875 2790 Quod
1920 2713 2190 2778 Erotem
2231 2735 2372 2779 non

352 2806 488 2868 sine
532 2804 912 2867 munusculo
961 2807 1326 2886 exspectare
1372 2808 1437 2867 te
1484 2803 1668 2887 dicis,
1723 2803 1967 2887 gaudeo
2012 2824 2145 2866 non
2190 2802 2369 2866 fefel-

349 2893 502 2956 lisse
548 2915 687 2956 eam
729 2913 864 2956 rem
912 2892 1277 2974 opinionem
1321 2895 1528 2976 tuam3
1576 2890 1685 2954 sed
1730 2894 1946 2954 tamen
1989 2891 2158 2954 idem
2206 2893 2366 2956 σύν-

347 3005 560 3064 ταγμα
618 2981 768 3044 111131
832 2979 910 3043 ad
969 2985 1034 3044 te
1093 2980 1502 3043 retractatius
1560 2984 1623 3042 et
1680 2978 1935 3061 quidem
1991 2977 2367 3064 ἀρχέτυπον

347 3070 562 3153 ipsum
608 3069 846 3132 crebris
891 3068 1052 3132 locis
1098 3068 1484 3131 inculcatum
1530 3071 1595 3131 et
1641 3069 1961 3131 refectum.
2054 3066 2244 3131 Hunc
2289 3072 2367 3131 tu
2397 3095 2455 3134 30

351 3158 659 3221 tralatum
721 3158 791 3222 in
851 3156 1303 3221 macrocollum
1367 3156 1508 3240 lege
1573 3177 1802 3219 arcano
1864 3155 2149 3220 convivis
2210 3156 2367 3242 tuis,

350 3246 488 3331 sed,
549 3246 603 3309 si
658 3267 758 3309 me
815 3268 1015 3328 311133,
1070 3244 1294 3308 hilaris
1349 3247 1414 3307 et
1458 3244 1619 3307 bene
1665 3243 1967 3328 acceptis,
2020 3264 2104 3307 ne
2146 3243 2215 3307 in
2260 3266 2365 3307 me

349 3333 751 3398 stomachum
796 3338 1152 3416 erumpant,
1197 3355 1342 3396 cum
1388 3332 1520 3396 sint
1564 3332 1690 3395 tibi
1732 3332 1896 3396 irati.

275 3439 309 3486 2
479 3420 577 3484 De
616 3420 919 3486 Cicerone
956 3422 1150 3484 velim
1186 3421 1278 3485 ita
1317 3421 1423 3506 sit,
1468 3424 1542 3484 ut
1580 3421 1889 3485 audimus,
1961 3418 2059 3484 De
2095 3419 2365 3484 Xenone

347 3529 561 3571 coram
608 3530 1013 3593 cognoscam3
1062 3531 1451 3593 quamquam
1495 3509 1660 3572 nihil
1706 3510 1785 3573 ab
1826 3531 1899 3573 60
1938 3508 2217 3573 arbitror
2254 3530 2363 3572 ne-
2395 3535 2452 3575 ³5
