2642 3923
604 226 1116 282 EPISTULARUM
1152 227 1251 281 AD
1290 226 1616 282 ATTICUM
1651 227 1756 281 XII
1792 234 1880 297 40,
1918 233 2004 282 41.
2187 227 2316 292 385

292 377 431 436 tum
477 394 608 436 non
652 370 877 436 habeo.
963 369 1170 435 Simul
1218 393 1290 435 ac
1336 372 1750 456 constituero,
1797 369 1875 435 ad
1920 375 1988 435 te
2026 371 2318 455 scribam,

294 465 358 524 et
403 464 479 524 tu
517 461 597 525 ad
632 481 754 546 me,
798 481 991 544 quam
1031 460 1139 523 diu
1179 459 1249 522 in
1288 459 1660 524 suburbano
1700 460 1790 524 sis
1826 460 2101 524 futurus,
2176 458 2314 536 Quo

293 549 394 613 die
441 570 558 634 ego
608 548 688 612 ad
731 553 797 613 te
843 547 998 613 haec
1033 547 1201 633 misi,
1246 548 1324 612 de
1369 547 1534 612 Pilia
1581 552 1644 611 et
1689 547 1911 612 Attica.
1956 548 2117 612 mihi
2163 569 2316 632 quo-

295 658 418 720 que
464 638 708 721 eadem,
769 657 930 720 quae
977 636 1233 721 scribiS,
1280 640 1345 700 et
1392 636 1762 700 scribunbur
1808 639 1873 700 et
1916 637 2313 700 nuntiantur.

237 802 264 842 ε
1224 776 1388 841 XLI.

716 880 830 937 Ser.
859 882 1098 937 Asturae
1144 882 1198 936 V
1225 882 1316 935 Id.
1347 882 1493 936 Mai.
1522 900 1574 936 a.
1607 885 1717 937 709
1755 885 1894 950 (45).

845 1001 850 1006 ·
898 986 1189 1066 CICERO
1224 986 1515 1042 ATTICO
1550 986 1715 1042 SAL.

421 1077 608 1144 Nihil
653 1082 806 1164 erat,
854 1080 1024 1162 quod
1071 1078 1433 1143 scriberem.
1519 1076 1694 1144 Scire
1740 1082 1958 1142 tamen
2002 1077 2315 1162 volebam,
2353 1094 2380 1142 1

292 1166 404 1231 ubi
459 1189 657 1254 esses3
721 1167 777 1231 si
835 1168 984 1231 abes
1034 1170 1146 1231 aut
1192 1166 1489 1231 afuturus
1537 1188 1634 1249 es,
1688 1168 1943 1252 quando
1990 1167 2315 1231 rediturus

213 1281 265 1320 ιο
293 1276 479 1320 esses
579 1254 798 1320 Facies
871 1256 1075 1340 igitur
1136 1256 1490 1320 cerssiorem.
1591 1255 1709 1340 Et,
1782 1255 1954 1339 quod
2015 1260 2089 1319 tu
2155 1255 2316 1319 scire

291 1342 552 1409 volebas
560 1393 578 1425 ‚
633 1365 752 1428 ego
810 1343 1062 1428 quando
1118 1365 1197 1408 ex
1248 1343 1372 1408 hoc
1424 1344 1595 1429 loco,
1648 1343 1957 1427 posssridie
1999 1341 2152 1407 Idus
2199 1341 2315 1407 La-

293 1433 447 1496 nuvi
501 1432 812 1497 constitui
847 1453 1122 1516 manere,
1165 1432 1312 1495 inde
1349 1432 1660 1515 posfiridie
1696 1432 1766 1496 in
1802 1432 2164 1496 Tusculano
2203 1435 2316 1496 aut

297 1519 552 1584 Romae.
641 1518 879 1585 Utrum
926 1520 1048 1584 sim
1093 1520 1400 1606 facturus,
1445 1542 1519 1584 eo
1565 1521 1708 1604 ipso
1757 1520 1856 1584 die
1904 1520 2080 1585 scies.

429 1608 586 1692 Scis,
641 1630 834 1692 quam
889 1608 975 1671 sit
1031 1612 1367 1691 φιλαίτιον
1429 1610 1768 1692 συμφορά,
1826 1609 2088 1672 minime
2132 1609 2204 1672 in
2248 1612 2315 1673 te
2352 1625 2382 1673 2

213 1723 265 1763 15
296 1696 580 1780 quidem,
627 1696 738 1760 sed
781 1700 998 1760 tamen
1044 1696 1226 1760 avide
1272 1718 1414 1759 sum
1463 1697 1744 1760 adfectus
1793 1697 1871 1762 de
1915 1697 2096 1782 fan0,
2142 1698 2315 1781 quod

294 1783 422 1848 nisi
475 1806 610 1848 non
654 1785 794 1849 dico
855 1784 1149 1848 effectum
1208 1785 1359 1869 erit,
1415 1785 1525 1848 sed
1579 1785 1720 1848 fieri
1766 1784 1985 1848 videro
2035 1750 2310 1871 (audebo

293 1871 418 1937 hoc
463 1872 694 1957 dicere,
748 1876 813 1937 et
855 1876 958 1957 bu,
1010 1876 1085 1936 ut
1141 1872 1329 1958 soleS,
1373 1870 1691 1959 accipies),
1734 1872 2090 1936 incursabiiz
2134 1874 2204 1937 in
2248 1877 2315 1937 te

293 1960 480 2026 dolor
522 1983 701 2026 meus
745 1983 878 2025 non
919 1961 1058 2025 iure
1101 1960 1213 2025 ille
1260 1960 1533 2046 quidem,
1580 1961 1692 2025 sed
1735 1965 1954 2026 tamen
1990 1963 2155 2026 feres
2190 1961 2314 2027 hoc

295 2051 534 2134 ipsum,
600 2050 772 2134 quod
834 2050 1071 2134 scribo,
1132 2054 1209 2113 ut
1272 2051 1488 2114 omnia
1548 2071 1691 2113 mea
1753 2050 1882 2114 fers
1948 2071 2020 2114 ac
2083 2051 2311 2114 tulisti.

213 2166 267 2205 20
296 2137 533 2204 Omnes
596 2143 743 2202 tuas
808 2138 1278 2202 consolationes
1338 2160 1533 2202 unam
1587 2138 1754 2202 hanc
1808 2139 1879 2202 in
1931 2161 2068 2202 rem
2119 2140 2314 2203 velim

294 2229 597 2292 conferas
690 2224 761 2291 Si
817 2227 1097 2311 quaeris,
1154 2226 1305 2311 quid
1362 2231 1607 2312 optem,
1661 2227 1942 2310 primum
1990 2225 2314 2313 Scapulae,
2349 2241 2383 2291 3

295 2316 520 2381 deinde
567 2313 854 2400 Clodiae,
919 2319 1170 2401 postea,
1226 2314 1283 2379 si
1339 2314 1536 2379 Silius
1592 2315 1801 2400 nolet,
1858 2313 2111 2379 Drusus
2167 2321 2315 2401 aget

292 2405 559 2487 iniuste,
614 2402 840 2468 Cusini
894 2408 958 2467 et
1004 2403 1299 2467 Treboni.
1389 2402 1557 2468 Puto
1611 2404 1878 2467 bertium
1933 2426 2071 2469 esse
2116 2404 2314 2469 domi-

292 2516 475 2577 num,
529 2492 866 2557 Rebilum
891 2492 1090 2555 fuisse
1135 2495 1309 2557 certo
1359 2491 1507 2556 scio.
1601 2491 1718 2556 Sin
1763 2496 1977 2556 autem
2022 2493 2145 2556 tibi
2190 2493 2314 2557 Tu-

211 2608 265 2648 25
295 2581 626 2646 sculanum
671 2581 896 2665 placet,
939 2584 1014 2644 ut
1051 2579 1431 2664 significasti
1469 2581 1853 2664 quibusdam
1887 2581 2145 2664 litteris,
2188 2581 2314 2646 tibi

294 2670 631 2735 adsentiar.
719 2667 865 2734 Hoc
919 2668 1177 2753 quidem
1227 2668 1453 2752 utique
1496 2669 1814 2754 perficieS,
1868 2669 1925 2733 si
1968 2691 2071 2733 me
2113 2670 2314 2734 levari

298 2759 411 2842 viS,
448 2779 638 2842 quem
672 2757 802 2821 iam
838 2757 1034 2822 etiam
1070 2756 1331 2842 gravius
1369 2778 1646 2843 accusas,
1691 2779 1884 2841 quam
1919 2759 2165 2841 patitur
2200 2762 2314 2824 flua

297 2846 705 2929 consuetudO,
754 2845 864 2910 sed
907 2845 1065 2909 facis
1113 2867 1365 2909 summo
1412 2867 1628 2908 amore
1674 2850 1739 2910 et
1784 2846 1992 2910 victus
2036 2846 2313 2911 fortasse

298 2935 458 2999 vitio
516 2955 677 2998 meo.
779 2934 903 2999 Sed
964 2937 1209 3019 tamen,
1272 2934 1328 2996 si
1384 2954 1487 2997 me
1549 2932 1748 2997 levari
1812 2935 1910 2998 vis
1918 2977 1938 3017 ,-
1998 2933 2155 2999 haec
2216 2940 2314 3000 est

214 3050 269 3090 so
299 3045 549 3087 summa
591 3022 829 3087 levatio
874 3021 994 3106 vel,
1040 3021 1097 3086 si
1141 3043 1364 3086 verum
1413 3022 1572 3085 scire
1617 3022 1734 3106 vis,
1779 3042 1922 3086 una.

430 3110 608 3174 H1r13i
663 3110 1005 3212 epistulam
1061 3109 1118 3174 si
1170 3109 1434 3194 legeriS,
1499 3130 1662 3193 quae
1714 3109 1876 3174 mihi
1921 3111 2105 3194 quasi
2151 3115 2313 3196 πρό-
2347 3126 2382 3175 4

295 3204 561 3284 πλασμα
605 3199 859 3263 videtur
903 3199 1039 3262 eius
1084 3198 1601 3281 vissuperationiS,
1648 3219 1841 3282 quam
1887 3196 2119 3263 Caesar
2165 3201 2315 3264 scri-

296 3289 430 3371 psit
473 3288 551 3352 de
596 3285 860 3369 Catone,
903 3287 1099 3351 facies
1142 3307 1267 3369 me,
1312 3287 1470 3370 quid
1513 3286 1637 3350 tibi
1682 3287 1893 3350 visum
1940 3288 2046 3374 sit,
2090 3288 2147 3352 si
2191 3288 2315 3351 tibi

300 3377 422 3440 erit
484 3375 919 3456 commodum,
983 3375 1336 3440 certiorem.
1436 3373 1650 3438 Redeo
1707 3375 1787 3438 ad
1839 3375 2075 3439 fanum
2166 3374 2344 3440 Nisi

214 3492 268 3532 ⁸⁵
296 3465 419 3528 hac
471 3468 715 3529 aestafie
770 3464 1138 3528 absolutum
1185 3463 1337 3547 erilz,
1399 3484 1591 3547 quam
1634 3462 1812 3527 vides
1857 3461 2176 3547 integram
2221 3485 2314 3528 re-

300 3557 491 3638 stare,
538 3553 773 3618 scelere
816 3570 921 3617 me
963 3551 1309 3616 liberabum
1353 3572 1487 3616 non
1530 3551 1790 3635 putabo.

406 3665 497 3708 Cio.
526 3667 656 3716 epist.
682 3667 744 3707 IL
1925 3657 1993 3706 25
