2642 3923
370 195 505 258 470
1009 194 1083 249 M.
1123 194 1338 249 TULLI
1375 193 1752 250 CICERONIS

1344 424 1421 490 V.

726 547 836 603 Ser.
861 547 926 600 in
968 546 1276 601 Tusculano
1323 547 1377 600 V
1408 547 1482 602 K.
1507 547 1637 601 Iwn.
1667 564 1720 602 a.
1750 550 1859 602 710
1895 549 2033 615 (44).

976 669 1266 724 CICERO
1302 670 1593 725 ATTICO
1630 670 1794 725 SAL.

504 778 567 842 A
610 779 817 843 Bruto
871 777 1245 843 tabellarius
1299 778 1516 861 rediit3
1582 778 1804 842 attulit
1867 781 1933 841 et
1988 778 2066 841 ab
2114 799 2189 842 eo
2237 783 2304 841 et
2352 800 2399 843 a

373 867 616 933 Cassio.
690 865 1048 931 Consilium
1083 889 1295 930 meum
1330 887 1565 951 magno
1605 887 1796 950 opere
1832 866 2195 952 exquirunt,
2230 866 2396 930 Bru·
2456 895 2483 935 5

372 961 479 1020 tus
527 955 801 1041 quidem,
844 959 1062 1018 utrum
1105 956 1182 1017 de
1218 954 1486 1018 duobus.
1561 952 1615 1018 Ο
1654 975 1790 1018 rem
1824 954 2152 1018 miseram!
2200 955 2394 1037 plane

371 1066 503 1110 non
564 1044 824 1144 habeo,
863 1042 1018 1127 quid
1083 1042 1375 1106 scribam.
1466 1042 1694 1126 Itaque
1758 1041 2016 1123 silentio
2070 1047 2231 1125 puto
2287 1063 2393 1107 me

372 1155 660 1217 usurum,
701 1132 830 1195 nisi
876 1131 1029 1214 quid
1075 1130 1249 1194 aliud
1293 1131 1419 1195 tibi
1463 1131 1744 1214 videtur3
1791 1130 1893 1194 sin
1936 1130 2060 1194 tibi
2097 1130 2253 1214 quid
2288 1153 2393 1195 ve-

371 1222 471 1285 nit
529 1220 599 1284 in
654 1227 958 1303 mentem,
1023 1219 1257 1302 scribe,
1321 1240 1573 1302 quaeso.
1666 1215 1931 1283 Cassius
1999 1240 2151 1283 vero
2206 1219 2394 1283 vehe-

372 1312 619 1373 menter
674 1311 816 1372 orat
872 1329 945 1371 ac
987 1307 1179 1391 petit,
1234 1311 1311 1371 ut
1354 1306 1643 1370 Hirtium
1689 1328 1884 1391 quam
1931 1307 2248 1391 optimum
2293 1308 2390 1371 fa-
2420 1336 2474 1375 ιο

373 1397 555 1462 ciam.
629 1393 869 1460 Sanum
905 1396 1141 1480 putas?
1187 1396 1234 1475 †
1254 1396 1362 1461 ὅτε
1399 1405 1562 1472 ναῦς
1598 1397 1946 1476 ἄνθρακες.
2021 1394 2392 1478 Epistulam

373 1485 497 1549 tibi
541 1484 708 1548 misi.

505 1571 599 1638 Ut
660 1576 734 1635 tu
798 1572 873 1635 de
936 1571 1265 1656 provincia
1324 1571 1513 1636 Bruti
1575 1575 1643 1636 et
1702 1569 1886 1635 Cassi
1947 1592 2063 1655 per
2127 1576 2390 1635 senatus

374 1661 755 1747 consultum,
790 1660 882 1724 ita
920 1660 1144 1723 scribit
1181 1664 1246 1724 et
1282 1658 1525 1724 Balbus
1572 1663 1637 1724 et
1672 1659 1987 1743 †Hirtius
2027 1660 2283 1742 quidem
2322 1681 2392 1724 se

374 1751 701 1815 afuturum
737 1714 1013 1835 (etenim
1059 1748 1188 1812 iam
1233 1748 1305 1811 in
1351 1746 1711 1811 Tusculano
1759 1746 1887 1834 est)
1942 1745 2257 1831 mihique,
2313 1753 2389 1811 ut
2415 1778 2466 1815 15

375 1838 609 1922 absim,
655 1836 1061 1900 vehementer
1109 1840 1334 1901 auctor
1378 1839 1495 1920 est,
1555 1839 1620 1899 et
1661 1835 1771 1900 ille
1817 1835 2072 1920 quidem
2121 1836 2389 1920 periculi

376 1948 582 2010 causa,
630 1925 801 2010 quod
848 1925 974 1990 sibi
1020 1925 1214 1990 etiam
1257 1924 1459 1988 fuisse
1503 1923 1683 2009 dicit,
1731 1945 1849 2008 ego
1897 1928 2135 2009 autem,
2192 1925 2389 1990 etiam

376 2019 449 2080 ut
494 2014 744 2078 nullum
789 2014 1144 2097 periculum
1189 2013 1293 2096 sit,
1339 2016 1594 2077 tantum
1640 2013 1839 2099 abest,
1881 2017 1956 2076 ut
2001 2012 2248 2077 Antoni
2285 2036 2390 2077 su-

375 2103 724 2187 spicionem
769 2103 989 2187 fugere
1032 2122 1203 2165 nunc
1247 2123 1480 2186 curem,
1523 2123 1605 2165 ne
1649 2100 1864 2165 videar
1908 2100 2043 2164 eius
2093 2102 2389 2167 secundis

375 2192 566 2256 rebus
611 2213 746 2255 non
788 2190 1104 2273 delectari,
1147 2194 1223 2254 ut
1267 2188 1428 2253 mihi
1473 2210 1665 2253 causa
1708 2212 1782 2253 ea
1818 2189 1924 2275 sit,
1966 2210 2079 2254 cur
2113 2187 2390 2254 Romam
2416 2217 2469 2256 20
2508 2213 2513 2219 ·

374 2280 590 2344 venire
643 2279 873 2363 nolim,
923 2299 1007 2342 ne
1058 2278 1244 2342 illum
1299 2277 1564 2342 videam.
1654 2276 1862 2341 Varro
1909 2281 2124 2341 autem
2168 2283 2390 2342 noster

376 2368 455 2433 ad
497 2389 599 2432 me
646 2330 987 2450 epistulam
1031 2366 1212 2430 misit
1257 2366 1383 2429 sibi
1430 2390 1469 2430 a
1511 2366 1725 2431 nescio
1774 2386 1900 2449 quo
1947 2365 2210 2429 missam
2249 2365 2390 2452 (no-

375 2478 523 2521 men
580 2455 749 2519 enim
807 2452 1104 2555 delerat);
1167 2455 1238 2518 in
1296 2476 1423 2537 qua
1485 2455 1796 2538 scriptum
1855 2457 1991 2517 erat
2050 2458 2389 2519 veteranos

375 2566 512 2630 eos,
568 2543 680 2627 qui
735 2543 1083 2608 reiciantur
1129 2541 1305 2627 (118111
1353 2546 1601 2625 partem
1647 2564 1784 2606 esse
1830 2540 2219 2626 dimissam),
2274 2543 2388 2606 im-

376 2632 758 2732 probissime
810 2631 1019 2716 loqui,
1072 2634 1147 2694 ut
1198 2651 1434 2715 magno
1490 2631 1770 2714 periculo
1817 2628 2060 2694 Romae
2115 2631 2248 2694 sint
2292 2632 2464 2696 111-15

378 2721 525 2805 turi,
573 2720 684 2803 qui
721 2719 801 2783 ab
840 2740 1061 2782 eorum
1095 2719 1389 2803 partibus
1429 2719 1767 2783 dissentire
1801 2718 2153 2783 videantur.
2230 2718 2390 2795 Quis

378 2829 570 2891 porro
607 2811 827 2871 noster
863 2807 1015 2893 itus,
1058 2807 1321 2893 reditus,
1368 2807 1605 2893 vultus,
1649 2807 1935 2871 incessus
1972 2808 2140 2870 inter
2177 2807 2391 2871 istos?

377 2895 646 2980 Quodsi,
700 2899 773 2959 ut
820 2894 1066 2980 scribis,
1109 2893 1177 2957 L.
1217 2894 1541 2959 Antonius
1588 2895 1659 2960 111
1701 2893 1779 2959 D.
1816 2895 2110 2980 Brutum,
2154 2894 2387 2978 reliqui

376 2984 445 3048 in
487 2987 770 3069 nostros,
813 3003 932 3067 ego
980 2982 1135 3065 quid
1177 2982 1410 3047 faciam
1447 2987 1560 3048 aut
1596 3005 1723 3067 quo
1761 3005 1863 3047 me
1897 2986 2086 3066 pacto
2124 2985 2389 3066 geram?

376 3071 541 3135 Mihi
584 3092 735 3135 vero
751 3035 1193 3134 deliberatum
1230 3074 1347 3153 est,
1393 3074 1467 3134 ut
1502 3092 1671 3135 nunc
1708 3072 1963 3154 quidem
1999 3075 2116 3151 est,
2162 3071 2389 3136 abesse
2417 3100 2473 3139 so

375 3182 452 3224 ex
498 3182 573 3224 ea
618 3160 797 3245 urbe,
848 3159 919 3222 in
964 3180 1089 3242 qua
1131 3180 1264 3222 non
1308 3159 1500 3223 modo
1547 3158 1737 3222 florui
1783 3181 1928 3223 cum
1973 3180 2242 3244 summa,
2285 3182 2390 3224 ve·

373 3271 518 3312 rum
564 3248 759 3311 etiam
803 3246 1037 3311 servivi
1081 3268 1225 3310 cum
1272 3247 1488 3330 aliqua
1533 3246 1872 3332 dignitate·
1915 3268 2034 3311 nec
2077 3251 2214 3312 tam
2259 3251 2390 3313 sta·

373 3337 473 3400 tui
530 3358 607 3399 ex
658 3334 849 3400 Italia
903 3335 1100 3419 exire,
1153 3334 1232 3399 de
1287 3356 1414 3419 quo
1469 3339 1685 3400 tecum
1739 3335 2136 3420 deliberabO,
2193 3357 2390 3419 quam

373 3424 538 3488 istuc
582 3445 716 3488 non
757 3422 990 3488 venire.
