2642 3923
378 198 507 262 336
1041 199 1115 254 Μ.
1153 199 1366 254 TULLI
1402 198 1775 254 CICERONIS

375 363 574 428 prope
629 346 1081 426 consumptum
1137 346 1247 407 est.
1341 342 1547 419 Quare
1592 342 1660 406 id
1706 363 1960 425 quoque
2007 342 2198 405 velim
2244 362 2385 405 cum

374 430 489 495 illa
541 430 785 516 videaS,
838 435 913 495 ut
968 432 1080 515 sit,
1138 431 1250 515 qui
1309 435 1582 495 utamur.
1674 430 1799 494 Hic
1844 432 2117 494 fortasse
2161 433 2384 513 potero

375 539 651 603 sumere,
706 519 760 582 si
817 519 1012 583 sciam
1057 520 1204 584 istic
1248 524 1546 602 paratum
1592 519 1756 603 fore3
1822 518 1957 602 sed,
2013 519 2386 602 priusquam

375 606 442 670 id
497 607 750 690 scirem,
805 607 969 671 nihil
1013 629 1154 672 sum
1201 629 1395 672 ausus
1442 628 1706 671 sumere.
1798 605 1921 682 Qui
1968 607 2054 670 sit
2101 606 2386 671 omnium

373 716 587 759 rerum
632 699 839 760 status
884 701 1119 780 noster,
1165 696 1356 760 vides.
1447 694 1634 760 Nihil
1678 699 1776 759 est
1821 695 1994 779 mali,
2041 695 2210 779 quod
2254 716 2388 758 non
2441 719 2466 759 5

374 787 439 846 et
486 784 836 848 sustineam
882 789 947 848 et
993 788 1370 868 exspectem.
1443 782 1727 859 Quarum
1763 805 1976 847 rerum
2014 804 2089 846 eo
2128 783 2387 867 gravior

371 875 471 934 est
517 872 719 957 dolor,
765 894 891 956 quo
939 873 1125 956 culpa
1170 873 1391 937 maior.
1464 870 1582 937 Ille
1629 872 1699 935 in
1732 870 1976 935 Achaia
2010 892 2142 934 non
2179 874 2388 935 cessat

371 959 447 1023 de
503 959 694 1024 nobis
740 960 1087 1026 detrahere.
1177 959 1363 1024 Nihil
1407 961 1701 1025 videlicet
1747 964 1896 1023 tuae
1941 959 2195 1023 litterae
2242 980 2385 1042 pro·

368 1046 670 1113 fecerunt.
760 1047 938 1114 Vale.
1029 1066 1155 1111 vm
1199 1047 1353 1113 Idus
1399 1048 1586 1113 Mart.

1305 1257 1448 1324 ΧΠ.
2416 1284 2471 1323 ιο

706 1395 820 1452 Ser.
850 1397 1128 1450 Bmmdisi
1172 1396 1325 1451 VIII
1360 1397 1448 1451 Id.
1479 1397 1653 1451 Mart.
1684 1415 1734 1451 a.
1769 1401 1878 1452 707
1916 1400 2053 1465 (47).

1011 1535 1266 1591 CICERO
1306 1534 1566 1591 ATTICO
1607 1536 1754 1590 SAL.

304 1680 332 1729 ι
506 1659 811 1747 Cephalio
867 1664 1026 1727 mihi
1083 1686 1120 1727 a
1173 1668 1240 1726 te
1292 1663 1545 1727 litteras
1601 1662 1876 1727 reddidit
1929 1686 1982 1728 a.
2030 1662 2085 1726 d.
2125 1680 2250 1726 v111
2295 1662 2386 1728 Id.

370 1750 560 1817 Mart
605 1772 883 1835 vespere.
973 1751 1072 1815 Eo
1130 1755 1344 1815 autem
1410 1751 1511 1814 die
1554 1772 1741 1815 mane
1784 1751 2154 1815 tabellarios
2198 1752 2388 1816 mise-

370 1862 537 1924 ram3
583 1839 817 1923 quibus
863 1839 943 1903 ad
989 1845 1053 1904 te
1089 1839 1381 1903 dederam
1417 1840 1684 1904 litteras.
1757 1838 1912 1903 Tuis
1952 1845 2167 1904 tamen
2201 1838 2386 1904 lectis
2416 1866 2471 1906 15

369 1928 608 1996 litteris
671 1929 895 2012 putavi
958 1927 1087 1992 iam
1151 1928 1393 2012 aliquid
1456 1927 1930 1992 rescribendum
1992 1949 2129 1993 esse
2183 1949 2257 1992 ea
2316 1950 2387 1992 re

368 2018 672 2102 maxime,
737 2018 908 2101 quod
964 2017 1245 2081 ostendis
1300 2021 1367 2080 te
1426 2017 1699 2101 pendere
1755 2016 1980 2103 animi,
2043 2039 2385 2100 quamnam

372 2105 687 2171 rationem
734 2106 855 2169 sim
901 2103 1158 2170 Caesari
1205 2105 1516 2168 allaturus
1562 2105 1976 2188 profectionis
2013 2126 2190 2170 meae
2226 2109 2388 2191 tum,

367 2216 516 2259 cum
560 2215 638 2259 ex
683 2191 874 2257 Italia
917 2194 1332 2258 discesserim.
1425 2191 1610 2256 Nihil
1650 2203 1817 2294 opus
1865 2197 1965 2257 est
2010 2193 2172 2256 mihi
2214 2214 2386 2258 nova

366 2281 635 2349 ratione.
729 2280 929 2365 Saepe
984 2282 1153 2345 enim
1208 2281 1313 2361 ad
1340 2303 1487 2344 eum
1544 2281 1772 2365 scripsi
1815 2281 2166 2365 multisque
2211 2303 2386 2345 man-
2414 2307 2468 2346 πο

360 2370 515 2435 davi
568 2392 671 2435 me
715 2391 847 2434 non
891 2371 1205 2454 potuisse,
1261 2391 1454 2470 quom
1500 2370 1847 2454 cupissem,
1902 2390 2227 2434 sermones
2271 2369 2393 2434 ho·

364 2459 618 2525 minum
664 2458 998 2543 sustinere,
1040 2459 1370 2541 multaque
1415 2458 1486 2521 in
1531 2479 1670 2522 eam
1716 2458 2115 2522 sententiam.
2197 2452 2386 2521 Nihil

360 2548 542 2611 enim
588 2549 751 2630 erat,
807 2547 979 2630 quod
1023 2547 1234 2610 minus
1282 2567 1428 2609 eum
1473 2547 1702 2611 vellem
1747 2545 2130 2631 existimare,
2189 2567 2386 2630 quam

370 2656 474 2700 me
518 2638 703 2698 tanta
747 2635 824 2697 de
867 2656 937 2697 re
982 2656 1109 2698 non
1157 2655 1298 2699 meo
1346 2635 1614 2698 consilio
1661 2634 1848 2698 usum
1894 2655 2048 2698 esse.
2120 2632 2383 2698 Postea-

362 2745 513 2809 que,
557 2743 753 2807 quom
797 2722 958 2786 mihi
1004 2722 1261 2787 litterae
1296 2745 1334 2785 a
1370 2721 1574 2786 Balbo
1614 2720 1911 2787 Cornelio
1950 2722 2198 2787 minore
2233 2722 2384 2785 mis·
2413 2745 2469 2786 25

363 2832 477 2876 sae
537 2816 750 2875 essent
794 2812 978 2875 illum
1023 2811 1389 2875 existimare
1435 2809 1746 2886 Quintum
1790 2812 2054 2874 fratrem
2103 2809 2384 2874 ‘lituum'

368 2921 546 2964 meae
600 2899 1016 2982 profectionis
1070 2899 1268 2963 fuisse
1316 2897 1439 2984 (ita
1484 2900 1653 2963 enim
1699 2895 2015 2984 scripsit),
2069 2898 2181 2982 qui
2225 2920 2385 2962 non-

369 2987 521 3051 dum
584 3008 986 3088 cognossem,
1050 3009 1211 3071 quae
1265 2988 1343 3051 de
1395 3010 1495 3051 me
1551 2986 1829 3063 Quintus
1887 2986 2246 3070 scripsisset
2303 2985 2386 3050 ad

367 3075 627 3161 multoS,
672 3076 795 3140 etsi
836 3077 1042 3140 multa
1076 3097 1376 3159 praesens
1412 3076 1481 3138 in
1518 3079 1917 3159 praesentem
1955 3074 2176 3140 acerbe
2213 3074 2386 3138 dixe-

368 3168 471 3228 rat
517 3167 582 3228 et
625 3163 877 3248 fecerat,
923 3168 1138 3229 tamen
1183 3164 1317 3227 nilo
1365 3164 1578 3227 minus
1624 3164 1726 3227 his
1771 3162 1985 3227 verbis
2031 3161 2112 3226 ad
2157 3160 2385 3227 Caesa-
2413 3187 2473 3227 ao

370 3273 505 3315 rem
550 3252 803 3334 scripsi.

287 3355 331 3405 2
504 3337 642 3402 De
705 3337 990 3440 Quinto
1061 3340 1305 3404 fratre
1368 3361 1528 3404 meo
1592 3361 1741 3405 non
1801 3339 2049 3404 minus
2112 3337 2386 3403 laboro

369 3446 589 3508 quam
652 3425 737 3490 de
799 3448 910 3490 me
972 3427 1169 3513 ipso,
1234 3427 1361 3491 sed
1425 3450 1587 3492 eum
1649 3428 1800 3492 tibi
1866 3426 2387 3492 commendare

366 3511 507 3574 hoc
570 3533 728 3577 meo
783 3517 1124 3597 tempore
1177 3537 1328 3595 non
1382 3516 1633 3581 audeo
1725 3515 1930 3581 Illud
1984 3516 2387 3579 dumtaxat
