2642 3923
343 186 479 251 320
1012 186 1086 240 Μ
1125 186 1338 240 TULLI
1374 184 1752 242 CICERONIS

341 347 445 395 1111
480 328 651 413 Idus,
699 333 774 394 ut
811 329 906 393 ibi
944 350 1171 413 essem,
1207 330 1378 416 dum,
1416 352 1578 414 quae
1615 332 1696 396 ad
1730 330 2166 416 navigandum
2203 352 2369 414 opus

343 422 572 502 essent,
615 421 1012 503 pararentur.
1106 415 1271 482 Cum
1319 419 1399 482 ad
1445 419 1663 483 villam
1713 421 2050 505 venissem,
2093 420 2370 484 relatum

345 511 440 572 est
498 471 577 572 ad
635 528 736 571 me
790 506 1197 570 centuriones
1253 506 1458 570 trium
1513 507 1907 594 cohortium,
1969 530 2130 591 quae
2184 506 2372 571 Pom-

345 595 505 678 peiis
552 597 722 679 sunt,
766 616 868 659 me
917 594 1081 659 velle
1128 594 1443 678 postridie
1481 596 1836 660 convenire.
1907 594 2084 661 Haec
2119 617 2370 660 mecum

344 681 624 747 Ninnius
671 687 909 767 noster,
955 682 1120 746 velle
1166 705 1276 747 eos
1324 683 1487 747 mihi
1536 705 1603 749 se
1652 686 1715 747 et
1754 684 2062 768 oppidum
2098 683 2367 749 tradere.
2427 716 2452 753 5

344 770 434 835 At
472 792 590 856 ego
629 771 759 835 abii
800 771 1111 854 postridie
1150 794 1187 835 a
1223 771 1380 835 villa
1416 776 1565 836 ante
1599 772 1827 858 lucem,
1852 778 1929 836 ut
1965 795 2066 838 me
2106 773 2367 837 omnino

344 859 442 923 illi
487 880 568 924 ne
613 859 921 924 viderent.
996 858 1164 935 Quid
1212 860 1383 923 enim
1421 864 1556 924 erat
1592 861 1662 924 in
1697 860 1908 924 tribus
1947 860 2368 925 cohortibus?

346 948 518 1032 quid,
573 947 629 1011 si
683 948 945 1031 plures?
1006 969 1136 1049 quo
1191 949 1546 1032 apparatu?
1627 946 1928 1033 Cogitavi
1984 949 2201 1014 eadem
2253 949 2370 1013 illa

347 1034 671 1122 Caeliana,
734 1058 895 1120 quae
942 1036 1072 1120 legi
1116 1035 1186 1100 in
1233 1037 1512 1120 epistula
1556 1041 1695 1123 tua,
1752 1059 1944 1121 quam
1991 1037 2227 1121 accepi,
2285 1038 2369 1101 si-

344 1124 481 1188 mul
536 1128 600 1188 et
653 1124 724 1188 in
776 1122 1136 1189 Cumanum
1191 1126 1339 1189 veni
1398 1126 1618 1189 eodem
1675 1125 1803 1209 die,
1867 1130 1931 1189 et
1985 1125 2180 1189 simul
2224 1125 2369 1189 fieri
2397 1157 2451 1195 10

346 1217 619 1297 poterat,
676 1216 752 1275 ut
796 1214 1276 1295 temptaremur.
1369 1211 1639 1278 Omnem
1683 1214 1889 1298 igitur
1935 1214 2368 1297 suspicionem

347 1301 594 1365 sustuli.
689 1298 841 1385 Sed,
904 1300 1056 1363 dum
1119 1300 1334 1384 redeo,
1397 1300 1786 1366 Hortensius
1848 1305 2110 1367 venerat
2167 1307 2231 1367 et
2285 1303 2369 1366 ad

345 1388 710 1453 Terentiam
775 1388 1127 1454 salutatum
1188 1388 1565 1454 deverterat.
1657 1388 1961 1455 Sermone
2018 1394 2155 1454 erat
2208 1412 2364 1454 usus

343 1477 694 1541 honorifico
743 1497 895 1561 erga
939 1499 1057 1541 me.
1148 1475 1288 1541 Iam
1325 1500 1490 1562 eum,
1535 1482 1610 1542 ut
1658 1483 1838 1563 put0,
1883 1478 2139 1563 videbo3
2185 1479 2366 1542 misit

344 1565 516 1629 enim
568 1586 839 1649 puerum
897 1587 965 1629 se
1024 1565 1104 1629 ad
1157 1587 1260 1629 me
1314 1568 1546 1631 venire.
1639 1566 1781 1631 Hoc
1830 1567 2089 1651 quidem
2133 1567 2362 1631 melius
2394 1597 2448 1637 ιε

344 1676 536 1737 quam
581 1654 827 1738 collega
870 1657 1093 1718 noster
1128 1653 1475 1740 Antonius,
1521 1655 1703 1719 cuius
1740 1656 1910 1720 inter
1946 1654 2207 1720 lictores
2244 1656 2364 1720 lec-

344 1742 473 1806 tica
517 1742 713 1806 mima
758 1746 1072 1825 portatur.

477 1829 602 1915 Tu,
665 1831 969 1914 quoniam
1031 1834 1345 1914 quartana
1417 1853 1591 1896 cares
1647 1836 1712 1896 et
1767 1852 2005 1895 novum
2065 1832 2364 1895 morbum

344 1918 704 2004 removisti,
755 1918 909 1984 seda
955 1920 1148 1984 etiam
1195 1918 1603 2004 gravedinem
1659 1923 1851 2005 teque
1908 1923 2208 2005 vegetum
2250 1941 2364 1986 no·

344 2008 444 2072 bis
491 2008 558 2072 in
606 2005 873 2072 Graecia
919 2009 1076 2072 siste
1122 2012 1187 2072 et
1232 2008 1598 2072 litterarum
1643 2008 1888 2094 aliquid
1934 2010 2193 2074 interea.
2395 2041 2450 2079 20

1247 2182 1456 2249 XVII.

663 2303 777 2360 Ser.
807 2305 871 2359 in
909 2305 1155 2359 clumam
1193 2305 1390 2359 XVII
1419 2305 1491 2360 K.
1520 2306 1649 2361 lem,
1680 2325 1732 2361 a.
1765 2309 1873 2361 705
1913 2308 2050 2374 (49).

949 2428 1239 2483 CICERO
1273 2429 1567 2484 ATTICO
1603 2430 1767 2484 SAL.

464 2535 566 2600 Pr.
611 2533 764 2600 Idus
818 2535 1205 2601 Hortensius
1267 2537 1348 2601 ad
1394 2560 1497 2602 me
1552 2538 1730 2604 venit
1787 2538 2024 2621 scripta
2070 2538 2364 2621 epistula.

345 2623 595 2690 Vellem
649 2626 695 2707 †
710 2628 917 2689 cetera
972 2626 1136 2711 eiua,
1191 2647 1385 2709 quam
1442 2627 1513 2690 in
1565 2648 1668 2690 me
1713 2626 2151 2691 incredibilem
2200 2626 2368 2691 ἐκτέ-
2395 2657 2450 2696 25

344 2715 557 2777 vetavi
632 2712 769 2789 Qua
815 2712 1074 2797 quidem
1120 2714 1336 2799 cogito
1384 2716 1499 2778 uti.
1575 2713 1821 2779 Deinde
1869 2711 2181 2797 Serapion
2217 2736 2360 2779 cum

346 2801 622 2885 epistula
667 2805 796 2866 tua.
881 2798 1085 2876 Quam
1130 2802 1512 2886 priusquam
1564 2803 1971 2887 aperuissem,
2016 2802 2150 2865 dixi
2195 2804 2253 2866 ei
2299 2807 2365 2867 te

344 2889 423 2953 ad
468 2911 569 2953 me
613 2889 689 2953 de
736 2911 809 2954 eo
857 2890 1190 2973 scripsisse
1238 2895 1443 2975 antea,
1488 2894 1563 2954 ut
1609 2891 1865 2955 feceras.
1946 2888 2191 2954 Deinde
2236 2891 2366 2974 epi-

345 2977 515 3042 stula
561 2976 726 3042 lecta
771 2978 1277 3042 cumulatissime
1317 2982 1542 3043 cetera.
1616 2979 1706 3044 Et
1741 2978 1998 3044 hercule
2033 2978 2365 3043 hominem

344 3065 592 3167 probo3
611 3087 762 3130 nam
799 3070 864 3131 et
901 3066 1160 3130 doctum
1198 3070 1263 3131 et
1299 3067 1576 3150 probum
1614 3068 1943 3152 existim03
1983 3067 2140 3151 quin
2167 3068 2366 3132 etiam
2395 3095 2451 3136 ⁸0

342 3153 490 3217 navi
538 3153 674 3218 eius
722 3176 823 3218 me
870 3158 935 3218 et
979 3155 1121 3238 ipso
1169 3158 1545 3220 convectore
1590 3177 1861 3220 usurum
1903 3159 2083 3239 put0.

479 3240 719 3306 Crebro
758 3242 1014 3306 refricat
1050 3242 1371 3326 lippitudo
1407 3265 1541 3308 non
1577 3244 1688 3308 illa
1728 3244 1985 3329 quidem
2011 3244 2367 3329 perodiosa,

345 3328 454 3393 sed
506 3332 721 3393 tamen
770 3351 931 3413 quae
978 3331 1283 3413 impediat
1330 3332 1743 3415 scriptionem
1789 3354 2013 3397 meam.
2105 3330 2366 3396 Valetu-

344 3414 556 3478 dinem
610 3419 787 3480 tuam
833 3418 963 3482 iam
1008 3419 1452 3483 confirmatam
1499 3443 1636 3487 esse
1683 3425 1747 3486 et
1794 3444 1830 3484 a
1873 3422 2088 3485 vetere
2135 3421 2364 3485 morbo

344 3505 408 3564 et
455 3524 492 3564 a
536 3504 721 3566 novis
766 3506 1301 3587 temptationibus
1350 3509 1617 3594 gaudeO.
2395 3535 2451 3575 ³⁵
