2642 3923
553 185 1067 242 EPISTULARUM
1102 186 1204 241 AD
1239 185 1566 243 ATTICUM
1603 188 1653 242 V
1693 192 1918 241 13-15.
2120 188 2246 252 143

227 330 490 415 Epheso
538 330 769 415 pridie3
823 330 940 395 has
988 330 1128 395 dedi
1176 329 1518 395 Trallibus,
1610 328 1688 395 In
1733 331 2063 415 provincia
2106 351 2249 394 mea

225 420 364 485 fore
418 440 520 484 me
576 418 885 504 putabam
931 418 1072 483 Kal.
1113 416 1485 485 Sextilibus,
1573 419 1678 484 Ex
1735 442 1809 483 ea
1863 419 1991 503 die,
2046 419 2100 483 si
2145 441 2247 484 me

228 530 424 592 amas,
459 509 861 592 παράπηγμα
891 506 1236 572 ἐνιαύσιον
1261 512 1677 573 commovet0.
1751 506 2005 573 Interea
2032 513 2249 572 tamen

225 595 382 661 haec
425 595 614 681 mihi,
669 616 830 680 quae
875 595 1135 681 vellem,
1188 595 1658 682 adferebantur,
1715 596 1996 681 primum
2042 595 2245 660 otium

176 711 202 751 ⁶
229 683 599 749 Parthicum
614 736 630 769 ,
716 683 864 748 dein
943 684 1266 751 confectae
1340 684 1668 768 pactiones
1741 685 2249 769 publicanorum,

230 778 554 857 postremo
602 771 832 837 seditio
878 772 1157 837 militum
1205 772 1422 837 sedata
1466 773 1547 838 ab
1575 773 1790 857 Appio
1836 772 2249 857 stipendium-

229 883 353 946 que
399 861 491 926 eis
537 881 741 944 usque
787 859 866 924 ad
908 858 1061 925 Idus
1108 858 1461 935 Quinctiles
1504 861 1919 946 persolutum.

360 947 500 1014 Nos
556 948 715 1014 Asia
772 949 1012 1032 accepit
1068 948 1545 1014 admirabiliter.
1637 949 1973 1014 Adventus
2025 952 2249 1016 noster
2284 963 2317 1012 2

227 1038 467 1103 nemini
513 1058 589 1103 ne
640 1036 907 1102 minimo
955 1037 1210 1121 quidem
1255 1037 1382 1101 fuit
1428 1037 1730 1121 sumptui.
1824 1035 2023 1121 Spero
2069 1057 2246 1102 meos

150 1154 204 1193 10
235 1147 455 1191 omnes
503 1125 740 1191 servire
784 1125 962 1190 laudi
1002 1147 1194 1191 meae.
1269 1124 1512 1191 Tamen
1545 1146 1780 1210 magno
1818 1126 2048 1191 timore
2087 1147 2249 1210 sum,

229 1214 339 1278 sed
393 1214 553 1279 bene
610 1235 956 1298 speramus.
1050 1211 1285 1279 Omnes
1341 1214 1467 1278 iam
1525 1214 1735 1278 nostri
1789 1217 2043 1298 praeter
2101 1212 2249 1278 Tul-

227 1303 389 1367 lium
447 1309 633 1367 tuum
678 1306 1004 1367 venerunt.
1096 1301 1258 1367 Erat
1306 1302 1467 1367 mihi
1510 1302 1580 1366 in
1626 1303 1840 1367 animo
1888 1307 2061 1367 recta
2105 1323 2248 1386 pro-

226 1391 425 1456 ficisci
472 1390 552 1456 ad
599 1390 967 1476 exercitum,
1012 1391 1291 1456 aestivos
1337 1411 1587 1455 menses
1633 1391 1916 1475 reliquos
1953 1390 2048 1456 rei
2085 1390 2248 1454 mili-

227 1481 354 1544 tari
400 1480 567 1565 dare,
611 1478 914 1544 hibernos
962 1479 1121 1543 iuris
1168 1478 1448 1544 dictioni.

146 1594 198 1636 ιο
361 1568 459 1632 Tu
514 1567 731 1653 velim,
793 1567 847 1631 si
902 1588 1003 1631 me
1056 1567 1261 1632 nihilo
1316 1568 1530 1632 minus
1589 1568 1764 1632 nosti
1810 1567 2133 1633 curiosum
2179 1566 2247 1631 in
2285 1582 2317 1630 3

225 1678 294 1722 re
340 1656 599 1741 publica
644 1677 836 1741 quam
880 1660 946 1720 te
1030 1655 1271 1719 scribas
1317 1656 1397 1720 ad
1440 1677 1544 1721 me
1590 1656 1834 1741 omnia,
1889 1677 2051 1740 quae
2098 1656 2248 1739 sint,

228 1767 390 1831 quae
435 1745 654 1809 futura
699 1744 847 1808 sint.
920 1709 1104 1807 &ihil
1140 1744 1299 1808 mihi
1339 1745 1586 1828 gratius
1624 1743 1829 1808 facere
1864 1748 2076 1828 potes3
2121 1743 2246 1807 nisi

226 1838 444 1898 tamen
484 1832 552 1897 id
587 1832 712 1896 erit
747 1831 908 1896 mihi
945 1832 1405 1918 gratissimum,
1453 1832 1529 1918 si,
1575 1853 1737 1916 quae
1774 1831 1899 1896 tibi
1934 1831 2249 1916 mandavi,

228 1920 572 1988 confeceris
621 1920 1062 2005 imprimisque
1109 1920 1271 1986 illud
1317 1920 1711 2005 ἐνδόμυχον,
1758 1941 1884 2006 quo
1923 1919 2084 1984 mihi
2124 1919 2247 1985 scis

148 2038 200 2077 20
226 2011 393 2076 nihil
429 2032 568 2076 esse
606 2010 830 2074 carius.
903 2008 1122 2074 Habes
1159 2010 1503 2094 epistulam
1530 2010 1785 2093 plenam
1812 2009 2247 2074 festinationis

227 2104 295 2166 et
338 2099 652 2185 pulveris;
698 2098 982 2182 reliquae
1029 2097 1401 2163 subtiliores
1448 2104 1652 2162 erunt.

1168 2309 1299 2375 XV.

565 2448 678 2505 Ser.
708 2448 1018 2505 Laodiceae
1051 2448 1165 2504 111
1191 2449 1342 2505 Non.
1374 2448 1517 2505 Sext.
1547 2467 1598 2505 a.
1632 2453 1740 2505 703
1778 2452 1916 2517 (51).

867 2588 1122 2646 CICERO
1162 2587 1425 2645 ATTICO
1466 2588 1614 2646 SAL.

147 2742 201 2784 κε
362 2714 740 2782 Laodiceam
791 2717 940 2782 veni
994 2716 1196 2800 pridie
1251 2713 1393 2779 Kal.
1434 2713 1726 2780 Sextiles.
1816 2715 1920 2782 Ex
1977 2716 2099 2782 hoc
2144 2716 2247 2781 die
2285 2735 2311 2783 1

231 2805 480 2870 clavom
528 2805 680 2869 anni
723 2803 1028 2869 movebis.
1121 2801 1303 2867 Nihil
1351 2805 1718 2888 exoptatius
1766 2805 2040 2870 adventu
2085 2827 2247 2893 me0,

229 2893 428 2958 nihil·
459 2893 683 2958 carius.
785 2890 907 2957 Sed
973 2895 1072 2956 est
1133 2891 1532 2977 incredibile,
1595 2914 1786 2977 quam
1840 2914 1941 2958 me
1999 2894 2244 2978 negotii

230 2982 510 3067 taedeat,
566 3002 700 3046 non
755 2979 992 3046 habeat
1046 2980 1204 3045 satis
1257 3000 1565 3066 magnum
1619 3003 1912 3065 campum
1967 2982 2076 3046 ille
2122 2981 2243 3046 tibi

229 3092 364 3135 non
397 3070 664 3156 ignotus
700 3090 923 3134 cursus
961 3069 1159 3133 animi
1204 3071 1270 3134 et
1304 3068 1657 3134 industriae
1690 3091 1888 3153 meae,
1922 3070 2245 3153 praeclara

151 3187 204 3227 so
234 3180 429 3243 opera
484 3161 704 3224 cesset.
800 3156 1077 3241 Quippe,
1121 3158 1223 3222 ius
1269 3155 1614 3223 Laodiceae
1667 3179 1769 3223 me
1816 3158 2048 3243 dicere,
2102 3179 2245 3224 cum

232 3247 475 3312 Romae
512 3247 587 3311 A.
617 3245 869 3311 Plotius
909 3246 1097 3331 dicat,
1142 3250 1225 3331 et,
1269 3267 1415 3310 cum
1453 3247 1801 3311 exercitum
1834 3251 2056 3311 noster
2093 3248 2243 3312 ami·

231 3358 343 3401 cus
378 3335 615 3400 habeat
649 3339 922 3420 tantum,
956 3355 1060 3399 me
1091 3355 1327 3399 nomen
1361 3333 1597 3399 habere
1617 3335 1891 3411 ⁴duarum
1918 3335 2245 3421 legionum

232 3424 538 3489 exilium?
612 3420 904 3508 Denique
953 3422 1111 3487 haec
1163 3444 1296 3487 non
1349 3422 1664 3509 desidere,
1724 3423 1962 3507 lucem,
2014 3423 2246 3507 forum,

230 3513 483 3599 urbem,
538 3511 827 3598 domum,
879 3533 994 3577 vos
1041 3511 1344 3576 desidero.
1440 3508 1562 3576 Sed
1608 3512 1825 3594 feram,
1880 3514 1953 3576 ut
1998 3515 2245 3595 potero,
