2642 3923
348 190 480 254 326
1013 190 1086 245 Μ.
1126 190 1338 245 TULLI
1375 188 1751 246 CICERONIS

349 337 564 420 erunt,
626 333 705 398 ad
768 354 929 417 quos
995 334 1240 419 aliquid
1302 333 1706 398 scribendum
1768 356 1805 396 a
1857 354 1960 396 me
2015 330 2363 413 existimes,

349 422 486 505 ipse
533 422 845 486 conficias.
919 421 1074 486 Tuis
1124 422 1397 487 salutem
1442 422 1559 486 dic.
1633 419 1820 506 Cura,
1864 424 1938 485 ut
1982 419 2213 484 valeas.
2284 416 2365 482 In

346 511 573 594 primis
607 509 691 594 id,
738 510 909 594 quod
946 510 1192 594 scribi8‚
1229 510 1527 575 omnibus
1564 510 1755 574 rebus
1792 530 1945 573 cura
1980 512 2045 571 et
2080 507 2364 592 provide,

346 620 427 663 ne
493 598 646 682 quid
710 600 769 662 ei
824 598 1015 683 desit,
1079 598 1155 663 de
1212 620 1340 682 qua
1393 599 1515 663 scis
1571 620 1674 663 me
1727 596 2154 662 miserrimum
2209 616 2361 660 esse.

347 685 566 751 Idibus
610 684 814 751 Iuniis
862 707 940 750 ex
987 687 1213 750 castris
2417 710 2450 751 5

1295 861 1410 927 IV.

641 983 753 1039 Ser.
782 986 846 1038 in
881 986 1077 1039 castris
1113 984 1339 1053 Pompei
1371 984 1459 1038 Id.
1492 983 1675 1054 Qwint.
1714 1001 1767 1037 a.
1798 986 1909 1038 706
1939 985 2077 1051 (48).
2128 983 2135 990 ‘

984 1105 1238 1162 CICERO
1276 1105 1538 1161 ATTICO
1579 1106 1725 1161 SAL.

284 1233 308 1278 1
484 1215 720 1299 Accepi
774 1215 854 1280 ab
912 1213 1162 1279 Isidoro
1216 1215 1468 1279 litteras
1524 1220 1589 1279 et
1641 1219 1868 1298 postea
1923 1214 2104 1279 datas
2159 1213 2363 1278 binas.

352 1303 454 1367 Ex
517 1303 829 1386 proximis
888 1304 1161 1388 cognovi
1219 1303 1478 1387 praedia
1538 1325 1670 1367 11011
1727 1302 1994 1367 venisse.
2094 1301 2364 1367 Videbis
2391 1331 2446 1370 ιο

352 1412 533 1476 erg0‚
587 1396 661 1456 ut
720 1395 1117 1456 sustentetur
1173 1413 1288 1474 per
1345 1395 1427 1455 te.
1517 1390 1616 1455 De
1661 1390 2012 1476 Frusinati,
2074 1392 2130 1455 si
2175 1390 2363 1455 modo

352 1479 614 1543 fruituri
659 1501 901 1566 sumuS‚
946 1480 1069 1544 erit
1104 1479 1265 1543 mihi
1300 1500 1406 1544 res
1444 1484 1824 1564 opportuna.
1897 1478 2076 1543 Meas
2111 1479 2362 1543 litteras

353 1567 524 1651 quod
566 1566 861 1652 requiriS,
906 1567 1221 1651 impedior
1264 1567 1486 1651 inopia
1531 1589 1764 1651 rerum,
1811 1589 1970 1651 quas
2006 1567 2219 1631 nullas
2254 1566 2365 1631 ha-

352 1656 473 1720 beo
515 1655 755 1721 litteris
802 1656 1047 1741 dignas,
1094 1655 1332 1740 quippe
1376 1656 1496 1740 cui,
1540 1677 1659 1720 nec
1695 1677 1857 1739 quae
1893 1655 2207 1740 accidunt,
2247 1676 2364 1719 nec

353 1765 515 1827 quae
570 1748 876 1829 aguntur,
936 1745 1070 1808 ullo
1131 1745 1317 1808 modo
1375 1744 1746 1827 probentur.
1837 1743 2105 1809 Utinam
2152 1765 2361 1807 coram
2392 1772 2444 1811 15

351 1836 562 1896 tecum
618 1832 773 1896 olim
827 1833 1044 1916 potius
1100 1854 1292 1915 quam
1345 1854 1459 1915 per
1514 1832 1847 1916 epistulas!
1918 1830 2045 1896 Hic
2097 1836 2238 1916 tua,
2290 1835 2364 1895 ut

350 1942 629 2005 possum,
675 1924 862 1985 tueor
906 1920 1075 2005 apud
1118 1920 1252 1985 hos,
1338 1917 1563 1985 Cetera
1611 1919 1806 1986 Celer.
1889 1919 2033 2004 Ipse
2077 1920 2216 2005 fugi
2263 1918 2362 1984 ad-

350 2008 477 2074 huc
537 2031 720 2074 omne
780 2031 1012 2074 munus
1073 2031 1148 2074 eo
1208 2010 1415 2093 magis
1427 2061 1444 2093 ,
1508 2010 1678 2094 quod
1737 2010 1832 2072 ita
1888 2009 2056 2073 nihil
2110 2012 2364 2093 poterat

354 2098 478 2182 agi,
522 2102 596 2162 ut
642 2098 802 2162 mihi
848 2102 912 2162 et
957 2099 1116 2162 meis
1163 2099 1354 2162 rebus
1403 2102 1624 2181 aptum
1672 2101 1857 2161 esset.

1276 2272 1374 2338 IV
1388 2296 1440 2338 a.
2393 2302 2444 2340 2⁰

450 2394 563 2450 Ser.
593 2395 912 2465 Dyrrhachi
945 2395 1089 2448 inter
1126 2394 1286 2448 XVI
1313 2402 1364 2449 et
1400 2395 1536 2448 XII
1565 2395 1642 2451 K.
1677 2395 1861 2466 Quint.
1891 2414 1942 2450 a.
1976 2400 2087 2451 706
2124 2399 2265 2465 (48).

956 2517 1242 2572 CICERO
1278 2517 1569 2572 ATTICO
1606 2518 1768 2574 SAL.

266 2643 325 2693 (ε)
488 2625 656 2702 Quid
711 2626 800 2690 sit
851 2629 1105 2710 gestum
1156 2625 1335 2708 novi,
1393 2626 1661 2710 quaeris.
1752 2626 1854 2690 Ex
1903 2626 2150 2691 Isidoro
2205 2627 2366 2691 scire

353 2714 611 2798 poteris.
684 2714 958 2798 Reliqua
1000 2735 1132 2777 non
1176 2713 1474 2777 videntur
1519 2735 1679 2778 esse·
1702 2713 2076 2778 difficiliora.
2158 2713 2256 2778 Tu
2300 2714 2365 2779 id

352 2803 571 2887 velim,
631 2803 803 2886 quod
848 2801 971 2866 scis
1018 2823 1120 2865 me
1164 2802 1437 2866 maxime
1483 2802 1672 2887 velle,
1733 2824 1948 2888 cures,
2001 2807 2075 2867 ut
2122 2803 2367 2887 scribis,
2394 2828 2445 2869 2⁵

353 2894 428 2954 ut
472 2891 644 2954 facis„
718 2890 823 2954 Me
869 2889 1126 2954 conficit
1172 2889 1559 2974 sollicitud0‚
1606 2912 1685 2954 ex
1724 2912 1850 2975 qua
1886 2890 2082 2954 etiam
2120 2913 2367 2955 summa

354 2979 695 3043 infirmitas
750 2978 1050 3061 corporis
1144 2977 1281 3079 Qua
1336 2979 1546 3042 levata
1599 3000 1708 3042 ero
1753 3000 1881 3043 una
1927 3001 2071 3043 cum
2116 3000 2208 3063 ec,
2254 2980 2367 3063 qui

352 3067 686 3151 negotium
730 3067 898 3151 gerit
944 3072 1166 3151 estque
1210 3067 1279 3130 in
1327 3088 1439 3151 spe
1484 3087 1730 3150 magna.
1813 3065 2055 3131 Brutus
2101 3067 2367 3153 amicus3

353 3156 424 3219 in
469 3176 659 3219 causa
704 3160 996 3219 versatur
1042 3154 1285 3219 acriter.

486 3242 812 3306 Hactenus
849 3243 993 3328 fuit,
1022 3242 1194 3326 quod
1231 3246 1414 3307 caute
1452 3265 1489 3306 a
1524 3264 1627 3306 me
1662 3243 1857 3307 scribi
1894 3247 2127 3327 posset.
2187 3242 2366 3308 Vale.
2393 3270 2450 3316 20

352 3328 450 3393 De
494 3331 799 3412 pensione
845 3331 1064 3417 altera,
1110 3352 1222 3394 oro
1268 3335 1362 3414 te,
1423 3330 1597 3394 omni
1642 3352 1794 3395 cura
1838 3332 2170 3396 considera
2214 3331 2372 3416 quid

353 3416 712 3481 faciendum
758 3418 863 3501 sit,
908 3422 982 3480 ut
1029 3419 1257 3502 scripsi
1302 3419 1384 3482 iis
1430 3418 1687 3503 litteris,
1734 3441 1892 3504 quas
1928 3420 2151 3484 Pollex
2195 3419 2366 3484 tulit.
