2642 3923
278 1929 305 1979 1

705 962 822 1046 Μ.
877 962 1259 1085 TULLI
1317 961 1997 1046 CICERONIS

594 1121 1362 1196 EPISTULARUM
1424 1121 1562 1196 AD
1626 1121 2111 1195 ATTIOUM

589 1284 593 1287 “
993 1275 1258 1342 LIBER
1304 1275 1724 1343 OCTAVUS.

1244 1437 1460 1448 ι--ι

1326 1557 1376 1623 Ι.

685 1680 799 1738 Sor.
839 1657 1085 1737 Formias
1120 1680 1279 1734 XIV
1310 1680 1384 1735 K.
1426 1681 1601 1735 Mam.
1640 1697 1693 1735 a.
1732 1682 1843 1736 705
1880 1683 2019 1749 (49).
2416 1690 2444 1730 ε,

981 1802 1236 1859 CICERO
1274 1802 1536 1858 ATTICO
1575 1802 1721 1857 SAL.

481 1910 646 1979 Cum
683 1913 763 1978 ad
806 1916 872 1979 te
906 1912 1159 1978 litteras
1197 1912 1530 1998 dedissem,
1574 1911 1856 1977 redditae
1905 1911 2068 1976 mihi
2101 1911 2361 1977 litterae

349 2006 502 2067 sunt
555 2025 594 2067 a
630 2001 968 2086 ·Pompei0.
1061 1999 1289 2066 Cetera
1344 2001 1422 2065 de
1474 2001 1665 2066 rebus
1728 2002 1799 2065 in
1849 2000 2082 2068 Piceno
2139 2000 2361 2085 gestis,

351 2112 511 2175 quae
569 2090 649 2154 ad
709 2112 776 2155 se
826 2089 1155 2154 Vibullius
1216 2089 1608 2176 scripsisset,
1664 2087 1742 2153 de
1800 2088 2036 2153 dilectu
2093 2087 2361 2175 Domiti,

351 2199 513 2280 quae
559 2182 712 2242 sunt
755 2178 941 2243 vobis
993 2181 1152 2242 nota
1203 2198 1321 2243 nec
1374 2182 1592 2242 tamen
1641 2180 1778 2241 tam
1831 2177 2001 2241 laeta
2056 2181 2238 2241 erant
2291 2176 2362 2240 in
2386 2203 2443 2243 ιο

349 2268 430 2330 iis
477 2266 733 2351 litteris,
779 2287 973 2350 quam
1018 2265 1098 2329 ad
1141 2287 1244 2330 me
1277 2263 1670 2330 Philotimus
1716 2265 2071 2348 scripserat.
2144 2265 2360 2348 Ipsam

348 2354 474 2419 tibi
529 2354 871 2438 epistulam
923 2354 1268 2439 misissem,
1325 2354 1435 2418 sed
1487 2353 1617 2417 iam
1673 2352 1891 2418 subito
1935 2354 2156 2417 fratris
2200 2374 2362 2437 puer

349 2441 887 2527 proficiscebatur.
978 2439 1135 2508 Cras
1180 2405 1385 2526 igitur
1429 2443 1701 2506 mittam.
1786 2439 1911 2506 Sed
1954 2441 2024 2505 iu
2069 2463 2142 2505 ea
2174 2439 2361 2506 Pom-

348 2530 452 2615 pei
500 2531 774 2614 epistula
818 2533 956 2594 erat
999 2529 1071 2595 in
1115 2535 1399 2594 extremo
1444 2531 1647 2614 ipsius
1692 2552 1911 2594 manu:
1960 2529 2090 2593 Tu
2134 2549 2359 2594 censeo

348 2616 681 2683 Luceriam
733 2618 969 2683 venias.
1059 2616 1400 2701 Nusquam
1462 2617 1587 2682 eris
1649 2618 1895 2682 tutius?
1983 2614 2058 2681 Id
2117 2638 2236 2703 ego
2289 2617 2361 2682 in
2389 2642 2443 2684 ιε

351 2729 491 2772 eam
545 2711 795 2791 partem
851 2706 1093 2790 accepi,
1147 2705 1306 2770 haec
1352 2706 1587 2790 oppida
1641 2710 1833 2789 atque
1888 2727 2065 2770 oram
2119 2705 2362 2770 mariti-

349 2817 519 2860 mam
583 2795 770 2859 illum
837 2815 954 2878 pro
1020 2795 1321 2859 derelicto
1383 2793 1646 2879 habere,
1707 2815 1824 2858 nec
1886 2816 2027 2858 sum
2088 2794 2362 2858 miratus

351 2905 524 2968 eum,
584 2882 694 2967 qui
755 2885 947 2967 caput
1005 2882 1219 2966 ipsum
1276 2882 1672 2966 reliquisset,
1729 2882 1996 2967 reliquis
2054 2882 2363 2946 membris

279 2989 311 3036 2
350 2993 483 3035 non
526 2992 798 3055 parcere.
888 2970 973 3035 Ei
1020 2971 1243 3035 statim
1288 2970 1586 3054 rescripsi
1629 2969 2080 3054 hominemque
2117 2975 2363 3034 certum

350 3059 500 3124 misi
528 3059 604 3124 de
631 3059 978 3124 comitibus
1014 3059 1190 3144 meis,
1222 3080 1372 3123 non,
1393 3079 1489 3124 me
1525 3080 1846 3144 quaerere,
1879 3059 1993 3123 ubi
2029 3059 2361 3123 tutissimo
2390 3085 2447 3124 20

352 3168 572 3212 essem.
647 3144 719 3211 Si
761 3167 864 3212 me
907 3146 1102 3213 vellet
1148 3169 1264 3212 sua
1308 3150 1422 3212 aut
1465 3147 1560 3212 rei
1595 3146 1892 3231 publicae
1935 3168 2127 3212 causa
2169 3146 2364 3211 Luce-

349 3236 515 3299 riam
558 3235 805 3321 venire,
857 3234 1081 3300 statim
1126 3256 1265 3300 esse
1307 3239 1678 3337 venturum3
1730 3234 2156 3319 hortatusque
2202 3257 2365 3321 sum,

350 3326 426 3386 ut
484 3343 663 3387 oram
724 3322 1114 3387 maritimam
1176 3324 1508 3411 retineret,
1570 3322 1627 3388 si
1688 3344 1825 3389 rem
1882 3323 2365 3388 frumffltariam

353 3409 479 3473 sibi
523 3431 601 3474 ex
648 3410 995 3493 provinciis
1043 3411 1439 3495 suppeditari
1483 3412 1691 3476 vellet.
1781 3410 1926 3477 Hoc
1976 3433 2079 3477 me
2120 3410 2365 3476 frustra

353 3495 629 3560 scribere
672 3497 993 3580 videbam,
1049 3499 1161 3562 sed
1214 3500 1313 3563 uti
1368 3500 1439 3563 in
1494 3500 1654 3609 urbe
1697 3499 2031 3565 retinenda
2073 3503 2227 3565 tunc
2272 3500 2366 3565 sic
2394 3526 2450 3567 ¹⁵
