2642 3923
662 216 1178 273 EPISTULARUM
1213 216 1314 271 AD
1353 216 1680 272 ATTICUM
1718 216 1765 270 V
1805 223 1960 270 2—4.
2199 215 2324 282 133

308 361 458 426 lano
514 384 552 426 a
595 360 846 426 Pontio.
938 358 1034 425 Ac
1087 361 1272 426 binas
1331 360 1588 445 quidem
1642 364 1788 425 tuas
1833 359 2183 425 Beneventi
2229 381 2324 423 ac·

311 449 476 534 cepi,
541 471 810 533 quarum
876 449 1109 514 alteras
1168 448 1598 513 Funisulanus
1662 449 1868 513 multo
1924 470 2109 513 mane
2164 447 2322 512 mihi

311 539 502 621 dedit,
548 539 782 602 alteras
830 538 1037 601 scriba
1082 536 1351 601 Tullius
1430 535 1817 601 Gratissima
1862 541 1961 601 est
2005 536 2165 601 mihi
2211 542 2321 601 tua

276 636 464 692 'cura
509 627 585 690 de
629 627 744 691 illo
790 647 932 690 meo
976 626 1183 709 primo
1231 630 1296 690 et
1340 627 1621 690 maximo
1666 625 1994 709 mandat03
2059 625 2167 689 sed
2212 628 2325 689 tua

258 740 283 780 5
312 716 624 799 profectio
686 736 864 798 spem
927 736 1134 778 meam
1194 714 1505 779 debilitat.
1607 712 1703 777 Ac
1756 715 1846 777 mi
1902 714 2013 778 ille
2070 712 2324 796 quidem

312 804 548 888 placet,
599 824 730 867 non
788 824 914 886 quo
971 838 1078 888 —,
1134 802 1244 866 sed
1298 803 1520 885 inopia
1574 803 1863 887 cogimur
1916 823 1992 866 eo
2038 804 2323 866 contenti

313 913 466 956 esse.
539 889 636 956 De
682 891 796 956 illo
845 890 1067 974 altero,
1113 912 1302 974 quem
1350 890 1579 955 scribis
1616 891 1740 954 tibi
1777 891 1987 954 visum
2023 912 2159 955 esse
2194 911 2325 954 non

312 980 622 1064 alienum,
677 1000 925 1059 vereor,
991 978 1214 1043 adduci
1272 983 1347 1043 ut
1406 984 1630 1043 nostra
1687 980 1922 1063 possit,
1977 983 2042 1042 et
2100 984 2172 1042 tu
2229 977 2324 1042 ais

314 1069 850 1151 δυςδιάγνωστον
886 1088 1035 1131 esse.
1109 1065 1428 1151 Equidem
1466 1089 1609 1131 sum
1644 1066 1870 1149 facilis,
1917 1066 2030 1131 sed
2066 1070 2140 1130 tu
2178 1066 2324 1130 abe-

233 1184 286 1222 ιο
313 1158 422 1240 ris,
457 1161 523 1221 et
565 1177 668 1220 me
714 1156 978 1220 absente
1013 1176 1115 1220 res
1151 1156 1433 1220 haerebit.
1500 1154 1788 1220 Habebis
1831 1155 1953 1219 mei
1993 1155 2324 1220 rationem.

312 1242 479 1309 Nam
516 1248 735 1329 posset
771 1242 1033 1327 aliquid,
1079 1243 1135 1307 si
1172 1244 1415 1308 utervis
1452 1247 1745 1308 nostrum
1783 1244 2051 1327 adesset,
2097 1247 2326 1328 agente

314 1331 585 1398 Servilia
630 1329 850 1397 Servio
896 1332 1037 1396 fieri
1081 1332 1432 1415 probabile.
1514 1330 1722 1417 Nunc,
1769 1332 1825 1396 si
1872 1332 2000 1396 iam
2045 1352 2147 1395 res
2193 1330 2326 1415 pla-

313 1426 469 1506 ceat,
515 1420 745 1507 agendi
789 1424 1005 1484 tamen
1049 1421 1219 1484 viam
1263 1442 1396 1485 non
1441 1421 1644 1485 video.

489 1508 678 1574 Nunc
741 1509 928 1574 venio
995 1508 1073 1572 ad
1131 1530 1270 1573 eam
1330 1509 1700 1592 epistulam,
1766 1530 1960 1593 quam
2020 1508 2234 1592 accepi
2288 1530 2324 1571 a

237 1623 287 1664 ιε
315 1597 545 1663 Tullio.
618 1596 715 1662 De
761 1596 1064 1661 Marcello
1109 1597 1319 1662 fecisti
1365 1597 1719 1684 diligenter.
1792 1594 2020 1682 Igitur,
2067 1600 2326 1661 senatus

314 1687 679 1752 consultum
716 1685 772 1749 si
809 1685 932 1750 erit
967 1685 1226 1770 factum,
1263 1686 1501 1750 scribes
1541 1686 1619 1749 ad
1656 1706 1783 1768 me3
1831 1685 1886 1749 si
1915 1685 2146 1770 minus,
2190 1706 2325 1749 rem

312 1781 529 1840 tamen
592 1773 914 1857 conficies3
976 1773 1137 1837 mihi
1201 1774 1373 1837 enim
1426 1772 1697 1838 attribui
1754 1774 2106 1856 oportebit,
2170 1773 2327 1837 item

313 1864 565 1928 Bibulo.
660 1861 784 1927 Sed
827 1882 961 1926 non
1007 1861 1252 1945 dubito,
1300 1862 1458 1945 quin
1504 1866 1764 1926 senatus
1811 1862 2177 1926 consultum
2224 1883 2323 1925 ex-

314 1952 601 2037 peditum
648 1951 751 2035 sit,
795 1950 863 2015 in
901 1972 1028 2034 quo
1064 1950 1443 2036 praesertim
1481 1950 1568 2015 sit
1604 1950 2047 2034 compendium
2082 1949 2322 2034 populi.

234 2040 410 2106 zoDe
455 2040 784 2125 Torquato
841 2039 1057 2123 probe.
1147 2038 1245 2104 De
1290 2038 1555 2103 Masone
1601 2043 1667 2103 et
1712 2037 1976 2124 Ligure,
2036 2060 2177 2103 cum
2225 2060 2327 2102 ve·

311 2131 542 2194 nerint.
633 2127 730 2192 De
773 2128 916 2211 illo,
978 2128 1148 2211 quod
1194 2125 1594 2212 Chaerippus
1641 2125 1976 2213 (quoniam
2021 2126 2127 2191 hic
2173 2148 2327 2210 quo·

316 2240 437 2302 que
491 2220 889 2301 πρόςνευσιν
945 2215 1328 2303 sustulisti),
1384 2237 1422 2281 o
1481 2215 1835 2299 provincia!
1900 2216 2175 2280 etiamne
2220 2215 2327 2279 hic

310 2306 473 2371 mihi
517 2305 832 2370 curandus
877 2305 1017 2369 est?
1081 2306 1397 2369 curandus
1435 2308 1647 2369 autem
1684 2303 2012 2387 hactenus,
2056 2325 2136 2368 ne
2174 2303 2326 2386 quid

315 2395 393 2460 ad
430 2399 723 2458 senatum
758 2392 1044 2457 ‘consule
1055 2392 1091 2458 2’
1141 2398 1253 2458 aut
1281 2393 1618 2457 ‘numeral'
1663 2391 1828 2457 Nam
1869 2393 1946 2457 de
1982 2391 2211 2456 ceteris
2240 2428 2325 2439 —

235 2509 288 2548 25
316 2484 424 2548 sed
470 2487 685 2547 tamen
730 2481 1075 2565 commode,
1120 2482 1289 2566 quod
1337 2504 1483 2546 cum
1529 2480 1764 2546 Scrofa.
1839 2479 1939 2545 De
1981 2479 2326 2563 Pomptino

314 2576 484 2636 recte
539 2569 784 2635 scribis.
869 2568 993 2634 Est
1048 2570 1218 2634 enim
1270 2570 1392 2655 ita,
1445 2574 1547 2654 ut,
1603 2569 1659 2633 si
1713 2573 1861 2633 ante
1917 2567 2060 2633 Kal.
2107 2566 2327 2633 Iunias

314 2659 617 2724 Brundisi
670 2658 928 2722 futurus
986 2657 1100 2742 sit,
1154 2657 1368 2722 minus
1424 2658 1735 2742 urguendi
1781 2657 2020 2721 fuerint
2065 2656 2151 2721 M.
2196 2656 2325 2721 An-

314 2749 496 2813 neius
542 2752 607 2812 et
654 2747 726 2810 L.
766 2745 1035 2809 Tullius.
1118 2745 1290 2822 Quae
1338 2745 1415 2810 de
1462 2743 1700 2810 Sicinio
1748 2745 2004 2830 audisti,
2047 2768 2121 2809 ea
2166 2745 2327 2809 mihi

314 2836 694 2921 probantur,
748 2833 940 2898 modo
985 2855 1067 2898 ne
1113 2834 1226 2899 illa
1271 2834 1560 2918 exceptio
1608 2835 1678 2897 in
1721 2833 1999 2918 aliquem
2044 2834 2329 2906 incurrat

236 2952 288 2990 so
317 2926 478 2989 bene
515 2925 591 2988 de
626 2923 816 2988 nobis
851 2923 1167 2987 meritum.
1245 2921 1366 2987 Sed
1395 2922 1957 3005 considerabimus,
1994 2943 2128 2986 rem
2158 2922 2328 2986 enim

315 3013 536 3098 probo.
628 3010 725 3076 De
777 3014 1003 3074 nostro
1061 3011 1287 3076 itinere
1336 3012 1506 3095 quod
1555 3015 1869 3096 statuero,
1922 3010 1998 3074 de
2046 3010 2328 3094 quinque

315 3101 654 3186 praefectis
717 3098 872 3184 quid
925 3097 1267 3185 Pompeius
1328 3100 1618 3164 facturus
1675 3099 1789 3184 sit,
1850 3119 1996 3163 cum
2048 3120 2126 3163 ex
2182 3099 2325 3183 ipso

314 3210 616 3276 cognom,
676 3187 934 3272 faciam,
996 3193 1071 3252 ut
1135 3189 1316 3253 scias.
1419 3185 1517 3251 De
1572 3185 1781 3271 Oppio
1846 3187 2007 3251 bene
2069 3187 2329 3271 curasti,

316 3279 487 3363 quod
531 3277 591 3342 ei
636 3276 714 3341 de
765 3278 945 3343 1³7:OE
992 3277 1375 3360 exposuisti,
1430 3276 1650 3361 idque,
1706 3277 2011 3358 quoniam
2054 3273 2327 3339 Philoti-

232 3394 285 3433 35
311 3390 487 3432 mum
524 3365 743 3448 habes,
778 3367 1007 3450 perfice
1044 3371 1110 3430 et
1147 3385 1457 3450 cognosce
1494 3364 1808 3428 rationem
1848 3367 1932 3448 et,
1974 3367 2050 3426 ut
2086 3363 2327 3448 †agam

313 3455 617 3540 amplius,
670 3454 728 3519 si
781 3476 881 3518 me
935 3475 1139 3539 amas,
1189 3454 1566 3537 priusquam
1623 3451 2079 3536 proficiscaris,
2133 3449 2317 3519 effice

313 3544 550 3630 Magna
593 3563 695 3607 me
740 3563 892 3608 cura
935 3542 1185 3610 levaris.
