2642 3923
314 187 485 242 LVIII
943 184 1367 241 ADNOTATIO
1405 183 1691 240 CRITIOA

305 329 591 398 plissima
626 326 777 395 Pius,
813 325 965 381 Wes.
987 327 1463 394 παραδιορθώσει,
1501 328 1567 380 ut
1595 327 1679 380 ait
1704 327 1850 380 Boot
1877 326 2206 394 amplissime
2234 342 2327 380 ex-

310 398 529 468 plicans
557 399 908 468 amplissimis
932 399 1122 452 verbis.
1150 428 1222 439 —
1249 404 1316 451 32
1339 398 1550 452 extulit
1578 413 1609 451 e
1637 397 1757 451 cod.
1778 397 1908 451 Ant.
1929 396 2142 462 Lamb.,
2172 396 2326 450 Wes.

311 470 433 523 sine
470 468 643 522 dubio
677 471 907 539 propter
932 469 1144 523 habuit
1167 483 1217 524 V.
1239 473 1323 522 83.
1381 468 1463 521 De
1501 468 1853 523 coniunctivo
1882 485 1930 522 v,
1953 467 2028 520 ad
2053 486 2108 537 p.
2130 475 2216 521 41.
2240 474 2325 535 25,

312 541 383 595 de
424 538 734 594 indicativo
790 539 864 593 ad
906 558 962 609 p.
1004 544 1121 594 179.
1151 544 1245 607 85,
1303 539 1374 592 de
1419 538 1693 593 varietate
1737 539 2029 592 modorum
2075 538 2148 590 ad
2193 538 2325 593 farn.

308 629 364 680 p.
397 617 516 665 152.
547 617 595 665 3.
658 613 678 681 ΙΙ
739 611 810 666 Ρ.
842 609 977 665 191.
1009 615 1040 663 5
1078 610 1140 664 id
1164 608 1407 678 Ernesti,
1445 608 1616 678 Wes.,
1652 611 1883 680 neyavit.
1940 610 2013 662 Id
2040 610 2222 678 itaque
2250 609 2326 677 M,

311 680 419 735 del.
449 682 511 736 id
545 679 694 751 vulg.
722 713 792 722 —
829 686 861 734 8
898 681 988 736 hic
1021 696 1128 736 om.
1164 680 1320 749 Tyrr.
1358 679 1516 734 tacit.
1547 711 1617 721 —
1650 680 1732 734 Ib.
1762 682 1974 734 diemm
2002 680 2126 733 XX
2159 680 2327 750 vulg.,

309 751 518 820 Baiter,
554 750 836 820 Wesenb.,
864 750 1097 821 Tyrrell.
1156 749 1316 806 ‘Cum
1346 749 1621 805 Gronovio
1657 767 1784 805 vere
1821 750 1893 804 ab
1923 750 2124 804 Ursino
2155 751 2326 820 serip-

310 826 432 877 tum
485 825 649 892 putot
713 824 794 877 At
843 823 933 877 hie
985 824 1127 876 idem
1181 822 1388 877 Bibulo
1442 822 1672 876 decrevit
1724 838 1799 876 so.
1857 821 2326 890 supplicationem

309 894 475 947 unius
523 892 659 946 diei'
699 892 859 947 Boot.
921 897 940 962 ΙΙ
1002 893 1073 948 P.
1115 892 1249 947 192.
1287 897 1319 945 2
1367 908 1449 947 me
1483 894 1572 947 sit
1609 892 1788 960 codd„
1825 909 1908 946 me
1942 899 2018 946 est
2054 891 2179 945 edd.
2238 893 2327 946 Ad

308 982 363 1034 p.
407 970 453 1018 1.
494 970 576 1018 11.
606 996 677 1004 —
701 964 782 1018 Π).
821 970 872 1018 te
906 965 1241 1033 approbante
1268 961 1389 1031 CH,
1426 961 1584 1031 Boot,
1613 962 1901 1016 Lehmann
1927 978 2012 1032 ep.
2043 962 2140 1016 sel.
2170 963 2249 1016 ΠΙ
2274 971 2327 1032 4,

311 1053 416 1090 om.
446 1041 495 1090 te
520 1032 755 1088 NOPM¹
782 1034 879 1104 (ad
902 1053 956 1104 p.
980 1040 1028 1088 8.
1051 1037 1157 1104 19),
1184 1035 1519 1103 approbante
1543 1040 1594 1088 te
1619 1033 1752 1101 M's,
1779 1033 1928 1103 vulg.
1958 1064 2029 1074 -
2058 1040 2124 1087 10
2153 1050 2328 1102 opor-

309 1113 427 1160 tun.
464 1104 558 1159 hio
592 1104 668 1174 M,
704 1106 842 1159 item
876 1122 932 1175 p.
962 1111 1189 1172 238.17,
1228 1109 1456 1173 351.18,
1502 1111 1709 1174 oppon.
1739 1110 1859 1159 227.
1880 1111 1932 1173 3,
1968 1109 2160 1172 272.8,
2198 1105 2326 1159 edd.

311 1178 646 1231 constanter.
721 1176 810 1229 Ad
845 1175 978 1230 fam.
1015 1194 1070 1245 Ρ.
1121 1180 1204 1230 18.
1252 1181 1300 1230 9.
1348 1205 1419 1216 -
1460 1175 1542 1229 Ib.
1589 1191 1746 1244 saepe
1800 1176 1933 1229 ante
1978 1182 2239 1243 oportwne
2281 1174 2325 1230 L

311 1249 497 1318 (mgo),
535 1246 622 1316 ΖΙ),
659 1245 941 1314 Wesenb.,
977 1245 1281 1300 Lehmann.
1320 1277 1391 1286 —
1424 1246 1506 1300 Ib.
1545 1247 1626 1300 vel
1660 1263 1764 1300 sor.
1800 1262 1941 1299 mus.
1979 1246 2156 1300 Rhen.
2187 1251 2326 1301 1898

353 1360 364 1371 .
399 1324 517 1386 125,
544 1325 609 1372 ut
635 1317 814 1383 codd„
836 1316 1115 1385 Wesenb.,
1143 1315 1363 1385 Tyrrell
1389 1333 1474 1386 ep.
1497 1322 1618 1385 294,
1645 1315 1951 1384 Lehmann,
1980 1332 2085 1370 om.
2113 1316 2326 1385 Baiter,

309 1336 469 1442 Boot.
548 1386 628 1443 Cf.
659 1405 705 1441 v.
728 1404 774 1441 o.
794 1405 848 1458 p.
873 1393 992 1442 120.
1014 1393 1108 1455 31,
1155 1393 1275 1441 879.
1298 1393 1357 1455 6,
1396 1393 1516 1441 412.
1539 1393 1624 1455 28,
1665 1393 1785 1442 514.
1819 1393 1907 1455 26,
1963 1386 2094 1441 fam.
2125 1386 2227 1441 VII
2258 1394 2324 1441 15

310 1459 407 1527 in.,
456 1475 571 1529 rep.
601 1459 680 1511 III
717 1464 799 1512 10.
833 1464 897 1511 17
936 1459 1020 1512 vel
1051 1460 1115 1511 in
1149 1459 1253 1512 hae
1286 1460 1411 1527 ipsa
1447 1460 1552 1512 eto.
1616 1458 1706 1511 Ad
1740 1474 1796 1527 p.
1835 1463 1954 1511 465.
1977 1464 2062 1526 28,
2099 1463 2217 1512 467.
2242 1463 2324 1514 18.

312 1561 391 1571 -
420 1535 485 1584 25
557 1545 629 1583 uo
667 1528 831 1583 codd.
861 1531 1087 1600 praeter
1119 1527 1183 1596 E,
1219 1528 1437 1596 Baiter,
1474 1528 1717 1597 Tyrrell,
1763 1530 1906 1598 quod
1941 1528 2005 1597 E,
2043 1527 2326 1598 Wesenb.,

311 1600 478 1668 Boot,
570 1599 811 1654 ehmann
861 1599 1115 1670 probab.,
1159 1615 1271 1653 non
1325 1614 1599 1654 necessat.
1647 1599 1742 1670 (ad
1786 1616 1840 1670 p.
1878 1606 1965 1653 40.
1996 1606 2064 1653 30
2088 1641 2101 1654 .
2140 1629 2210 1641 —-
2256 1606 2324 1654 28

312 1672 606 1726 adsentior
631 1669 734 1737 Μ’,
761 1670 970 1738 Baiter,
987 1670 1147 1738 Boot,
1166 1668 1402 1738 Tyr-rell,
1421 1670 1654 1725 assentio
1681 1671 1813 1724 oett.
1835 1669 2014 1737 codd„
2118 1669 2324 1738 esenb.,

312 1741 615 1838 Lehmann.
675 1741 863 1795 ‘Diese
890 1741 1055 1794 Form
1073 1739 1387 1810 gebraucht
1413 1739 1604 1795 Cicero
1623 1740 1683 1793 in
1712 1741 1822 1794 den
1846 1740 2073 1795 Briefen
2089 1740 2325 1812 haufig',

311 1815 527 1951 W&
558 1812 835 1947 ..Ἆᾶᾰῗῇὲ
846 1811 1086 1936 1314153
1096 1811 1247 1951 {111}
1274 1810 1968 1950 {iit{.⁹·0t.st{uf.²¹i.0{.
1982 1811 2327 1953 ζὲςὲᾶῐὲᾱ

313 1955 401 2009 est
432 1955 658 2024 praeter
692 1952 824 2008 fam.
862 1953 889 2009 1
928 1959 974 2008 1.
1013 1959 1045 2007 3
1083 1954 1152 2024 (v.
1193 1953 1320 2007 adn.
1361 1952 1481 2007 orit.
1526 1971 1582 2024 p.
1622 1960 1671 2008 2.
1711 1959 1779 2008 25
1817 1956 1877 2009 et
1910 1952 1987 2008 ib.
2026 1959 2094 2008 20
2131 1955 2324 2010 adsen-

312 2028 552 2094 tiuntum,
608 2031 675 2079 23
714 2026 1037 2095 adsentitwr)
1083 2027 1142 2079 et
1184 2024 1335 2078 infra
1369 2042 1423 2095 p.
1463 2030 1583 2078 269.
1622 2030 1706 2079 26.
1762 2056 1833 2067 —
1887 2030 1955 2078 37
2003 2025 2324 2080 Volcatimn.

312 2094 516 2164 OPMs,
551 2096 771 2164 Baiter,
816 2094 1099 2164 Wesenb.,
1134 2093 1379 2165 Τῇ-1011,
1425 2094 1485 2148 hi
1530 2095 1671 2149 item
1703 2113 1760 2166 p.
1807 2100 1926 2150 228.
1960 2100 2042 2163 14,
2078 2099 2197 2149 275.
2237 2102 2324 2165 85,

313 2173 431 2221 276.
464 2172 512 2235 5,
552 2172 671 2221 367.
703 2172 788 2233 32,
835 2171 956 2220 440.
987 2171 1071 2220 27.
1153 2171 1172 2232 n
1252 2166 1324 2220 P.
1355 2165 1491 2221 193.
1514 2170 1546 2219 6
1582 2168 1686 2221 isto
1723 2166 1901 2233 codd„
1936 2165 2144 2233 Baiter,
2181 2165 2324 2221 Leh-

309 2254 504 2306 mann,
559 2239 656 2291 illo
702 2236 993 2304 Wesenb.,
1048 2235 1216 2304 Boot,
1271 2235 1514 2304 Tyrrell,
1569 2252 1682 2290 non
1727 2254 1775 2291 v.
1805 2254 1851 2292 0.
1880 2242 2001 2291 218.
2036 2242 2099 2290 19
2142 2240 2201 2292 et
2238 2244 2324 2306 31,

311 2315 429 2363 226.
464 2313 548 2376 18,
596 2314 716 2361 231.
749 2313 815 2360 29
856 2309 914 2361 et
949 2312 1018 2360 35
1037 2323 1119 2374 sq.
1157 2306 1254 2374 (ad
1296 2306 1416 2361 Mil.
1445 2325 1499 2377 p.
1532 2313 1651 2361 306.
1683 2310 1786 2377 18).
1844 2311 1915 2348 -·-
1971 2314 2036 2361 12
2081 2325 2201 2377 spes
2255 2341 2325 2351 —

307 2381 380 2434 sit
431 2377 679 2446 Ernesti,
735 2377 1027 2444 Wesenb.,
1080 2394 1167 2432 res
1219 2409 1286 2418 —
1342 2379 1416 2432 sit
1461 2378 1647 2445 codd,
1704 2378 1857 2447 quod
1901 2394 2013 2432 non
2060 2379 2326 2449 displicet

307 2449 629 2504 Lehmanno
658 2465 743 2519 ep.
774 2448 901 2502 sel.⁶
970 2491 982 2502 .
1012 2454 1134 2516 244,
1160 2449 1302 2503 vires
1327 2480 1399 2489 —
1424 2451 1538 2504 sint
1563 2448 1745 2518 Klotz,
1780 2448 1990 2517 Baiter,
2018 2449 2325 2518 Lehmann,

307 2519 549 2589 Tyrrell,
596 2521 679 2574 vis
705 2551 774 2560 —
800 2520 875 2574 sit
970 2518 1194 2572 ronovio
1242 2521 1468 2573 auctore
1513 2519 1657 2573 Boot
1691 2536 1811 2589 spes
1853 2521 1929 2573 ad
1972 2523 2326 2575 resistendum

305 2594 377 2646 sit
419 2591 683 2645 Latinum
738 2606 860 2644 esse
914 2605 1145 2659 negans.
1219 2588 1298 2644 Of.
1346 2589 1495 2643 infra
1529 2607 1583 2661 p.
1620 2595 1741 2644 484.
1781 2595 1867 2658 33,
1904 2590 2196 2644 Eberhard
2251 2592 2327 2645 ad

305 2661 424 2715 Mil.
455 2667 504 2716 2.
534 2668 566 2715 5
605 2678 687 2716 ez.
718 2692 788 2702 —
814 2667 881 2714 22
919 2678 1012 2714 vos
1039 2691 1109 2701 —
1135 2661 1261 2715 estis
1294 2660 1356 2713 in
1382 2659 1637 2731 parenth.
1668 2661 1971 2715 Lehmann.
2036 2662 2126 2715 Ad
2152 2681 2207 2732 Ρ.
2240 2669 2322 2717 16.

308 2740 390 2787 14.
429 2754 500 2773 -·
545 2738 612 2785 23
658 2747 751 2802 eqo
837 2733 927 2785 ost
977 2738 1158 2787 tamen
1200 2728 1566 2801 Wesenberg,
1609 2731 1769 2785 Boot.
1832 2730 1898 2785 V.
1930 2732 2006 2785 ad
2083 2776 2093 2787 .
2129 2739 2244 2788 187.
2276 2739 2324 2788 6.

306 2835 374 2843 —-
408 2802 489 2856 Ib.
527 2804 659 2857 haec
694 2800 752 2870 C,
846 2804 956 2869 oot,
993 2800 1227 2870 Tyrrell,
1264 2801 1569 2871 Lehmann,
1605 2803 1698 2856 hec
1732 2802 1834 2870 M1,
1870 2804 1969 2857 hoc
2058 2803 2095 2871 ⁸,
2115 2803 2326 2872 Baiter,

305 2872 568 2926 Wesenb.
633 2872 722 2926 Ad
748 2889 802 2942 Ρ.
836 2878 919 2926 12.
950 2877 999 2926 6.
1029 2902 1099 2913 --
1136 2877 1204 2925 26
1230 2873 1364 2926 illac
1392 2872 1569 2941 oodd.,
1597 2872 1806 2940 Baiter,
1835 2872 2053 2942 Tyrrell
2082 2890 2322 2945 compar.

305 2942 399 2996 Ov.
429 2943 558 2997 Her.
587 2942 614 2997 Ι
660 2948 762 2996 103
816 2944 920 2997 hac
961 2944 1194 3011 faeiwnt,
1240 2942 1552 3012 Lehmann,
1600 2961 1726 2997 cum
1772 2960 1934 2997 eruce
1978 2944 2123 2998 Boot
2165 2944 2322 3014 prob.

302 3015 451 3081 illue,
488 3013 525 3066 i.
547 3028 595 3068 e.
631 3014 790 3080 illud,
826 3015 985 3067 illinc
1011 3012 1252 3080 Corrad,
1280 3012 1431 3068 Wes.
1470 3013 1536 3068 V.
1564 3014 1698 3067 Brix
1727 3014 1803 3068 ad
1818 3014 2001 3069 Plaut.
2030 3014 2180 3068 Trin.
2202 3020 2326 3083 383,

302 3084 441 3137 Enn.
483 3099 608 3139 ann.
632 3089 734 3137 246
771 3083 893 3153 Mn,
929 3083 1072 3138 Plin.
1093 3098 1178 3154 ep.
1199 3083 1330 3137 VIII
1358 3091 1440 3138 14.
1464 3091 1529 3139 19
1552 3101 1600 3138 a.
1615 3101 1698 3139 ex.
1729 3087 1788 3140 et
1814 3091 1899 3140 20.
1930 3117 1998 3126 --
2036 3090 2102 3139 28
2134 3085 2193 3142 0.
2215 3085 2325 3142 del.

305 3153 548 3223 Con-ad,
600 3154 809 3209 Baiter.
867 3186 937 3196 —
987 3155 1069 3209 Ib.
1119 3162 1466 3225 memunwa·
1518 3155 1768 3225 Kaysero
1835 3159 2060 3210 auctore
2114 3156 2328 3226 Baiter,

303 3225 584 3293 Wesenb.,
621 3224 855 3293 Tyrrell.
929 3224 1019 3278 Ad
1068 3243 1121 3296 p.
1165 3231 1282 3280 106.
1321 3232 1372 3280 9.
1410 3256 1481 3268 —
1525 3232 1591 3280 32
1638 3244 1760 3281 vero
1804 3229 1967 3282 etiam
2013 3226 2120 3296 ΟΡ,
2158 3227 2307 3299 vulg.

302 3296 446 3350 enim
482 3312 603 3351 vero
629 3296 930 3364 Hofmann‚
966 3295 1128 3365 Boot,
1165 3298 1326 3351 etiam
1364 3314 1486 3352 vero
1524 3296 1683 3352 codd.
1721 3296 1897 3352 ENM.
1935 3328 2007 3339 —
2043 3304 2111 3352 36
2147 3272 2330 3371 [ηοω]

301 3367 460 3420 Boot.
516 3367 607 3420 Ad
633 3385 686 3437 p.
719 3373 803 3422 84.
827 3373 911 3421 28.
959 3373 977 3433 ΙΙ
1021 3367 1094 3422 P.
1115 3366 1251 3422 194.
1281 3373 1312 3420 3
1336 3384 1456 3435 sqq.
1477 3370 1590 3435 fere
1610 3400 1677 3408 -
1694 3370 1964 3438 scripsisti
1987 3368 2048 3422 in
2109 3370 2327 3425 arenth.

303 3437 431 3491 secl.
453 3440 555 3492 aut
581 3438 689 3492 del.
718 3440 873 3494 venio
900 3438 977 3492 ad
998 3439 1223 3506 privata
1248 3438 1535 3509 Madvigio
1571 3442 1798 3494 auctore
1827 3440 2035 3507 Baiter,
2135 3440 2326 3496 esenb.

301 3508 537 3562 Tradita
587 3508 843 3564 defendit
895 3508 1183 3562 Lehmann
1237 3511 1297 3563 et
1343 3509 1575 3578 Tyrrell.
1649 3510 1879 3578 Melius,
1936 3511 2128 3574 oredo,
2181 3511 2329 3567 Boot
