2642 3923
587 211 1098 268 EPISTULARUM
1130 214 1229 267 AD
1267 213 1594 269 ATTICUM
1630 214 1732 267 XII
1770 219 1996 270 38—40.
2170 216 2299 280 383

278 357 471 421 naleS.
555 355 653 421 De
696 354 895 420 Drusi
939 356 1167 441 hortis,
1215 358 1508 441 quamvis
1558 358 1637 422 ab
1684 358 1766 423 iis
1815 359 2179 445 abhorreaS,
2225 364 2300 423 ut

278 445 522 528 seribiS,
569 450 787 509 tamen
833 466 906 509 eo
954 446 1336 530 confugiam,
1382 447 1509 510 nisi
1557 446 1711 530 quid
1754 448 2092 512 inveneris.
2181 447 2300 511 Ae·

277 534 556 597 dificatio
613 556 713 596 me
769 554 900 596 non
960 539 1191 597 movet.
1283 533 1471 598 Nihil
1516 535 1685 598 enim
1733 536 1908 600 aliud
1953 536 2298 600 aedificabo

277 622 402 686 nisi
448 621 533 705 id,
588 622 759 705 quod
804 622 1016 708 etiam,
1072 622 1127 685 si
1174 623 1324 686 illos
1371 645 1505 687 non
1549 622 1852 688 habuero,
1943 627 2172 709 Κῦρος
2218 622 2298 707 δ’,

223 736 249 775 ⁵
277 708 324 774 ε’
370 710 531 774 mihi
570 712 660 774 sie
696 710 937 793 placuit
975 714 1050 774 ut
1086 715 1295 774 cetera
1330 710 1761 797 Antisthenis,
1805 711 2089 778 hominis
2128 713 2299 777 acuti

276 799 483 883 magis
532 820 725 882 quam
771 798 1020 863 eruditi.

1135 975 1430 1041 XXXIX.

636 1095 752 1152 Ser.
783 1096 1024 1151 Asturae
1075 1097 1232 1150 VIII
1260 1098 1348 1150 Id.
1383 1098 1526 1152 Mai.
1559 1115 1609 1152 a.
1643 1102 1753 1153 709
1791 1102 1929 1167 (45).

878 1219 1165 1274 CICERO
1200 1219 1492 1275 ATTICO
1529 1221 1692 1276 SAL.

198 1356 247 1394 ιο
406 1329 805 1393 Tabellarius
862 1329 942 1392 ad
994 1350 1099 1392 me
1152 1350 1296 1392 cum
1355 1330 1493 1394 sine
1537 1330 1773 1394 litteris
1818 1330 1951 1394 tuis
1998 1328 2297 1412 venisset,
2338 1350 2364 1396 1

274 1418 635 1482 existimavi
681 1417 803 1481 tibi
849 1438 987 1480 eam
1034 1438 1290 1480 causam
1337 1439 1468 1481 non
1506 1419 1824 1482 scribendi
1861 1419 2081 1503 fuisse,
2127 1419 2299 1502 quod

274 1507 479 1589 pridie
524 1506 886 1588 scripsisses
934 1527 1007 1568 ea
1050 1506 1219 1590 ipsa,
1277 1506 1356 1569 ad
1404 1528 1596 1590 quam
1642 1507 1958 1592 rescripsi,
2004 1506 2295 1590 epistula.

276 1595 734 1678 Exspectaram
780 1597 995 1656 tamen
1041 1594 1286 1677 aliquid
1332 1595 1409 1658 de
1454 1594 1689 1658 litteris
1734 1594 1924 1659 Asini
1964 1594 2295 1660 Pollionis.

278 1683 400 1747 Sed
454 1683 725 1746 nimium
784 1704 862 1746 ex
916 1703 1058 1745 meo
1124 1682 1252 1745 otio
1313 1687 1489 1745 tuum
1564 1686 1797 1766 specto.
1897 1682 2296 1767 Quamquam

197 1797 247 1837 15
277 1771 401 1835 tibi
446 1771 728 1855 remitt0,
771 1770 899 1833 nisi
945 1769 1100 1854 quid
1135 1791 1395 1834 necesse
1441 1771 1582 1855 erit,
1629 1792 1885 1836 necesse
1931 1793 2013 1835 ne
2056 1771 2295 1836 habeas

278 1859 571 1944 scribere,
615 1857 743 1921 nisi
792 1859 916 1923 eris
963 1858 1147 1921 valde
1195 1859 1460 1922 otiosus.

407 1945 506 2012 De
550 1946 904 2011 tabellariis
942 1946 1232 2032 facerem,
1278 1947 1734 2034 quodsuades,
1781 1947 1836 2012 si
1874 1952 2088 2013 essent
2125 1948 2295 2013 ullae
2333 1967 2364 2014 2

274 2036 665 2101 necessariae
709 2035 982 2117 litterae,
1039 2040 1114 2099 ut
1160 2041 1343 2099 erant
1391 2036 1563 2121 olim,
1600 2059 1743 2101 cum
1787 2042 2002 2101 tamen
2049 2037 2296 2101 brevio-

274 2126 454 2189 ribus
514 2124 737 2190 diebus
801 2124 1034 2188 cotidie
1097 2124 1567 2208 respondebant
1628 2126 1902 2208 tempori
1955 2125 2297 2211 tabellarii,

203 2242 256 2279 20
283 2218 348 2278 et
392 2217 529 2278 erat
566 2213 834 2297 aliquid,
889 2210 1113 2299 Silius,
1165 2211 1446 2296 Drusus,
1501 2213 1626 2277 alia
1673 2214 1998 2297 quaedam.
2089 2212 2296 2299 Nunc,

274 2303 401 2367 nisi
448 2300 618 2367 Otho
668 2301 1051 2383 exstitisset,
1106 2303 1277 2385 quod
1324 2302 1770 2388 scriberemuS,
1828 2324 1962 2366 non
2008 2307 2170 2386 erat3
2229 2303 2299 2366 id

275 2393 487 2475 ipsum
532 2390 802 2454 dilatum
849 2394 962 2453 est.
1037 2389 1280 2454 Tamen
1315 2390 1589 2476 adlevor,
1634 2412 1779 2455 cum
1815 2390 2047 2475 loquor
2082 2395 2293 2455 tecum

276 2481 533 2564 absens,
593 2478 799 2542 multo
867 2479 1061 2542 etiam
1121 2479 1329 2562 magis
1342 2531 1360 2563 ,
1425 2500 1568 2542 cum
1622 2482 1767 2543 tuas
1822 2479 2073 2543 litteras
2128 2480 2292 2564 leg0.

278 2568 419 2651 Sed,
464 2568 768 2651 quoniam
814 2570 879 2630 et
924 2567 1075 2630 abes
1125 2565 1244 2652 (sic
1287 2567 1458 2631 enim
1497 2564 1825 2654 arbitror),
1872 2572 1938 2631 et
1976 2568 2294 2632 scribendi

194 2683 246 2723 25
275 2657 622 2721 necessitas
675 2655 856 2718 nulla
911 2659 1035 2738 est,
1099 2655 1551 2739 conquiescent
1605 2656 1885 2741 litterae,
1948 2656 2078 2721 nisi
2139 2656 2295 2740 quid

274 2744 426 2809 novi
474 2744 811 2808 exstiterit.

1221 2919 1353 2985 XL.

664 3040 776 3096 Ser.
805 3041 1045 3096 Asturae
1089 3041 1214 3095 VII
1241 3042 1330 3096 Id.
1361 3041 1503 3096 Mai.
1534 3059 1584 3096 a.
1618 3045 1728 3096 709
1765 3046 1901 3111 (45).

879 3163 1169 3219 CICERO
1204 3163 1498 3219 ATTICO
1532 3164 1697 3219 SAL.

194 3301 248 3341 so
410 3272 628 3349 Qualis
682 3273 902 3336 futura
956 3274 1044 3337 sit
1090 3271 1380 3338 Caesaris
1434 3274 1823 3357 vituperatio
1883 3279 2106 3339 contra
2160 3275 2292 3339 lau·
2331 3291 2352 3337 1

275 3362 598 3425 dationem
653 3384 887 3447 meam,
948 3362 1245 3445 perspexi
1298 3384 1375 3426 ex
1422 3384 1497 3426 eo
1542 3363 1738 3448 libro,
1803 3385 1990 3445 quem
2037 3362 2291 3426 Hirtius

276 3451 355 3514 ad
408 3472 509 3513 me
567 3449 771 3533 misit3
834 3449 903 3513 in
950 3472 1077 3534 quo
1134 3450 1383 3535 colligit
1438 3451 1597 3515 vitia
1642 3450 1938 3535 Catonis,
1992 3450 2102 3514 sed
2147 3473 2291 3514 cum

275 3538 572 3602 maximis
628 3538 923 3602 laudibus
978 3539 1156 3604 meis.
1247 3538 1475 3623 Itaque
1528 3539 1674 3602 misi
1734 3538 1974 3602 librum
2029 3538 2108 3601 ad
2154 3538 2290 3601 Mu-
