2642 3923
354 159 484 226 238
993 160 1067 214 M.
1106 159 1323 215 TULLI
1358 157 1733 215 CICERONIS

350 303 534 369 nulla
576 306 745 369 sunt.
816 300 1024 369 Nemo
1069 302 1243 369 enim
1283 303 1493 369 nostri
1541 302 1781 368 ordinis
1825 302 1897 367 in
1930 302 2034 367 his
2071 301 2230 368 loeis
2269 306 2371 367 est

354 397 609 477 praeter
652 390 739 457 M„
785 390 1098 477 Eppium,
1153 413 1345 476 quem
1399 412 1518 477 ego
1565 390 1927 456 Menturnis
1983 412 2122 456 esse
2174 390 2373 474 volui,

356 480 736 567 vigilantem
782 478 1110 545 hominem
1155 484 1220 544 et
1261 479 1667 545 industrium.
1757 477 1958 544 Nam
1951 477 2040 542 „L
2087 477 2372 563 Torqua-

353 572 522 655 tum,
574 568 783 633 virum
838 568 1072 634 fortem
1125 571 1192 633 et
1245 589 1391 633 oum
1444 567 1853 651 auctoritate,
1906 565 2182 632 Formiis
2236 588 2373 632 non

355 657 686 743 habemus,
730 656 811 721 ad
853 659 921 721 te
963 656 1324 742 profectum
1370 656 1775 721 arbitramur.
2428 683 2459 724 ε

489 745 636 831 Ego
692 745 982 831 omnine,
1034 749 1110 810 ut
1161 744 1452 829 proxime
1496 744 1622 809 tibi
1673 744 2024 830 placuerat,
2082 741 2372 829 Capuam

355 831 1872 1004 351¹„3⁰20¹Pffliaeq¹ssssniumT⁶3¹sssssffiss¹⁶ssss
1913 832 2373 1004 {zasszssssffffit

354 1010 618 1096 negotia
678 1010 863 1075 tueri.
964 1006 1129 1074 Cum
1192 1029 1267 1074 eo
1332 1010 1673 1094 venissem,
1742 1008 1875 1073 vidi
1937 1007 2007 1074 Τ.
2061 1007 2190 1073 Αιιι
2232 1009 2372 1073 ιιιιιι

356 1099 658 1164 dilectum
709 1096 945 1163 habere
1001 1097 1519 1183 diligentissime,
1577 1096 1659 1162 ab
1718 1117 1794 1162 eo
1853 1097 2136 1181 accipere
2179 1031 2370 1161 fibo·
2400 1124 2457 1163 ιο

354 1209 520 1274 nem,
565 1208 813 1251 summa
856 1185 1014 1251 item
1059 1185 1394 1272 diligentia
1439 1189 1504 1250 et
1547 1184 1620 1250 ιιι
1659 1185 1774 1250 illa
1809 1184 2061 1249 colonia
2096 1185 2371 1250 auotori-

357 1279 505 1340 tate.
596 1273 718 1339 Fui
764 1271 1043 1358 Capuae,
1103 1273 1314 1358 quoad
1373 1274 1683 1339 eonsules,
1775 1271 2043 1359 Iterum,
2102 1277 2177 1338 ut
2232 1277 2371 1338 erat

357 1363 636 1429 edietum
682 1384 721 1426 a
756 1362 1144 1447 oonsulibus,
1189 1362 1337 1426 veni
1374 1358 1658 1446 Capuam
1692 1362 1773 1426 ad
1808 1325 2043 1427 Nonas
2068 1360 2369 1427 Februar.

357 1448 522 1517 Cum
564 1450 833 1515 fuissem
878 1450 1182 1535 triduum,
1225 1450 1435 1535 recepi
1479 1471 1583 1515 me
1626 1448 1934 1514 Formias.

489 1537 680 1604 Nune
737 1539 908 1624 quod
964 1542 1151 1603 tuum
1210 1539 1550 1603 eonsilium
1608 1542 1721 1603 aut
1778 1559 1942 1623 quae
1992 1538 2160 1603 ratio
2216 1536 2371 1602 belh·
2399 1564 2454 1605 ιε

357 1628 461 1713 sit,
505 1628 751 1713 ignoro.
844 1625 914 1692 Si
972 1626 1311 1691 tenendam
1366 1626 1533 1692 hane
1591 1648 1770 1692 oram
1820 1630 2042 1713 putas,
2099 1647 2261 1710 quae
2305 1630 2371 1690 et

359 1716 865 1802 oportunitatem
925 1718 991 1780 et
1050 1715 1433 1801 dignitatem
1487 1714 1685 1780 habet
1738 1718 1803 1779 et
1863 1715 2154 1801 egregios
2201 1714 2369 1778 cives

357 1809 439 1889 et,
484 1808 559 1869 ut
603 1803 901 1888 arbitror,
945 1804 1149 1868 teneri
1194 1807 1439 1888 potest,
1483 1824 1646 1888 opus
1693 1807 1790 1868 est
1838 1824 1992 1886 esse,
2038 1803 2150 1887 qui
2194 1823 2370 1886 prae-

357 1893 473 1979 sit3
517 1892 620 1958 sin
666 1891 880 1957 omnia
924 1892 996 1956 in
1039 1913 1238 1957 unum
1280 1891 1495 1956 locum
1540 1890 1972 1956 contrahenda
2017 1895 2195 1976 sunt,
2239 1911 2372 1954 non

357 1983 605 2068 dubito,
641 1982 798 2066 quin
834 1981 915 2046 ad
948 1985 1016 2046 te
1052 1980 1277 2046 statim
1312 1980 1583 2066 veniam,
1629 2002 1757 2065 quo
1794 1980 1954 2045 mihi
1989 1979 2156 2044 nihil
2192 1984 2370 2064 opta-
2399 2006 2453 2046 zo

355 2072 488 2136 tius
535 2074 660 2153 est,
718 2069 911 2154 idque
953 2073 1166 2134 tecum
1172 2118 1191 2153 ,
1251 2090 1380 2152 quo
1439 2069 1542 2133 die
1601 2067 1682 2133 ab
1728 2069 1887 2134 urbe
1945 2067 2370 2151 discessimus,

355 2159 611 2224 loeutus
649 2179 807 2223 sum.
871 2156 1035 2243 Eg0,
1080 2157 1137 2222 si
1174 2156 1329 2241 quoi
1364 2156 1570 2221 adhue
1605 2157 1824 2222 videor
1861 2157 2118 2258 segnior
2153 2155 2372 2241 fuisse,

356 2248 509 2312 dum
551 2268 633 2312 ne
678 2245 802 2310 tibi
838 2245 1071 2330 videar,
1114 2266 1248 2309 non
1291 2244 1519 2309 laboro
1557 2248 1623 2309 et
1660 2249 1891 2332 tamen,
1937 2245 2011 2328 si,
2056 2248 2132 2308 ut
2168 2243 2370 2327 vide0‚

356 2334 597 2401 bellum
641 2332 990 2420 gerendum
1033 2337 1149 2417 est,
1194 2333 1443 2398 confido
1489 2354 1591 2397 me
1638 2333 1934 2398 omnibus
1979 2295 2166 2398 facile
2211 2331 2368 2397 satis

355 2424 691 2490 facturum.
764 2421 850 2486 M
888 2420 1189 2500 Tullium,
1235 2443 1451 2486 meum
1494 2421 1941 2507 necessarium,
1986 2420 2066 2485 ad
2102 2425 2168 2486 te
2203 2419 2371 2504 misi,
2398 2447 2450 2488 ιε

358 2513 460 2578 oui
505 2516 598 2602 tu,
643 2511 699 2576 si
743 2510 867 2575 tibi
911 2508 1250 2593 videretur,
1297 2510 1379 2575 ad
1422 2531 1526 2575 me
1569 2509 1823 2575 litteras
1868 2509 2067 2575 dares.

1332 2770 1403 2842 C.

762 2895 876 2952 Sor.
918 2896 1129 2951 Canusi
1167 2896 1229 2949 X
1261 2895 1336 2949 K.
1378 2895 1553 2950 Mart.
1592 2912 1643 2949 a.
1686 2898 1795 2949 705
1833 2864 1972 2962 (49).

534 3018 643 3075 CN.
681 3018 986 3075 MAGNUS
1023 3017 1318 3074 PROCOS.
1360 3018 1412 3073 S.
1450 3017 1518 3074 D.
1555 3017 1631 3072 M.
1671 3016 2012 3073 CICERONI
2047 3017 2193 3073 ῙΜΡ.

490 3124 550 3194 S.
598 3125 675 3192 V.
722 3126 795 3191 B.
885 3126 1056 3193 Tuas
1115 3127 1369 3193 litteras
1427 3126 1705 3191 libenter
1762 3125 1910 3213 legi.
2001 3124 2370 3211 Recognovi
2397 3153 2451 3193 so

357 3217 527 3283 enim
571 3221 751 3280 tuam
804 3217 1146 3299 pristinam
1199 3216 1506 3280 virtutem
1566 3215 1761 3279 etiam
1813 3214 1884 3279 in
1942 3214 2148 3279 salute
2205 3235 2370 3279 oom-

355 3303 550 3368 muni.
645 3300 954 3368 Consules
1001 3304 1082 3368 ad
1134 3325 1280 3368 eum
1338 3302 1713 3389 exereitum,
1772 3324 1964 3387 quem
2020 3302 2089 3366 in
2133 3301 2372 3387 Apulia

353 3390 570 3474 habui,
615 3395 942 3455 venerunt.
1015 3391 1254 3476 Magno
1302 3411 1493 3475 opere
1538 3395 1603 3456 te
1646 3390 1875 3456 hortor
1921 3412 2037 3476 pro
2084 3395 2198 3455 tuo
2245 3390 2372 3455 sin-

358 3476 568 3559 gulari
612 3481 1049 3562 perpetuoque
1096 3479 1309 3544 studio
1357 3479 1427 3543 in
1471 3501 1602 3543 rem
1651 3480 2001 3566 publicam,
2054 3483 2128 3544 ut
2181 3482 2246 3543 te
2292 3478 2371 3542 ad

2607 3741 2611 3862 Ι
