2642 3923
566 216 1080 273 EPISTULARUM
1114 217 1215 272 AD
1251 217 1579 272 ATTICUM
1613 217 1744 272 vm
1781 218 2060 271 11-1113.
2186 215 2314 280 237

302 362 457 446 quid
504 361 760 445 efficiat,
806 366 1121 446 exspecto.
1211 359 1482 426 Utinam
1529 360 1773 444 aliquid
1819 361 2027 424 simile
2073 359 2318 423 Parthi-

303 451 394 515 cis
440 450 661 515 rebus!
749 448 958 515 Simul
1004 450 1249 535 aliquid
1294 449 1575 535 audiero,
1622 449 1897 513 scribam
1944 449 2023 513 ad
2068 453 2147 512 te.
2218 447 2319 512 Tu

302 540 382 603 ad
434 560 538 603 me
592 538 785 603 velim
844 538 1162 602 bonorum
1218 559 1559 603 semones.
1650 536 1893 602 Romae
1951 538 2318 621 frequentes

302 649 441 693 esse
480 628 795 691 dicuntur.
868 626 1013 692 Scio
1052 626 1348 710 equidem
1383 631 1450 690 te
1495 627 1565 690 in
1599 626 1929 709 publicum
1965 647 2098 690 non
2134 624 2319 709 prod-

244 741 273 781 5
302 717 423 801 ire,
480 717 593 781 sed
647 719 864 779 tamen
923 714 1140 779 audire
1185 719 1251 779 te
1298 715 1505 778 multa
1546 736 1802 779 necesse
1849 718 1962 778 est.
2054 713 2317 777 Memini

300 805 541 871 librum
585 804 707 868 tibi
755 803 989 868 adferri
1027 827 1064 867 a
1100 802 1428 868 Demetrio
1468 803 1768 887 Magnete
1815 802 1894 866 ad
1939 806 2004 866 te
2050 802 2320 865 missum

302 893 493 978 [scio]
538 891 689 978 περὶ
737 893 1065 977 ὁμονοίας.
1137 891 1309 956 Ε11111
1355 891 1515 956 mihi
1552 892 1745 955 velim
1789 891 2030 955 mittas.
2103 889 2323 976 Vides,

302 1003 494 1067 quam
543 1003 798 1046 causam
842 980 1128 1045 mediter.

1269 1154 1347 1220 A.

217 1289 272 1328 10
662 1276 777 1333 Ser.
816 1278 1086 1332 Imeeriae
1119 1277 1218 1331 IV
1247 1277 1337 1331 Id.
1375 1277 1537 1332 Febr.
1577 1295 1628 1331 a.
1671 1280 1779 1331 705
1817 1278 1955 1344 (49).

487 1398 598 1456 CN.
636 1399 940 1454 MAGNUS
976 1399 1270 1455 PROCOS.
1311 1399 1365 1454 S.
1402 1400 1467 1455 D.
1505 1399 1581 1455 M.
1621 1398 1959 1455 CICERONI
1994 1398 2139 1453 IMP.

433 1507 501 1586 Q.
550 1508 791 1573 Fabius
851 1507 927 1572 ad
987 1531 1091 1573 1110
1150 1508 1329 1573 venit
1388 1530 1441 1572 a.
1489 1507 1546 1571 (1.
1601 1525 1707 1571 1111
1764 1506 1921 1572 Idus
1979 1505 2162 1572 Febr
2252 1505 2318 1571 Is

297 1598 558 1661 nuntiat
602 1595 672 1662 L.
719 1597 1083 1661 Domitium
1130 1619 1275 1660 cum
1324 1597 1456 1660 suis
1495 1594 1871 1661 cohortibus
1915 1612 2017 1659 ΧΠ
2063 1599 2128 1659 et
2173 1616 2318 1659 cum

301 1685 676 1750 cohortibus
722 1702 902 1771 xnn,
967 1707 1125 1786 quas
1172 1683 1503 1749 Vibullius
1563 1684 1855 1768 adduxit,
1915 1683 1996 1747 ad
2047 1705 2150 1748 me
2196 1684 2319 1748 iter

220 1801 272 1841 15
299 1772 561 1860 habere3
613 1772 915 1838 habuisse
970 1773 1042 1837 in
1094 1774 1307 1836 animo
1369 1772 1688 1856 proficisci
1739 1770 2021 1836 Corfinio
2068 1793 2120 1835 a.
2168 1772 2223 1835 d.
2270 1790 2316 1836 v

298 1861 453 1927 Idus
513 1861 723 1946 Febr.3
795 1860 859 1926 C.
920 1861 1191 1925 Hirrum
1249 1883 1395 1925 cum
1453 1878 1501 1923 v
1559 1859 1934 1924 cohortibus
1994 1860 2229 1944 subseq
2232 1861 2315 1924 ui.

303 1949 573 2036 Censeo,
627 1951 706 2014 ad
758 1972 878 2015 nos
932 1949 1267 2015 Luceriam
1311 1950 1547 2015 venias.
1639 1946 1808 2014 Nam
1862 1952 1927 2013 te
1980 1946 2087 2013 hic
2130 1949 2317 2013 tutis-

299 2041 458 2104 sime
504 2043 664 2123 puto
709 2039 865 2104 fore.

1267 2214 1341 2282 B.

218 2348 272 2388 ω
642 2334 756 2391 s‘cr.
794 2336 1041 2391 Formiis
1078 2336 1236 2390 Χῑν
1268 2335 1344 2389 K.
1384 2335 1559 2391 Mart.
1598 2352 1650 2389 a.
1692 2337 1802 2389 705
1840 2337 1978 2403 (49).

545 2459 620 2515 M.
658 2456 913 2515 CICERO
949 2459 1096 2515 IMP.
1134 2459 1188 2515 S.
1226 2460 1291 2515 D.
1332 2459 1444 2515 CN.
1482 2455 1744 2513 MAGNO
1782 2456 2074 2513 PROCOS.

432 2566 508 2631 A
556 2568 612 2632 d.
658 2586 755 2631 xv
799 2567 1064 2632 Kalend.
1110 2568 1381 2632 Martias
1427 2566 1705 2632 Formiis
1760 2567 1969 2650 accepi
2020 2571 2168 2631 tuas
2212 2567 2318 2632 lit-
2355 2585 2383 2635 1

299 2660 499 2740 1101333
544 2678 621 2720 ex
669 2657 902 2739 quibus
949 2677 1040 2740 03,
1087 2678 1249 2741 quae
1292 2657 1365 2720 in
1409 2677 1565 2741 agro
1610 2654 1842 2719 Piceno
1889 2659 2073 2740 gesta
2118 2660 2318 2742 erant,

299 2743 572 2829 cognovi
617 2745 1048 2809 commodiora
1096 2766 1234 2809 esse
1279 2744 1516 2830 multo,
1572 2765 1766 2828 quam
1819 2746 1892 2807 ut
1947 2748 2084 2808 erat
2126 2744 2315 2809 nobis

219 2860 271 2901 25
297 2833 694 2919 nuntiatum,
747 2831 1124 2917 Vibullique
1182 2833 1492 2899 virtutem
1550 2831 2058 2915 industriamque
2114 2832 2316 2898 liben-

299 2925 400 2985 ter
446 2922 693 3005 agnovi.

431 3006 569 3072 Nos
618 3009 823 3073 adhuc
867 3010 938 3074 in
999 3031 1072 3073 03
1135 3030 1273 3093 013,
1333 3009 1447 3074 ubi
1504 3009 1856 3093 praepositi
1918 3030 2164 3093 sumus,
2223 3011 2317 3074 ita

298 3098 560 3182 fuimus,
594 3102 669 3161 ut
703 3120 932 3162 navem
968 3100 1259 3181 paratam
1293 3096 1689 3161 haberemus.
1763 3096 1863 3161 Ea
1899 3098 2070 3161 enim
2107 3097 2315 3161 audie-

298 3186 527 3249 bamus
574 3189 639 3250 et
683 3208 757 3250 ea
801 3186 1192 3269 verebamur,
1238 3189 1332 3270 ut,
1379 3186 1822 3270 quodcumque
1867 3190 1941 3250 tu
1977 3186 2316 3250 consilium

217 3301 271 3342 ιο
299 3275 604 3358 cepisses,
665 3274 733 3337 id
785 3274 975 3339 nobis
1039 3273 1547 3358 persequendum
1610 3278 1997 3357 putaremus
2106 3272 2317 3360 Nunc,

298 3362 601 3447 quoniam
663 3362 1045 3427 auctoritate
1108 3365 1173 3427 et
1238 3362 1507 3426 consilio
1573 3366 1687 3427 tuo
1742 3362 1811 3425 in
1867 3383 1979 3446 spe
2033 3362 2314 3427 firmiore

295 3472 537 3535 sumne,
585 3449 642 3513 si
685 3452 892 3514 teneri
937 3472 1126 3534 posse
1172 3455 1363 3534 putas
1403 3449 1809 3514 Tarracinam
1853 3457 1911 3515 et
1954 3472 2091 3515 eam
2136 3471 2315 3514 oram

294 3539 715 3625 maritimam,
778 3539 847 3603 in
901 3560 976 3602 ea
1028 3539 1330 3624 manebo,
1389 3539 1513 3603 etsi
1567 3538 1883 3621 praesidia
1936 3539 2006 3601 in
2060 3537 2311 3621 oppidis
