2642 3923
318 157 404 220 64
960 156 1034 211 Μ.
1073 156 1288 211 TULLI
1324 155 1697 212 CICERONIS

317 303 572 383 spectus
629 303 751 382 est3
806 321 955 363 nam
1010 300 1477 385 gladiatoribus
1535 321 1661 383 qua
1718 300 2012 364 dominus
2062 322 2187 384 qua
2234 300 2339 364 ad·

316 387 528 452 vocati
594 386 804 451 sibilis
869 387 1201 471 conscissi3
1263 387 1434 452 ludis
1490 386 1975 471 Apollinaribus
2032 387 2336 472 Diphilus

319 475 662 560 tragoedus
692 475 763 538 in
786 480 1084 540 nostrum
1102 475 1479 560 Pompeium
1507 476 1871 559 petulanter
1892 476 2183 541 invectus
2212 481 2337 541 est:

408 587 728 654 ‘Nostra
772 591 1084 656 miseria
1127 595 1212 655 tu
1259 611 1334 655 es
1382 610 1700 675 magnus
1747 589 1857 636 —'

320 705 572 769 miliens
619 708 876 770 coactus
924 709 1022 769 est
1069 705 1299 789 dicere3
2392 731 2421 772 a

409 800 766 884 ‘Eandem
820 820 1190 884 virtutem
1245 816 1477 883 istam
1531 818 1788 884 veniet
1834 822 2130 903 tempus
2176 840 2336 884 cum

413 940 417 944 >
1547 948 1553 954 -
1657 908 2009 992 graviter
2055 908 2338 992 gemes'

320 1034 520 1097 totius
576 1031 815 1096 theatri
869 1030 1147 1095 clamore
1204 1029 1369 1094 dixit
1414 1031 1697 1114 itemque
1743 1032 1967 1095 cetera.
2057 1028 2227 1094 Nam
2274 1034 2339 1095 et

320 1120 454 1185 eius
518 1120 696 1185 modi
751 1122 902 1184 sunt
961 1118 1010 1182 ii
1061 1140 1313 1203 versus,
1375 1119 1476 1182 uti
1529 1118 1598 1181 in
1643 1122 1897 1203 tempus
1945 1118 2025 1183 ab
2079 1119 2337 1183 inimico

319 1207 583 1292 Pompei
631 1207 854 1291 scripti
900 1227 1039 1271 esse
1082 1206 1446 1271 videantur:
2366 1236 2418 1274 ιο

453 1320 567 1386 ‘Si
612 1343 853 1406 neque
896 1321 1106 1406 leges
1153 1342 1399 1405 neque
1444 1342 1691 1385 mores
1738 1325 2022 1405 cogunt
2070 1320 2204 1405 —'‚

322 1451 385 1510 et
439 1449 649 1511 cetera
702 1465 936 1530 magno
993 1466 1137 1508 cum
1194 1444 1455 1508 fremitu
1512 1449 1576 1508 et
1631 1444 1908 1509 clamore
1954 1448 2105 1509 sunt
2151 1443 2337 1509 dicta.

320 1532 554 1599 Caesar
608 1555 752 1598 cum
808 1533 1088 1597 venisset
1145 1536 1401 1597 mortuo
1458 1533 1718 1617 plausu,
1771 1531 1966 1597 Curio
2022 1532 2193 1596 filius
2241 1536 2340 1596 est

320 1623 664 1686 insecutus.
756 1620 928 1685 Huic
971 1621 1066 1685 ita
1111 1621 1408 1705 plausum
1457 1625 1583 1706 est,
1627 1624 1703 1686 ut
1749 1620 1927 1684 salva
1971 1642 2041 1684 re
2084 1619 2342 1704 publica

320 1709 627 1793 Pompeio
683 1709 902 1793 plaudi
957 1708 1222 1773 solebat.
1314 1708 1492 1772 Tulit
1540 1707 1774 1774 Caesar
1819 1709 2117 1793 graviter.
2209 1708 2342 1771 Lit-
2370 1738 2423 1778 ιη

324 1804 495 1863 terae
533 1796 818 1882 Capuam
856 1797 936 1861 ad
964 1795 1340 1880 Pompeium
1378 1798 1593 1861 volare
1631 1796 2021 1861 dicebantur.
2088 1795 2343 1860 Inimici

325 1890 507 1951 erant
543 1886 890 1972 equitibu8‚
936 1885 1047 1971 qui
1085 1882 1351 1950 Curioni
1398 1889 1642 1950 stantes
1687 1885 2078 1969 plauserant,
2120 1883 2342 1948 hostes

325 1976 650 2061 omnibus;
722 1974 992 2039 Rosciae
1061 1973 1191 2059 legi
1206 1995 1229 2058 ‚·
1297 1975 1492 2038 etiam
1564 1973 2017 2038 frumentariae
2090 1972 2343 2037 minita-

324 2064 576 2128 bantur.
695 2061 861 2128 Sane
932 2083 1034 2126 res
1114 2067 1251 2126 erat
1328 2062 1719 2145 perturbata.
1830 2061 2151 2145 Equidem
2214 2084 2343 2125 ma—

326 2153 586 2237 lueram,
631 2151 803 2235 quod
841 2155 976 2216 erat
1016 2154 1385 2234 susceptum
1430 2150 1510 2214 ab
1558 2151 1711 2235 illis,
1756 2150 2013 2214 silentio
2060 2150 2343 2233 transiri,
2370 2180 2423 2218 20

326 2240 436 2304 sed
482 2261 721 2325 vereor,
764 2260 845 2303 ne
890 2260 1023 2302 non
1065 2238 1270 2302 liceat.
1354 2236 1503 2302 Non
1550 2238 1767 2302 ferunt
1810 2237 2124 2322 homines,
2169 2237 2344 2321 quod

323 2328 577 2392 videtur
635 2347 772 2391 esse
832 2331 1048 2390 tamen
1106 2326 1462 2409 ferendum3
1528 2326 1640 2390 sed
1694 2331 1793 2391 est
1853 2327 1981 2391 iam
2035 2347 2164 2390 una
2217 2347 2344 2390 vox

327 2415 612 2480 omnium
659 2414 866 2500 magis
912 2414 1059 2479 odio
1106 2414 1360 2479 firmata
1407 2435 1599 2497 quam
1645 2413 1981 2498 praesidio,

456 2501 698 2568 Noster
734 2508 948 2567 autem
983 2501 1253 2566 Publius
1291 2502 1454 2566 mihi
1490 2503 1846 2587 minitatur,
1890 2502 2188 2566 inimicus
2228 2507 2342 2567 est.

324 2590 658 2675 Impendet
721 2591 1080 2676 negotium,
1152 2590 1229 2656 ad
1295 2590 1467 2673 quod
1539 2594 1613 2654 tu
1689 2590 1931 2654 scilicet
1995 2589 2341 2654 advolabis.
2371 2619 2422 2659 25

232 2675 239 2686 ‘
326 2679 567 2745 Videor
613 2679 773 2743 mihi
819 2683 1114 2743 nostrum
1159 2678 1344 2742 illum
1391 2679 1792 2743 consularem
1839 2678 2189 2743 exercitum
2234 2678 2346 2742 bo·

325 2790 555 2832 norum
603 2768 916 2853 omnium,
964 2767 1158 2831 etiam
1204 2765 1364 2830 satis
1412 2766 1731 2830 bonorum
1774 2765 2012 2830 habere
2055 2767 2346 2831 firmissi-

327 2878 519 2920 mum.
609 2854 952 2939 Pompeius
999 2854 1318 2939 significat
1366 2853 1652 2918 studium
1699 2874 1852 2939 erga
1897 2876 1999 2919 me
2042 2876 2176 2919 non
2221 2876 2345 2918 me-

328 2945 564 3027 diocre3
619 2944 789 3009 idem
844 2943 1139 3007 adfirmat
1194 2941 1460 3006 verbum
1512 2941 1590 3006 de
1642 2964 1746 3006 me
1798 2942 1985 3006 illum
2030 2964 2162 3007 non
2208 2964 2346 3007 esse

326 3032 672 3117 facturum3
726 3032 795 3095 in
843 3052 970 3115 quo
1016 3052 1147 3094 non
1192 3052 1295 3094 me
1339 3030 1451 3095 ille
1494 3030 1692 3114 fallit,
1739 3030 1850 3094 sed
1897 3031 2035 3114 ipse
2080 3031 2344 3095 fallitur.
2372 3058 2423 3098 so

192 3175 203 3181 ,
328 3118 642 3185 Cosconio
705 3125 963 3184 mortuo
1023 3140 1167 3183 sum
1224 3119 1295 3182 in
1360 3118 1495 3182 eius
1561 3120 1770 3183 locum
1835 3119 2165 3183 invitatus.
2270 3117 2346 3182 Id

329 3211 465 3272 erat
509 3208 724 3272 vocari
768 3208 839 3271 in
882 3208 1096 3271 locum
1145 3206 1403 3271 mortui.
1490 3203 1677 3270 Nihil
1726 3228 1829 3270 me
1873 3208 2130 3291 turpius
2178 3206 2346 3291 apud

326 3295 619 3359 homines
665 3295 897 3360 fuisset
942 3315 1148 3379 neque
1193 3315 1345 3359 vero
1384 3293 1465 3357 ad
1496 3294 1694 3359 istam
1730 3294 1941 3379 ipsam
1978 3294 2348 3380 ἀσφάλειαν

329 3383 668 3467 quicquam
733 3383 1019 3447 alienius
1130 3380 1295 3447 Sunt
1359 3382 1530 3447 enim
1594 3383 1694 3447 illi
1758 3382 1928 3466 apud
1991 3383 2195 3448 bonos
2254 3383 2348 3447 in-

328 3470 579 3555 vidiosi,
617 3491 733 3554 ego
772 3470 942 3552 apud
977 3469 1307 3553 improbos
1346 3492 1553 3535 meam
1582 3472 1992 3537 retinuissem
2023 3472 2350 3558 invidiam,
2376 3498 2425 3539 ³⁵
