2642 3923
350 205 478 272 102
987 205 1062 259 M.
1101 204 1317 259 ’111111
1355 203 1732 292 8188881118

345 349 572 417 deinde
626 350 706 415 ad
762 353 1058 415 senatum
1103 350 1606 432 concurrissent,
1662 348 1944 431 impulsu
1991 345 2173 412 Clodi
2232 369 2375 412 mea

348 460 544 524 opera
584 438 891 503 frumenti
936 437 1221 522 inopiam
1282 459 1421 501 esse
1466 438 1840 523 clamarent,
1898 458 2043 500 cum
2100 458 2215 519 per
2263 457 2372 501 eos

348 527 482 592 dies
529 530 789 592 senatus
837 526 913 590 de
960 548 1212 590 annona
1255 525 1621 608 haberetur,
1669 529 1733 589 et
1770 524 1852 588 ad
1890 524 2025 588 eius
2071 546 2373 607 procura·

348 616 593 681 tionem
639 635 930 680 sermone
973 635 1106 679 non
1152 614 1363 678 solum
1400 613 1627 698 plebis,
1671 635 1894 678 verum
1933 612 2127 677 etiam
2175 612 2372 677 bono·
2609 612 2610 623 ’

347 726 492 768 111111
545 702 888 787 Pompeius
946 706 1309 785 vocaretur,
1370 702 1559 785 idque
1618 701 1755 785 ipse
1814 704 2100 785 cuperet,
2157 701 2372 765 multi·
2430 727 2452 765 5

349 792 633 879 tudoque
670 814 708 856 a
744 812 845 855 me
880 790 1280 875 nominatim,
1326 795 1399 854 ut
1436 791 1503 854 id
1539 790 1953 873 decernerem,
1994 789 2370 873 postularet,
2609 780 2610 849 1

348 880 470 945 feci
517 884 581 944 et
636 883 928 944 accurate
983 877 1367 943 sententiam
1424 879 1573 942 dixi.
1667 876 1830 942 Cum
1886 879 2183 943 abessent
2229 899 2372 943 con·
2609 854 2610 941 1

351 968 613 1051 81118188,
661 967 830 1051 quod
857 972 1002 1031 tuto
1051 988 1118 1031 se
1155 971 1464 1052 negarent
1500 988 1690 1050 posse
1728 965 2113 1031 sententiam
2148 965 2371 1048 dicere,

349 1061 603 1142 praeter
663 1055 1028 1120 Messallam
1090 1060 1154 1120 et
1205 1055 1574 1140 Afranium,
1640 1056 1882 1119 factum
1953 1058 2051 1119 est
2112 1059 2370 1119 senatus
2609 1054 2610 1123 1

349 1144 715 1210 consultum
761 1144 829 1208 in
875 1165 1079 1208 meam
1127 1143 1528 1227 sententiam,
1575 1148 1649 1207 ut
1687 1164 1831 1207 cum
1877 1141 2181 1226 Pompeio
2230 1163 2371 1227 age·
2401 1168 2452 1206 ιο

349 1236 556 1316 retur,
612 1236 686 1296 ut
741 1254 876 1296 eam
934 1253 1070 1295 rem
1127 1232 1504 1316 susciperet,
1558 1231 1789 1315 lexque
1847 1232 2138 1295 ferretur.
2231 1229 2368 1306 Quo

351 1325 612 1387 senatus
670 1319 965 1384 consulto
1020 1320 1289 1384 recitato
1350 1341 1494 1384 cum
1539 1320 1811 1402 popubus
1867 1340 2047 1384 more
2099 1319 2223 1385 hoc
2278 1319 2371 1383 in-

352 1410 527 1475 sulso
576 1412 640 1474 et
685 1430 852 1473 novo
902 1407 1198 1492 plausum
1235 1429 1378 1472 meo
1415 1408 1675 1473 nomine
1711 1408 2037 1474 recitando
2075 1406 2370 1492 dedisset,

349 1497 548 1562 habui
594 1496 977 1562 contionem.
1051 1494 1286 1561 Omnes
1334 1497 1753 1581 magistratus
1790 1500 2156 1581 praesentes
2195 1517 2371 1580 prae-

352 1590 450 1650 ter
508 1608 708 1650 unum
766 1588 1127 1669 praetorem
1186 1589 1251 1649 et
1311 1585 1471 1649 duos
1540 1585 1838 1650 tribunos
1896 1585 1980 1668 pl.
2045 1584 2369 1649 dederunt.
2402 1610 2453 1648 15
2608 1595 2611 1711 1

284 1689 315 1740 '1
354 1673 670 1739 Postridie
729 1678 988 1738 senatus
1047 1674 1347 1757 frequens
1409 1677 1473 1738 et
1529 1694 1749 1739 omnes
1796 1673 2161 1738 consulares
2206 1672 2372 1736 nihil

351 1761 657 1847 Pompeio
702 1761 1059 1845 postulanti
1104 1766 1438 1847 negarunt.
1531 1761 1650 1827 Ille
1702 1761 1952 1846 legatos
2009 1761 2372 1846 quindecim

351 1873 496 1915 811111
539 1850 923 1935 postularet,
968 1872 1070 1914 me
1115 1850 1467 1935 principem
1512 1850 1872 1914 nominavit
1916 1852 1982 1914 et
2026 1851 2115 1915 ad
2157 1849 2372 1914 omnia

350 1960 454 2006 me
500 1939 773 2005 alterum
820 1959 888 2004 88
932 1937 1071 2004 fore
1116 1938 1295 2003 dixit.
1370 1939 1608 2025 Legem
1653 1938 1946 2005 consules
1985 1939 2371 2023 conscripse·
2516 1995 2519 1999 ,

350 2032 529 2112 runt,
585 2049 712 2112 qua
755 2026 1061 2111 Pompeio
1107 2049 1221 2112 per
1267 2027 1780 2112 quinquennium
1826 2027 2034 2092 omnis
2080 2030 2369 2112 potestas
2401 2053 2454 2091 20
2555 2110 2559 2115 .

350 2116 445 2182 rei
490 2113 943 2181 frumentariae
987 2120 1128 2181 toto
1179 2116 1335 2181 orbe
1388 2121 1703 2181 terrarum
1759 2116 2045 2199 daretur,
2106 2115 2371 2181 alteram

351 2204 645 2290 Messius,
691 2204 803 2288 qui
851 2204 1059 2268 omnis
1096 2205 1403 2288 pecuniae
1431 2205 1541 2269 dat
1568 2208 1957 2288 potestatem
1985 2208 2049 2268 et
2078 2202 2372 2290 adiungit

352 2293 620 2358 classem
666 2296 731 2356 et
777 2293 1124 2358 exercitum
1168 2297 1233 2356 et
1277 2293 1485 2357 maius
1524 2292 1864 2377 imperium
1899 2292 1970 2356 in
2006 2292 2372 2379 provinciiS,

354 2402 546 2464 quam
600 2380 687 2445 sit
744 2402 991 2464 eorum,
1054 2381 1164 2465 qui
1226 2403 1332 2446 eas
1395 2381 1746 2446 obtineant.
1835 2378 1957 2445 1118
2001 2384 2223 2445 nostra
2266 2380 2371 2445 lex

352 2468 706 2535 consularis
732 2490 904 2533 nunc
928 2468 1220 2533 modesta
1238 2469 1508 2554 videtur,
1534 2469 1693 2534 haec
1710 2468 1907 2534 Messi
1934 2491 2069 2534 non
2093 2468 2370 2534 ferenda.
2402 2493 2454 2534 2⁵

350 2555 693 2641 Pompeius
740 2556 919 2621 illam
964 2557 1129 2623 velle
1184 2579 1252 2622 se
1297 2558 1479 2644 dicit,
1535 2558 1882 2623 familiares
1935 2557 2114 2622 hanc.
2208 2555 2371 2622 Con-

352 2646 595 2711 sulares
626 2647 782 2710 duce
807 2644 1091 2710 Favonio
1120 2646 1431 2729 fremunt3
1475 2667 1596 2711 nos
1621 2650 1910 2711 tacemus
1938 2651 2003 2712 et
2031 2667 2105 2711 eo
2143 2646 2370 2731 magis,

351 2735 522 2819 quod
568 2734 643 2798 de
688 2734 878 2798 domo
923 2738 1148 2798 nostra
1191 2734 1356 2798 nihil
1403 2735 1608 2799 adhuc
1651 2734 1988 2820 pontifices
2036 2735 2371 2818 responde·

349 2826 518 2887 runt.
594 2820 715 2898 Qui
763 2821 818 2886 si
864 2821 1247 2887 sustulerint
1283 2822 1677 2908 religionem,
1723 2845 1936 2888 aream
1982 2822 2370 2907 praeclaram

348 2910 756 2995 habebimus3
818 2911 1216 2993 superficiem
1273 2912 1567 2976 consules
1628 2933 1704 2977 ex
1761 2916 2020 2976 senatus
2076 2912 2369 2977 consulto
2401 2937 2454 2976 ³0

352 2999 812 3084 aestimabunt3
859 2998 960 3063 sin
996 2999 1201 3085 aliter,
1236 2999 1733 3083 †demolientur,
1770 3021 1885 3065 suo
1914 3000 2173 3065 nomine
2207 3000 2365 3065 loca·

352 3088 535 3172 bunt,
578 3110 713 3152 rem
760 3091 970 3152 totam
1016 3087 1466 3153 aestimabunt.

279 3187 314 3239 8
483 3173 586 3239 Ita
633 3181 782 3240 sunt
829 3197 930 3241 res
976 3180 1255 3261 nostrae,

352 3296 477 3363 ‘Ut
529 3298 607 3361 1‘n
662 3299 1017 3363 secundis
1074 3299 1362 3384 fluxae,
1419 3304 1501 3364 ut
1556 3300 1634 3364 in
1688 3299 2042 3366 advorsis
2089 3301 2372 3365 bonae’.

350 3435 429 3501 In
472 3458 541 3501 re
584 3437 889 3503 familiari
925 3439 1107 3504 valde
1145 3460 1384 3524 sumuS,
1431 3446 1505 3505 ut
1550 3441 1691 3525 scis,
1736 3441 2113 3525 perturbati.
2187 3441 2374 3507 Prae·
2402 3468 2455 3509 aa

352 3528 527 3589 terea
574 3530 725 3589 sunt
771 3526 1079 3609 quaedam
1124 3527 1486 3611 domestica,
1533 3550 1696 3613 quae
1748 3528 1983 3595 litteris
2028 3550 2161 3594 non
2206 3550 2371 3594 com·
