<?xml version="1.0" encoding="UTF-8"?>
<!DOCTYPE html PUBLIC "-//W3C//DTD XHTML 1.0 Transitional//EN"
    "http://www.w3.org/TR/xhtml1/DTD/xhtml1-transitional.dtd">
<html xmlns="http://www.w3.org/1999/xhtml" xml:lang="en" lang="en">
 <head>
  <title>
</title>
<meta http-equiv="Content-Type" content="text/html;charset=utf-8" />
  <meta name='ocr-system' content='tesseract 3.04.00' />
  <meta name='ocr-capabilities' content='ocr_page ocr_carea ocr_par ocr_line ocrx_word'/>
</head>
<body>
  <div class='ocr_page' id='page_1' title='image "./scriptaquaemans00friegoog_0497.png"; bbox 0 0 2642 3923; ppageno 0'>
   <div class='ocr_carea' id='block_1_1' title="bbox 646 222 2318 286">
    <p class='ocr_par' dir='ltr' id='par_1_1' title="bbox 646 222 2318 286">
     <span class='ocr_line' id='line_1_1' title="bbox 646 222 2318 286; baseline 0.004 -6"><span class='ocrx_word' id='word_1_1' title='bbox 646 225 1159 281; x_wconf 82' lang='lat' dir='ltr'>EPISTULARUM</span> <span class='ocrx_word' id='word_1_2' title='bbox 1195 225 1295 278; x_wconf 87' lang='lat' dir='ltr'><strong>AD</strong></span> <span class='ocrx_word' id='word_1_3' title='bbox 1333 224 1650 279; x_wconf 71' lang='lat' dir='ltr'>ATTICUM</span> <span class='ocrx_word' id='word_1_4' title='bbox 1690 223 1767 276; x_wconf 94' lang='lat' dir='ltr'><strong>XI</strong></span> <span class='ocrx_word' id='word_1_5' title='bbox 1805 229 1958 278; x_wconf 83' lang='lat'><strong>7—9.</strong></span> <span class='ocrx_word' id='word_1_6' title='bbox 2190 222 2318 286; x_wconf 83' lang='lat'><strong>333</strong></span> 
     </span>
    </p>
   </div>
   <div class='ocr_carea' id='block_1_2' title="bbox 300 365 2321 701">
    <p class='ocr_par' dir='ltr' id='par_1_2' title="bbox 300 365 2321 701">
     <span class='ocr_line' id='line_1_2' title="bbox 300 365 2321 443; baseline -0.004 -6"><span class='ocrx_word' id='word_1_7' title='bbox 300 371 497 437; x_wconf 89' lang='lat' dir='ltr'><strong>rando</strong></span> <span class='ocrx_word' id='word_1_8' title='bbox 561 370 846 436; x_wconf 88' lang='lat' dir='ltr'><strong>dolorem</strong></span> <span class='ocrx_word' id='word_1_9' title='bbox 907 373 972 433; x_wconf 92' lang='lat' dir='ltr'><strong>et</strong></span> <span class='ocrx_word' id='word_1_10' title='bbox 1035 368 1201 432; x_wconf 89' lang='lat' dir='ltr'><strong>facio</strong></span> <span class='ocrx_word' id='word_1_11' title='bbox 1266 368 1464 432; x_wconf 88' lang='lat' dir='ltr'><strong>etiam</strong></span> <span class='ocrx_word' id='word_1_12' title='bbox 1518 367 1657 431; x_wconf 91' lang='lat' dir='ltr'><strong>tibi.</strong></span> <span class='ocrx_word' id='word_1_13' title='bbox 1759 365 1968 443; x_wconf 80' lang='lat' dir='ltr'><strong>Quare</strong></span> <span class='ocrx_word' id='word_1_14' title='bbox 2027 367 2105 430; x_wconf 91' lang='lat' dir='ltr'><strong>ad</strong></span> <span class='ocrx_word' id='word_1_15' title='bbox 2158 365 2321 430; x_wconf 90' lang='lat' dir='ltr'><strong>illud</strong></span> 
     </span>
     <span class='ocr_line' id='line_1_3' title="bbox 301 454 2320 541; baseline -0.004 -16"><span class='ocrx_word' id='word_1_16' title='bbox 301 460 505 525; x_wconf 82' lang='lat' dir='ltr'><strong>redeo,</strong></span> <span class='ocrx_word' id='word_1_17' title='bbox 598 456 794 541; x_wconf 85' lang='lat' dir='ltr'><strong>Oura,</strong></span> <span class='ocrx_word' id='word_1_18' title='bbox 848 461 923 522; x_wconf 92' lang='lat' dir='ltr'><strong>ut</strong></span> <span class='ocrx_word' id='word_1_19' title='bbox 976 456 1170 521; x_wconf 90' lang='lat' dir='ltr'><strong>huius</strong></span> <span class='ocrx_word' id='word_1_20' title='bbox 1226 455 1320 521; x_wconf 83' lang='lat' dir='ltr'><strong>rei</strong></span> <span class='ocrx_word' id='word_1_21' title='bbox 1366 476 1556 519; x_wconf 89' lang='lat' dir='ltr'><strong>causa</strong></span> <span class='ocrx_word' id='word_1_22' title='bbox 1600 455 1812 520; x_wconf 87' lang='lat' dir='ltr'><strong>dedita</strong></span> <span class='ocrx_word' id='word_1_23' title='bbox 1862 477 2055 538; x_wconf 89' lang='lat' dir='ltr'><strong>opera</strong></span> <span class='ocrx_word' id='word_1_24' title='bbox 2099 454 2320 518; x_wconf 86' lang='lat' dir='ltr'><strong>mittat</strong></span> 
     </span>
     <span class='ocr_line' id='line_1_4' title="bbox 302 543 2319 632; baseline -0.001 -20"><span class='ocrx_word' id='word_1_25' title='bbox 302 548 578 632; x_wconf 84' lang='lat' dir='ltr'><strong>aliquem</strong></span> <span class='ocrx_word' id='word_1_26' title='bbox 632 546 893 611; x_wconf 82' lang='lat' dir='ltr'><strong>Balbus</strong></span> <span class='ocrx_word' id='word_1_27' title='bbox 985 545 1089 609; x_wconf 91' lang='lat' dir='ltr'><strong>Ad</strong></span> <span class='ocrx_word' id='word_1_28' title='bbox 1136 565 1298 628; x_wconf 91' lang='lat' dir='ltr'><strong>quos</strong></span> <span class='ocrx_word' id='word_1_29' title='bbox 1344 543 1696 627; x_wconf 81' lang='lat' dir='ltr'><strong>videbitur,</strong></span> <span class='ocrx_word' id='word_1_30' title='bbox 1755 543 1947 608; x_wconf 84' lang='lat' dir='ltr'><strong>velim</strong></span> <span class='ocrx_word' id='word_1_31' title='bbox 1990 564 2172 607; x_wconf 85' lang='lat' dir='ltr'><strong>cures</strong></span> <span class='ocrx_word' id='word_1_32' title='bbox 2216 543 2319 610; x_wconf 33' lang='lat' dir='ltr'><strong>lits</strong></span> 
     </span>
     <span class='ocr_line' id='line_1_5' title="bbox 300 630 1831 701; baseline -0.004 0"><span class='ocrx_word' id='word_1_33' title='bbox 300 642 472 701; x_wconf 89' lang='lat' dir='ltr'><strong>teras</strong></span> <span class='ocrx_word' id='word_1_34' title='bbox 515 656 660 700; x_wconf 92' lang='lat' dir='ltr'><strong>meo</strong></span> <span class='ocrx_word' id='word_1_35' title='bbox 707 634 981 699; x_wconf 91' lang='lat' dir='ltr'><strong>nomine.</strong></span> <span class='ocrx_word' id='word_1_36' title='bbox 1075 631 1476 697; x_wconf 87' lang='lat' dir='ltr'><strong>Vale.x111</strong></span> <span class='ocrx_word' id='word_1_37' title='bbox 1520 631 1661 697; x_wconf 87' lang='lat' dir='ltr'><strong>Kal.</strong></span> <span class='ocrx_word' id='word_1_38' title='bbox 1698 630 1831 697; x_wconf 89' lang='lat' dir='ltr'><strong>Ian.</strong></span> 
     </span>
    </p>
   </div>
   <div class='ocr_carea' id='block_1_3' title="bbox 249 807 1959 997">
    <p class='ocr_par' dir='ltr' id='par_1_3' title="bbox 249 807 1959 997">
     <span class='ocr_line' id='line_1_6' title="bbox 249 807 1487 879; baseline -0.006 0"><span class='ocrx_word' id='word_1_39' title='bbox 249 839 274 879; x_wconf 76' lang='grc' dir='ltr'><strong>ῡ</strong></span> <span class='ocrx_word' id='word_1_40' title='bbox 1252 807 1368 872; x_wconf 88' lang='grc' dir='ltr'><strong>ΙΧ.</strong></span> <span class='ocrx_word' id='word_1_41' title='bbox 1481 866 1487 873; x_wconf 92' lang='grc'>.</span> 
     </span>
     <span class='ocr_line' id='line_1_7' title="bbox 654 929 1959 997; baseline -0.002 -11"><span class='ocrx_word' id='word_1_42' title='bbox 654 930 768 986; x_wconf 71' lang='lat' dir='ltr'><strong>Ser.</strong></span> <span class='ocrx_word' id='word_1_43' title='bbox 800 930 1077 985; x_wconf 77' lang='lat' dir='ltr'><strong>Brundisi</strong></span> <span class='ocrx_word' id='word_1_44' title='bbox 1111 930 1224 983; x_wconf 93' lang='lat' dir='ltr'><strong>III</strong></span> <span class='ocrx_word' id='word_1_45' title='bbox 1252 929 1401 984; x_wconf 74' lang='lat' dir='ltr'><strong>Non.</strong></span> <span class='ocrx_word' id='word_1_46' title='bbox 1430 929 1556 983; x_wconf 72' lang='lat' dir='ltr'><strong>Ian.</strong></span> <span class='ocrx_word' id='word_1_47' title='bbox 1589 946 1640 982; x_wconf 85' lang='lat' dir='ltr'><strong>a.</strong></span> <span class='ocrx_word' id='word_1_48' title='bbox 1672 932 1783 983; x_wconf 81' lang='lat'><strong>707</strong></span> <span class='ocrx_word' id='word_1_49' title='bbox 1820 932 1959 997; x_wconf 73' lang='lat'><em>(47).</em></span> 
     </span>
    </p>
   </div>
   <div class='ocr_carea' id='block_1_4' title="bbox 937 1049 1680 1107">
    <p class='ocr_par' dir='ltr' id='par_1_4' title="bbox 937 1049 1680 1107">
     <span class='ocr_line' id='line_1_8' title="bbox 937 1049 1680 1107; baseline -0.003 0"><span class='ocrx_word' id='word_1_50' title='bbox 937 1051 1192 1107; x_wconf 87' lang='lat' dir='ltr'>CICERO</span> <span class='ocrx_word' id='word_1_51' title='bbox 1232 1049 1493 1106; x_wconf 84' lang='lat' dir='ltr'>ATTICO</span> <span class='ocrx_word' id='word_1_52' title='bbox 1534 1050 1680 1106; x_wconf 87' lang='lat' dir='ltr'><strong>SAL.</strong></span> 
     </span>
    </p>
   </div>
   <div class='ocr_carea' id='block_1_5' title="bbox 219 1160 2384 3628">
    <p class='ocr_par' dir='ltr' id='par_1_5' title="bbox 219 1160 2384 3628">
     <span class='ocr_line' id='line_1_9' title="bbox 432 1160 2384 1247; baseline -0.002 -20"><span class='ocrx_word' id='word_1_53' title='bbox 432 1162 577 1247; x_wconf 84' lang='lat' dir='ltr'><strong>Ego</strong></span> <span class='ocrx_word' id='word_1_54' title='bbox 623 1183 775 1227; x_wconf 83' lang='lat' dir='ltr'><strong>vero</strong></span> <span class='ocrx_word' id='word_1_55' title='bbox 823 1166 887 1226; x_wconf 91' lang='lat' dir='ltr'><strong>et</strong></span> <span class='ocrx_word' id='word_1_56' title='bbox 932 1162 1213 1244; x_wconf 87' lang='lat' dir='ltr'><strong>incaute,</strong></span> <span class='ocrx_word' id='word_1_57' title='bbox 1271 1163 1346 1224; x_wconf 93' lang='lat' dir='ltr'><strong>ut</strong></span> <span class='ocrx_word' id='word_1_58' title='bbox 1393 1160 1642 1245; x_wconf 82' lang='lat' dir='ltr'><strong>scribis,</strong></span> <span class='ocrx_word' id='word_1_59' title='bbox 1687 1164 1753 1224; x_wconf 91' lang='lat' dir='ltr'><strong>et</strong></span> <span class='ocrx_word' id='word_1_60' title='bbox 1797 1160 2081 1246; x_wconf 81' lang='lat' dir='ltr'><strong>celerius,</strong></span> <span class='ocrx_word' id='word_1_61' title='bbox 2125 1181 2317 1244; x_wconf 89' lang='lat' dir='ltr'><strong>quam</strong></span> <span class='ocrx_word' id='word_1_62' title='bbox 2356 1175 2384 1224; x_wconf 92' lang='lat'><strong>1</strong></span> 
     </span>
     <span class='ocr_line' id='line_1_10' title="bbox 303 1248 2317 1336; baseline -0.002 -21"><span class='ocrx_word' id='word_1_63' title='bbox 303 1251 618 1336; x_wconf 84' lang='lat' dir='ltr'><strong>oportuit,</strong></span> <span class='ocrx_word' id='word_1_64' title='bbox 671 1250 795 1315; x_wconf 85' lang='lat' dir='ltr'><strong>feci</strong></span> <span class='ocrx_word' id='word_1_65' title='bbox 839 1271 957 1314; x_wconf 94' lang='lat' dir='ltr'><strong>nec</strong></span> <span class='ocrx_word' id='word_1_66' title='bbox 999 1250 1065 1314; x_wconf 90' lang='lat' dir='ltr'><strong>in</strong></span> <span class='ocrx_word' id='word_1_67' title='bbox 1114 1250 1248 1313; x_wconf 87' lang='lat' dir='ltr'><strong>ulla</strong></span> <span class='ocrx_word' id='word_1_68' title='bbox 1292 1270 1436 1312; x_wconf 90' lang='lat' dir='ltr'><strong>sum</strong></span> <span class='ocrx_word' id='word_1_69' title='bbox 1485 1270 1615 1335; x_wconf 81' lang='lat' dir='ltr'><strong>spe,</strong></span> <span class='ocrx_word' id='word_1_70' title='bbox 1660 1249 1898 1333; x_wconf 93' lang='lat' dir='ltr'><strong>quippe</strong></span> <span class='ocrx_word' id='word_1_71' title='bbox 1944 1248 2055 1332; x_wconf 90' lang='lat' dir='ltr'><strong>qui</strong></span> <span class='ocrx_word' id='word_1_72' title='bbox 2100 1269 2317 1332; x_wconf 85' lang='lat' dir='ltr'><strong>excep-</strong></span> 
     </span>
     <span class='ocr_line' id='line_1_11' title="bbox 221 1336 2318 1412; baseline -0.003 -6"><span class='ocrx_word' id='word_1_73' title='bbox 221 1367 273 1406; x_wconf 83' lang='grc'><strong>10</strong></span> <span class='ocrx_word' id='word_1_74' title='bbox 299 1339 587 1404; x_wconf 73' lang='lat' dir='ltr'><strong>tionibus</strong></span> <span class='ocrx_word' id='word_1_75' title='bbox 644 1338 997 1403; x_wconf 76' lang='lat' dir='ltr'><strong>edictorum</strong></span> <span class='ocrx_word' id='word_1_76' title='bbox 1052 1338 1345 1402; x_wconf 84' lang='lat' dir='ltr'><strong>retinear.</strong></span> <span class='ocrx_word' id='word_1_77' title='bbox 1438 1336 1614 1412; x_wconf 83' lang='lat' dir='ltr'><strong>Quae</strong></span> <span class='ocrx_word' id='word_1_78' title='bbox 1673 1338 1729 1401; x_wconf 93' lang='lat' dir='ltr'><strong>si</strong></span> <span class='ocrx_word' id='word_1_79' title='bbox 1780 1347 1912 1401; x_wconf 85' lang='lat' dir='ltr'><strong>non</strong></span> <span class='ocrx_word' id='word_1_80' title='bbox 1967 1340 2180 1401; x_wconf 91' lang='lat' dir='ltr'><strong>essent</strong></span> <span class='ocrx_word' id='word_1_81' title='bbox 2225 1358 2318 1400; x_wconf 91' lang='lat' dir='ltr'><strong>se·</strong></span> 
     </span>
     <span class='ocr_line' id='line_1_12' title="bbox 299 1424 2317 1509; baseline -0.001 -19"><span class='ocrx_word' id='word_1_82' title='bbox 299 1428 573 1491; x_wconf 87' lang='lat' dir='ltr'><strong>dulitate</strong></span> <span class='ocrx_word' id='word_1_83' title='bbox 635 1428 896 1492; x_wconf 88' lang='lat' dir='ltr'><strong>effectae</strong></span> <span class='ocrx_word' id='word_1_84' title='bbox 960 1430 1026 1491; x_wconf 91' lang='lat' dir='ltr'><strong>et</strong></span> <span class='ocrx_word' id='word_1_85' title='bbox 1080 1425 1515 1491; x_wconf 84' lang='lat' dir='ltr'><strong>benivolentia</strong></span> <span class='ocrx_word' id='word_1_86' title='bbox 1572 1424 1819 1509; x_wconf 77' lang='lat' dir='ltr'><strong>Vatini,</strong></span> <span class='ocrx_word' id='word_1_87' title='bbox 1882 1425 2103 1489; x_wconf 86' lang='lat' dir='ltr'><strong>liceret</strong></span> <span class='ocrx_word' id='word_1_88' title='bbox 2155 1424 2317 1489; x_wconf 87' lang='lat' dir='ltr'><strong>mihi</strong></span> 
     </span>
     <span class='ocr_line' id='line_1_13' title="bbox 302 1477 2314 1598; baseline -0.002 -19"><span class='ocrx_word' id='word_1_89' title='bbox 302 1515 477 1579; x_wconf 89' lang='lat' dir='ltr'><strong>abire</strong></span> <span class='ocrx_word' id='word_1_90' title='bbox 524 1516 597 1579; x_wconf 90' lang='lat' dir='ltr'><strong>in</strong></span> <span class='ocrx_word' id='word_1_91' title='bbox 642 1515 1025 1579; x_wconf 74' lang='lat' dir='ltr'><strong>solitudines</strong></span> <span class='ocrx_word' id='word_1_92' title='bbox 1072 1514 1337 1598; x_wconf 71' lang='lat' dir='ltr'><strong>aliquas</strong></span> <span class='ocrx_word' id='word_1_93' title='bbox 1410 1511 1602 1578; x_wconf 89' lang='lat' dir='ltr'><strong>Nunc</strong></span> <span class='ocrx_word' id='word_1_94' title='bbox 1638 1536 1718 1578; x_wconf 92' lang='lat' dir='ltr'><strong>ne</strong></span> <span class='ocrx_word' id='word_1_95' title='bbox 1752 1477 1821 1577; x_wconf 83' lang='lat' dir='ltr'><strong>id</strong></span> <span class='ocrx_word' id='word_1_96' title='bbox 1856 1512 2112 1597; x_wconf 89' lang='lat' dir='ltr'><strong>quidem</strong></span> <span class='ocrx_word' id='word_1_97' title='bbox 2148 1513 2314 1578; x_wconf 92' lang='lat' dir='ltr'><strong>licet.</strong></span> 
     </span>
     <span class='ocr_line' id='line_1_14' title="bbox 301 1601 2314 1687; baseline -0.001 -20"><span class='ocrx_word' id='word_1_98' title='bbox 301 1602 468 1680; x_wconf 87' lang='lat' dir='ltr'><strong>Quid</strong></span> <span class='ocrx_word' id='word_1_99' title='bbox 527 1608 740 1667; x_wconf 88' lang='lat' dir='ltr'><strong>autem</strong></span> <span class='ocrx_word' id='word_1_100' title='bbox 795 1625 896 1667; x_wconf 93' lang='lat' dir='ltr'><strong>me</strong></span> <span class='ocrx_word' id='word_1_101' title='bbox 953 1603 1159 1687; x_wconf 83' lang='lat' dir='ltr'><strong>iuvat,</strong></span> <span class='ocrx_word' id='word_1_102' title='bbox 1214 1602 1388 1686; x_wconf 89' lang='lat' dir='ltr'><strong>quod</strong></span> <span class='ocrx_word' id='word_1_103' title='bbox 1441 1608 1590 1666; x_wconf 88' lang='lat' dir='ltr'><strong>ante</strong></span> <span class='ocrx_word' id='word_1_104' title='bbox 1634 1601 1869 1666; x_wconf 89' lang='lat' dir='ltr'><strong>initum</strong></span> <span class='ocrx_word' id='word_1_105' title='bbox 1914 1601 2314 1666; x_wconf 89' lang='lat' dir='ltr'><strong>tribunatum</strong></span> 
     </span>
     <span class='ocr_line' id='line_1_15' title="bbox 300 1688 2317 1778; baseline -0 -23"><span class='ocrx_word' id='word_1_106' title='bbox 300 1692 465 1778; x_wconf 85' lang='grc'>16111,</span> <span class='ocrx_word' id='word_1_107' title='bbox 510 1691 565 1755; x_wconf 88' lang='grc'><strong>81</strong></span> <span class='ocrx_word' id='word_1_108' title='bbox 610 1691 842 1775; x_wconf 85' lang='lat' dir='ltr'><strong>ipsum,</strong></span> <span class='ocrx_word' id='word_1_109' title='bbox 889 1691 1059 1775; x_wconf 92' lang='lat' dir='ltr'><strong>quod</strong></span> <span class='ocrx_word' id='word_1_110' title='bbox 1106 1691 1268 1773; x_wconf 83' lang='lat' dir='ltr'><strong>veni,</strong></span> <span class='ocrx_word' id='word_1_111' title='bbox 1312 1690 1479 1753; x_wconf 88' lang='lat' dir='ltr'><strong>nihil</strong></span> <span class='ocrx_word' id='word_1_112' title='bbox 1521 1690 1743 1754; x_wconf 79' lang='lat' dir='ltr'><strong>iuvat?</strong></span> <span class='ocrx_word' id='word_1_113' title='bbox 1807 1688 1943 1754; x_wconf 91' lang='lat' dir='ltr'><strong>Iam</strong></span> <span class='ocrx_word' id='word_1_114' title='bbox 1990 1690 2143 1774; x_wconf 88' lang='lat' dir='ltr'><strong>quid</strong></span> <span class='ocrx_word' id='word_1_115' title='bbox 2180 1712 2317 1773; x_wconf 93' lang='lat' dir='ltr'><strong>spe-</strong></span> 
     </span>
     <span class='ocr_line' id='line_1_16' title="bbox 222 1779 2316 1864; baseline -0.002 -18"><span class='ocrx_word' id='word_1_116' title='bbox 222 1807 274 1847; x_wconf 64' lang='grc'><strong>11</strong></span> <span class='ocrx_word' id='word_1_117' title='bbox 301 1802 437 1844; x_wconf 82' lang='grc'>16111</span> <span class='ocrx_word' id='word_1_118' title='bbox 483 1779 563 1844; x_wconf 88' lang='lat' dir='ltr'><strong>ab</strong></span> <span class='ocrx_word' id='word_1_119' title='bbox 610 1801 706 1864; x_wconf 91' lang='grc'>60,</span> <span class='ocrx_word' id='word_1_120' title='bbox 766 1780 878 1864; x_wconf 92' lang='lat' dir='ltr'><strong>qui</strong></span> <span class='ocrx_word' id='word_1_121' title='bbox 924 1779 1085 1843; x_wconf 83' lang='lat' dir='ltr'><strong>mihi</strong></span> <span class='ocrx_word' id='word_1_122' title='bbox 1131 1780 1374 1842; x_wconf 92' lang='lat' dir='ltr'><strong>amicus</strong></span> <span class='ocrx_word' id='word_1_123' title='bbox 1416 1800 1766 1862; x_wconf 83' lang='lat' dir='ltr'><strong>numquam</strong></span> <span class='ocrx_word' id='word_1_124' title='bbox 1809 1779 1955 1862; x_wconf 83' lang='lat' dir='ltr'><strong>fuit,</strong></span> <span class='ocrx_word' id='word_1_125' title='bbox 1998 1800 2143 1842; x_wconf 90' lang='lat' dir='ltr'><strong>cum</strong></span> <span class='ocrx_word' id='word_1_126' title='bbox 2187 1779 2316 1842; x_wconf 91' lang='lat' dir='ltr'><strong>iam</strong></span> 
     </span>
     <span class='ocr_line' id='line_1_17' title="bbox 302 1865 2315 1953; baseline -0.002 -21"><span class='ocrx_word' id='word_1_127' title='bbox 302 1868 442 1953; x_wconf 83' lang='lat' dir='ltr'><strong>lege</strong></span> <span class='ocrx_word' id='word_1_128' title='bbox 497 1868 693 1932; x_wconf 87' lang='lat' dir='ltr'><strong>etiam</strong></span> <span class='ocrx_word' id='word_1_129' title='bbox 750 1868 873 1931; x_wconf 90' lang='lat' dir='ltr'><strong>sim</strong></span> <span class='ocrx_word' id='word_1_130' title='bbox 928 1868 1253 1932; x_wconf 88' lang='lat' dir='ltr'><strong>confectus</strong></span> <span class='ocrx_word' id='word_1_131' title='bbox 1309 1872 1375 1930; x_wconf 89' lang='lat' dir='ltr'><strong>et</strong></span> <span class='ocrx_word' id='word_1_132' title='bbox 1430 1866 1818 1950; x_wconf 73' lang='lat' dir='ltr'><strong>oppressus?</strong></span> <span class='ocrx_word' id='word_1_133' title='bbox 1897 1865 2131 1931; x_wconf 78' lang='lat' dir='ltr'><strong>Cotidie</strong></span> <span class='ocrx_word' id='word_1_134' title='bbox 2185 1866 2315 1929; x_wconf 90' lang='lat' dir='ltr'><strong>iam</strong></span> 
     </span>
     <span class='ocr_line' id='line_1_18' title="bbox 302 1945 2314 2041; baseline -0.001 -20"><span class='ocrx_word' id='word_1_135' title='bbox 302 1956 490 2021; x_wconf 88' lang='lat' dir='ltr'><strong>Balbi</strong></span> <span class='ocrx_word' id='word_1_136' title='bbox 528 1956 607 2021; x_wconf 88' lang='lat' dir='ltr'><strong>ad</strong></span> <span class='ocrx_word' id='word_1_137' title='bbox 639 1978 744 2021; x_wconf 89' lang='grc'>1116</span> <span class='ocrx_word' id='word_1_138' title='bbox 781 1956 1036 2021; x_wconf 85' lang='lat' dir='ltr'><strong>litterae</strong></span> <span class='ocrx_word' id='word_1_139' title='bbox 1072 1954 1523 2041; x_wconf 82' lang='lat' dir='ltr'><strong>languidiores,</strong></span> <span class='ocrx_word' id='word_1_140' title='bbox 1562 1945 1927 2040; x_wconf 86' lang='lat' dir='ltr'><strong>multaeque</strong></span> <span class='ocrx_word' id='word_1_141' title='bbox 1964 1955 2314 2019; x_wconf 89' lang='lat' dir='ltr'><strong>multorum</strong></span> 
     </span>
     <span class='ocr_line' id='line_1_19' title="bbox 302 2042 2317 2128; baseline -0 -20"><span class='ocrx_word' id='word_1_142' title='bbox 302 2046 380 2109; x_wconf 87' lang='lat' dir='ltr'><strong>ad</strong></span> <span class='ocrx_word' id='word_1_143' title='bbox 436 2045 617 2109; x_wconf 86' lang='lat' dir='ltr'><strong>illum</strong></span> <span class='ocrx_word' id='word_1_144' title='bbox 672 2045 948 2109; x_wconf 87' lang='lat' dir='ltr'><strong>fortasse</strong></span> <span class='ocrx_word' id='word_1_145' title='bbox 993 2047 1217 2110; x_wconf 88' lang='lat' dir='ltr'><strong>contra</strong></span> <span class='ocrx_word' id='word_1_146' title='bbox 1260 2065 1379 2108; x_wconf 92' lang='lat' dir='ltr'><strong>me.</strong></span> <span class='ocrx_word' id='word_1_147' title='bbox 1470 2044 1615 2109; x_wconf 90' lang='lat' dir='ltr'><strong>Meo</strong></span> <span class='ocrx_word' id='word_1_148' title='bbox 1660 2043 1823 2109; x_wconf 82' lang='lat' dir='ltr'><strong>vitio</strong></span> <span class='ocrx_word' id='word_1_149' title='bbox 1868 2065 2086 2128; x_wconf 84' lang='lat' dir='ltr'><strong>pere03</strong></span> <span class='ocrx_word' id='word_1_150' title='bbox 2149 2042 2317 2117; x_wconf 82' lang='lat' dir='ltr'><strong>nihil</strong></span> 
     </span>
     <span class='ocr_line' id='line_1_20' title="bbox 302 2132 2312 2218; baseline -0.001 -21"><span class='ocrx_word' id='word_1_151' title='bbox 302 2133 461 2198; x_wconf 89' lang='lat' dir='ltr'><strong>mihi</strong></span> <span class='ocrx_word' id='word_1_152' title='bbox 516 2132 671 2197; x_wconf 89' lang='lat' dir='ltr'><strong>mali</strong></span> <span class='ocrx_word' id='word_1_153' title='bbox 724 2154 907 2198; x_wconf 90' lang='lat' dir='ltr'><strong>casus</strong></span> <span class='ocrx_word' id='word_1_154' title='bbox 961 2134 1210 2218; x_wconf 82' lang='lat' dir='ltr'><strong>attulit,</strong></span> <span class='ocrx_word' id='word_1_155' title='bbox 1266 2133 1481 2196; x_wconf 89' lang='lat' dir='ltr'><strong>omnia</strong></span> <span class='ocrx_word' id='word_1_156' title='bbox 1541 2132 1728 2216; x_wconf 89' lang='lat' dir='ltr'><strong>culpa</strong></span> <span class='ocrx_word' id='word_1_157' title='bbox 1772 2135 2100 2197; x_wconf 87' lang='lat' dir='ltr'><strong>contracta</strong></span> <span class='ocrx_word' id='word_1_158' title='bbox 2146 2137 2312 2196; x_wconf 89' lang='lat' dir='ltr'><strong>sunt.</strong></span> 
     </span>
     <span class='ocr_line' id='line_1_21' title="bbox 219 2220 2315 2308; baseline -0.001 -21"><span class='ocrx_word' id='word_1_159' title='bbox 219 2249 273 2288; x_wconf 74' lang='lat'><strong>20</strong></span> <span class='ocrx_word' id='word_1_160' title='bbox 302 2221 446 2308; x_wconf 87' lang='lat' dir='ltr'><strong>Ego</strong></span> <span class='ocrx_word' id='word_1_161' title='bbox 503 2221 703 2306; x_wconf 86' lang='lat' dir='ltr'><strong>enim,</strong></span> <span class='ocrx_word' id='word_1_162' title='bbox 757 2243 901 2286; x_wconf 93' lang='lat' dir='ltr'><strong>cum</strong></span> <span class='ocrx_word' id='word_1_163' title='bbox 947 2242 1147 2306; x_wconf 85' lang='lat' dir='ltr'><strong>genus</strong></span> <span class='ocrx_word' id='word_1_164' title='bbox 1195 2221 1350 2284; x_wconf 83' lang='lat' dir='ltr'><strong>belli</strong></span> <span class='ocrx_word' id='word_1_165' title='bbox 1393 2221 1700 2307; x_wconf 82' lang='lat' dir='ltr'><strong>viderem,</strong></span> <span class='ocrx_word' id='word_1_166' title='bbox 1752 2221 2067 2305; x_wconf 87' lang='lat' dir='ltr'><strong>imparata</strong></span> <span class='ocrx_word' id='word_1_167' title='bbox 2111 2224 2178 2284; x_wconf 91' lang='lat' dir='ltr'><strong>et</strong></span> <span class='ocrx_word' id='word_1_168' title='bbox 2221 2220 2315 2284; x_wconf 91' lang='lat' dir='ltr'><strong>in·</strong></span> 
     </span>
     <span class='ocr_line' id='line_1_22' title="bbox 301 2309 2314 2394; baseline -0.001 -20"><span class='ocrx_word' id='word_1_169' title='bbox 301 2310 487 2374; x_wconf 88' lang='lat' dir='ltr'><strong>firma</strong></span> <span class='ocrx_word' id='word_1_170' title='bbox 532 2310 747 2375; x_wconf 88' lang='lat' dir='ltr'><strong>omnia</strong></span> <span class='ocrx_word' id='word_1_171' title='bbox 793 2313 1017 2374; x_wconf 90' lang='lat' dir='ltr'><strong>contra</strong></span> <span class='ocrx_word' id='word_1_172' title='bbox 1059 2309 1534 2394; x_wconf 78' lang='lat' dir='ltr'><strong>paratissimOS,</strong></span> <span class='ocrx_word' id='word_1_173' title='bbox 1593 2314 1973 2394; x_wconf 83' lang='lat' dir='ltr'><strong>statueram,</strong></span> <span class='ocrx_word' id='word_1_174' title='bbox 2028 2309 2182 2393; x_wconf 90' lang='lat' dir='ltr'><strong>quid</strong></span> <span class='ocrx_word' id='word_1_175' title='bbox 2226 2310 2314 2373; x_wconf 90' lang='lat' dir='ltr'><strong>fa-</strong></span> 
     </span>
     <span class='ocr_line' id='line_1_23' title="bbox 301 2398 2313 2483; baseline -0.001 -20"><span class='ocrx_word' id='word_1_176' title='bbox 301 2420 534 2483; x_wconf 86' lang='lat' dir='ltr'><strong>cerem,</strong></span> <span class='ocrx_word' id='word_1_177' title='bbox 605 2419 1022 2482; x_wconf 90' lang='lat' dir='ltr'><strong>ceperamque</strong></span> <span class='ocrx_word' id='word_1_178' title='bbox 1095 2398 1433 2462; x_wconf 90' lang='lat' dir='ltr'><strong>consilium</strong></span> <span class='ocrx_word' id='word_1_179' title='bbox 1497 2420 1630 2462; x_wconf 91' lang='lat' dir='ltr'><strong>non</strong></span> <span class='ocrx_word' id='word_1_180' title='bbox 1691 2402 1827 2462; x_wconf 90' lang='lat' dir='ltr'><strong>tam</strong></span> <span class='ocrx_word' id='word_1_181' title='bbox 1889 2398 2059 2463; x_wconf 89' lang='lat' dir='ltr'><strong>forte</strong></span> <span class='ocrx_word' id='word_1_182' title='bbox 2121 2419 2313 2481; x_wconf 91' lang='lat' dir='ltr'><strong>quam</strong></span> 
     </span>
     <span class='ocr_line' id='line_1_24' title="bbox 305 2482 2380 2570; baseline -0 -19"><span class='ocrx_word' id='word_1_183' title='bbox 305 2486 460 2551; x_wconf 87' lang='grc'>1111111</span> <span class='ocrx_word' id='word_1_184' title='bbox 506 2490 759 2570; x_wconf 87' lang='lat' dir='ltr'><strong>praeter</strong></span> <span class='ocrx_word' id='word_1_185' title='bbox 805 2489 1049 2551; x_wconf 88' lang='lat' dir='ltr'><strong>ceteros</strong></span> <span class='ocrx_word' id='word_1_186' title='bbox 1094 2486 1577 2550; x_wconf 90' lang='lat' dir='ltr'><strong>concedendum.</strong></span> <span class='ocrx_word' id='word_1_187' title='bbox 1651 2482 1832 2550; x_wconf 88' lang='lat' dir='ltr'><strong>Cessi</strong></span> <span class='ocrx_word' id='word_1_188' title='bbox 1867 2486 2028 2551; x_wconf 89' lang='lat' dir='ltr'><strong>meis</strong></span> <span class='ocrx_word' id='word_1_189' title='bbox 2066 2486 2169 2551; x_wconf 84' lang='lat' dir='ltr'><strong>vel</strong></span> <span class='ocrx_word' id='word_1_190' title='bbox 2204 2508 2313 2569; x_wconf 89' lang='lat' dir='ltr'><strong>po·</strong></span> <span class='ocrx_word' id='word_1_191' title='bbox 2349 2504 2380 2550; x_wconf 79' lang='lat'><strong>2</strong></span> 
     </span>
     <span class='ocr_line' id='line_1_25' title="bbox 301 2573 2313 2660; baseline 0 -21"><span class='ocrx_word' id='word_1_192' title='bbox 301 2575 433 2639; x_wconf 88' lang='lat' dir='ltr'><strong>tius</strong></span> <span class='ocrx_word' id='word_1_193' title='bbox 470 2575 670 2658; x_wconf 87' lang='lat' dir='ltr'><strong>parui.</strong></span> <span class='ocrx_word' id='word_1_194' title='bbox 744 2573 848 2638; x_wconf 82' lang='lat' dir='ltr'><strong>Ex</strong></span> <span class='ocrx_word' id='word_1_195' title='bbox 886 2575 1121 2658; x_wconf 90' lang='lat' dir='ltr'><strong>quibus</strong></span> <span class='ocrx_word' id='word_1_196' title='bbox 1158 2596 1325 2638; x_wconf 90' lang='lat' dir='ltr'><strong>unus</strong></span> <span class='ocrx_word' id='word_1_197' title='bbox 1363 2596 1490 2658; x_wconf 87' lang='lat' dir='ltr'><strong>qua</strong></span> <span class='ocrx_word' id='word_1_198' title='bbox 1525 2578 1740 2639; x_wconf 92' lang='lat' dir='ltr'><strong>mente</strong></span> <span class='ocrx_word' id='word_1_199' title='bbox 1775 2574 1990 2660; x_wconf 83' lang='lat' dir='ltr'><strong>fuerit,</strong></span> <span class='ocrx_word' id='word_1_200' title='bbox 2028 2574 2085 2638; x_wconf 91' lang='lat' dir='ltr'><strong>is</strong></span> <span class='ocrx_word' id='word_1_201' title='bbox 2125 2596 2313 2658; x_wconf 89' lang='lat' dir='ltr'><strong>quem</strong></span> 
     </span>
     <span class='ocr_line' id='line_1_26' title="bbox 219 2662 2313 2747; baseline -0.001 -18"><span class='ocrx_word' id='word_1_202' title='bbox 219 2690 273 2729; x_wconf 73' lang='lat'><strong>2⁵</strong></span> <span class='ocrx_word' id='word_1_203' title='bbox 303 2669 374 2727; x_wconf 88' lang='lat' dir='ltr'><strong>tu</strong></span> <span class='ocrx_word' id='word_1_204' title='bbox 420 2663 580 2727; x_wconf 89' lang='lat' dir='ltr'><strong>mihi</strong></span> <span class='ocrx_word' id='word_1_205' title='bbox 625 2662 1046 2746; x_wconf 84' lang='lat' dir='ltr'><strong>commendas,</strong></span> <span class='ocrx_word' id='word_1_206' title='bbox 1091 2683 1434 2747; x_wconf 84' lang='lat' dir='ltr'><strong>cognosces</strong></span> <span class='ocrx_word' id='word_1_207' title='bbox 1480 2685 1560 2727; x_wconf 86' lang='lat' dir='ltr'><strong>ex</strong></span> <span class='ocrx_word' id='word_1_208' title='bbox 1604 2662 1809 2746; x_wconf 91' lang='lat' dir='ltr'><strong>ipsius</strong></span> <span class='ocrx_word' id='word_1_209' title='bbox 1852 2663 2108 2747; x_wconf 88' lang='lat' dir='ltr'><strong>litteris,</strong></span> <span class='ocrx_word' id='word_1_210' title='bbox 2154 2684 2313 2746; x_wconf 88' lang='lat' dir='ltr'><strong>quas</strong></span> 
     </span>
     <span class='ocr_line' id='line_1_27' title="bbox 303 2750 2315 2836; baseline 0 -22"><span class='ocrx_word' id='word_1_211' title='bbox 303 2752 381 2815; x_wconf 90' lang='lat' dir='ltr'><strong>ad</strong></span> <span class='ocrx_word' id='word_1_212' title='bbox 425 2756 491 2817; x_wconf 90' lang='lat' dir='ltr'><strong>te</strong></span> <span class='ocrx_word' id='word_1_213' title='bbox 538 2755 604 2815; x_wconf 91' lang='lat' dir='ltr'><strong>et</strong></span> <span class='ocrx_word' id='word_1_214' title='bbox 648 2750 729 2815; x_wconf 90' lang='lat' dir='ltr'><strong>ad</strong></span> <span class='ocrx_word' id='word_1_215' title='bbox 773 2751 934 2815; x_wconf 89' lang='lat' dir='ltr'><strong>alios</strong></span> <span class='ocrx_word' id='word_1_216' title='bbox 979 2751 1173 2815; x_wconf 90' lang='lat' dir='ltr'><strong>misit.</strong></span> <span class='ocrx_word' id='word_1_217' title='bbox 1261 2750 1432 2827; x_wconf 88' lang='lat' dir='ltr'><strong>Quas</strong></span> <span class='ocrx_word' id='word_1_218' title='bbox 1479 2770 1598 2835; x_wconf 83' lang='lat' dir='ltr'><strong>ego</strong></span> <span class='ocrx_word' id='word_1_219' title='bbox 1643 2772 1993 2836; x_wconf 88' lang='lat' dir='ltr'><strong>numquam</strong></span> <span class='ocrx_word' id='word_1_220' title='bbox 2039 2751 2315 2834; x_wconf 87' lang='lat' dir='ltr'><strong>aperuis-</strong></span> 
     </span>
     <span class='ocr_line' id='line_1_28' title="bbox 303 2838 2315 2925; baseline 0 -23"><span class='ocrx_word' id='word_1_221' title='bbox 303 2861 468 2925; x_wconf 82' lang='lat' dir='ltr'><strong>sem,</strong></span> <span class='ocrx_word' id='word_1_222' title='bbox 524 2839 651 2902; x_wconf 89' lang='lat' dir='ltr'><strong>nisi</strong></span> <span class='ocrx_word' id='word_1_223' title='bbox 705 2861 807 2904; x_wconf 89' lang='lat' dir='ltr'><strong>res</strong></span> <span class='ocrx_word' id='word_1_224' title='bbox 863 2842 1004 2903; x_wconf 90' lang='lat' dir='ltr'><strong>acta</strong></span> <span class='ocrx_word' id='word_1_225' title='bbox 1064 2839 1156 2903; x_wconf 91' lang='lat' dir='ltr'><strong>sic</strong></span> <span class='ocrx_word' id='word_1_226' title='bbox 1209 2843 1394 2903; x_wconf 90' lang='lat' dir='ltr'><strong>esset.</strong></span> <span class='ocrx_word' id='word_1_227' title='bbox 1492 2838 1759 2903; x_wconf 85' lang='lat' dir='ltr'><strong>Delatus</strong></span> <span class='ocrx_word' id='word_1_228' title='bbox 1806 2844 1904 2904; x_wconf 91' lang='lat' dir='ltr'><strong>est</strong></span> <span class='ocrx_word' id='word_1_229' title='bbox 1949 2840 2029 2903; x_wconf 87' lang='lat' dir='ltr'><strong>ad</strong></span> <span class='ocrx_word' id='word_1_230' title='bbox 2072 2861 2175 2903; x_wconf 95' lang='lat' dir='ltr'><strong>me</strong></span> <span class='ocrx_word' id='word_1_231' title='bbox 2221 2841 2315 2904; x_wconf 81' lang='lat' dir='ltr'><strong>fa·-</strong></span> 
     </span>
     <span class='ocr_line' id='line_1_29' title="bbox 305 2925 2315 3011; baseline 0.001 -21"><span class='ocrx_word' id='word_1_232' title='bbox 305 2928 593 2992; x_wconf 90' lang='grc'>8010111118.</span> <span class='ocrx_word' id='word_1_233' title='bbox 668 2926 864 3011; x_wconf 75' lang='grc'>80111,</span> <span class='ocrx_word' id='word_1_234' title='bbox 910 2928 966 2991; x_wconf 88' lang='grc'><strong>81</strong></span> <span class='ocrx_word' id='word_1_235' title='bbox 1012 2927 1162 3011; x_wconf 89' lang='lat' dir='ltr'><strong>quid</strong></span> <span class='ocrx_word' id='word_1_236' title='bbox 1210 2928 1290 2991; x_wconf 86' lang='lat' dir='ltr'><strong>ad</strong></span> <span class='ocrx_word' id='word_1_237' title='bbox 1330 2950 1432 2992; x_wconf 95' lang='lat' dir='ltr'><strong>me</strong></span> <span class='ocrx_word' id='word_1_238' title='bbox 1470 2931 1639 2992; x_wconf 91' lang='lat' dir='ltr'><strong>esset</strong></span> <span class='ocrx_word' id='word_1_239' title='bbox 1675 2928 2056 2992; x_wconf 85' lang='lat' dir='ltr'><strong>litterarum.</strong></span> <span class='ocrx_word' id='word_1_240' title='bbox 2129 2925 2315 2992; x_wconf 89' lang='lat' dir='ltr'><strong>Nihil</strong></span> 
     </span>
     <span class='ocr_line' id='line_1_30' title="bbox 304 3014 2314 3100; baseline 0 -21"><span class='ocrx_word' id='word_1_241' title='bbox 304 3020 461 3100; x_wconf 84' lang='lat' dir='ltr'><strong>erat,</strong></span> <span class='ocrx_word' id='word_1_242' title='bbox 505 3016 782 3098; x_wconf 89' lang='lat' dir='ltr'><strong>epistula</strong></span> <span class='ocrx_word' id='word_1_243' title='bbox 826 3015 1091 3079; x_wconf 88' lang='lat' dir='ltr'><strong>Vatinio</strong></span> <span class='ocrx_word' id='word_1_244' title='bbox 1138 3020 1203 3080; x_wconf 92' lang='lat' dir='ltr'><strong>et</strong></span> <span class='ocrx_word' id='word_1_245' title='bbox 1249 3014 1515 3100; x_wconf 85' lang='lat' dir='ltr'><strong>Ligurio</strong></span> <span class='ocrx_word' id='word_1_246' title='bbox 1563 3016 1779 3081; x_wconf 89' lang='lat' dir='ltr'><strong>altera.</strong></span> <span class='ocrx_word' id='word_1_247' title='bbox 1861 3014 2032 3081; x_wconf 91' lang='lat' dir='ltr'><strong>Iussi</strong></span> <span class='ocrx_word' id='word_1_248' title='bbox 2077 3017 2157 3080; x_wconf 88' lang='lat' dir='ltr'><strong>ad</strong></span> <span class='ocrx_word' id='word_1_249' title='bbox 2204 3038 2314 3082; x_wconf 94' lang='lat' dir='ltr'><strong>eos</strong></span> 
     </span>
     <span class='ocr_line' id='line_1_31' title="bbox 222 3103 2315 3170; baseline -0.001 0"><span class='ocrx_word' id='word_1_250' title='bbox 222 3130 276 3170; x_wconf 76' lang='lat' dir='ltr'><strong>so</strong></span> <span class='ocrx_word' id='word_1_251' title='bbox 303 3103 548 3169; x_wconf 87' lang='lat' dir='ltr'><strong>deferri.</strong></span> <span class='ocrx_word' id='word_1_252' title='bbox 648 3103 754 3167; x_wconf 86' lang='lat' dir='ltr'><strong>llli</strong></span> <span class='ocrx_word' id='word_1_253' title='bbox 813 3103 893 3167; x_wconf 87' lang='lat' dir='ltr'><strong>ad</strong></span> <span class='ocrx_word' id='word_1_254' title='bbox 947 3126 1049 3167; x_wconf 93' lang='lat' dir='ltr'><strong>me</strong></span> <span class='ocrx_word' id='word_1_255' title='bbox 1106 3103 1329 3166; x_wconf 86' lang='lat' dir='ltr'><strong>statim</strong></span> <span class='ocrx_word' id='word_1_256' title='bbox 1384 3105 1676 3168; x_wconf 88' lang='lat' dir='ltr'><strong>ardentes</strong></span> <span class='ocrx_word' id='word_1_257' title='bbox 1731 3104 1949 3170; x_wconf 89' lang='lat' dir='ltr'><strong>dolore</strong></span> <span class='ocrx_word' id='word_1_258' title='bbox 2002 3110 2315 3170; x_wconf 82' lang='lat' dir='ltr'><strong>venerunt</strong></span> 
     </span>
     <span class='ocr_line' id='line_1_32' title="bbox 306 3190 2313 3277; baseline 0.001 -22"><span class='ocrx_word' id='word_1_259' title='bbox 306 3193 510 3256; x_wconf 90' lang='lat' dir='ltr'><strong>scelus</strong></span> <span class='ocrx_word' id='word_1_260' title='bbox 552 3190 832 3257; x_wconf 81' lang='lat' dir='ltr'><strong>hominis</strong></span> <span class='ocrx_word' id='word_1_261' title='bbox 879 3192 1252 3274; x_wconf 86' lang='lat' dir='ltr'><strong>clamantes;</strong></span> <span class='ocrx_word' id='word_1_262' title='bbox 1298 3192 1609 3274; x_wconf 87' lang='lat' dir='ltr'><strong>epistulas</strong></span> <span class='ocrx_word' id='word_1_263' title='bbox 1656 3192 1815 3256; x_wconf 85' lang='lat' dir='ltr'><strong>mihi</strong></span> <span class='ocrx_word' id='word_1_264' title='bbox 1853 3193 2148 3277; x_wconf 80' lang='lat' dir='ltr'><strong>legerunt</strong></span> <span class='ocrx_word' id='word_1_265' title='bbox 2183 3193 2313 3276; x_wconf 91' lang='lat' dir='ltr'><strong>ple-</strong></span> 
     </span>
     <span class='ocr_line' id='line_1_33' title="bbox 302 3279 2312 3366; baseline 0 -22"><span class='ocrx_word' id='word_1_266' title='bbox 302 3302 419 3344; x_wconf 89' lang='lat' dir='ltr'><strong>nas</strong></span> <span class='ocrx_word' id='word_1_267' title='bbox 474 3280 759 3344; x_wconf 90' lang='lat' dir='ltr'><strong>omnium</strong></span> <span class='ocrx_word' id='word_1_268' title='bbox 811 3279 882 3343; x_wconf 91' lang='lat' dir='ltr'><strong>in</strong></span> <span class='ocrx_word' id='word_1_269' title='bbox 926 3303 1028 3345; x_wconf 93' lang='lat' dir='ltr'><strong>me</strong></span> <span class='ocrx_word' id='word_1_270' title='bbox 1073 3280 1477 3363; x_wconf 87' lang='lat' dir='ltr'><strong>probrorum.</strong></span> <span class='ocrx_word' id='word_1_271' title='bbox 1567 3279 1692 3345; x_wconf 90' lang='lat' dir='ltr'><strong>Hic</strong></span> <span class='ocrx_word' id='word_1_272' title='bbox 1736 3281 2039 3366; x_wconf 86' lang='lat' dir='ltr'><strong>Ligurius</strong></span> <span class='ocrx_word' id='word_1_273' title='bbox 2084 3282 2312 3346; x_wconf 89' lang='lat' dir='ltr'><strong>furere.</strong></span> 
     </span>
     <span class='ocr_line' id='line_1_34' title="bbox 305 3366 2312 3433; baseline 0 -1"><span class='ocrx_word' id='word_1_274' title='bbox 305 3366 409 3432; x_wconf 76' lang='lat' dir='ltr'><strong>‘Se</strong></span> <span class='ocrx_word' id='word_1_275' title='bbox 468 3368 638 3433; x_wconf 91' lang='lat' dir='ltr'><strong>enim</strong></span> <span class='ocrx_word' id='word_1_276' title='bbox 699 3368 859 3432; x_wconf 89' lang='lat' dir='ltr'><strong>scire</strong></span> <span class='ocrx_word' id='word_1_277' title='bbox 912 3390 1162 3433; x_wconf 93' lang='lat' dir='ltr'><strong>summo</strong></span> <span class='ocrx_word' id='word_1_278' title='bbox 1217 3368 1405 3431; x_wconf 90' lang='lat' dir='ltr'><strong>illum</strong></span> <span class='ocrx_word' id='word_1_279' title='bbox 1458 3368 1528 3432; x_wconf 92' lang='lat' dir='ltr'><strong>in</strong></span> <span class='ocrx_word' id='word_1_280' title='bbox 1582 3369 1727 3433; x_wconf 92' lang='lat' dir='ltr'><strong>odio</strong></span> <span class='ocrx_word' id='word_1_281' title='bbox 1782 3370 1982 3433; x_wconf 87' lang='lat' dir='ltr'><strong>fuisse</strong></span> <span class='ocrx_word' id='word_1_282' title='bbox 2039 3367 2312 3433; x_wconf 87' lang='lat' dir='ltr'><strong>Caesari.</strong></span> 
     </span>
     <span class='ocr_line' id='line_1_35' title="bbox 303 3455 2313 3540; baseline -0 -20"><span class='ocrx_word' id='word_1_283' title='bbox 303 3455 494 3520; x_wconf 91' lang='lat' dir='ltr'><strong>Illum</strong></span> <span class='ocrx_word' id='word_1_284' title='bbox 539 3459 756 3521; x_wconf 84' lang='lat' dir='ltr'><strong>tamen</strong></span> <span class='ocrx_word' id='word_1_285' title='bbox 799 3477 933 3521; x_wconf 92' lang='lat' dir='ltr'><strong>non</strong></span> <span class='ocrx_word' id='word_1_286' title='bbox 976 3456 1164 3521; x_wconf 92' lang='lat' dir='ltr'><strong>modo</strong></span> <span class='ocrx_word' id='word_1_287' title='bbox 1211 3457 1474 3540; x_wconf 75' lang='lat' dir='ltr'><strong>favisse,</strong></span> <span class='ocrx_word' id='word_1_288' title='bbox 1530 3458 1638 3522; x_wconf 86' lang='lat' dir='ltr'><strong>sed</strong></span> <span class='ocrx_word' id='word_1_289' title='bbox 1683 3457 1877 3522; x_wconf 90' lang='lat' dir='ltr'><strong>etiam</strong></span> <span class='ocrx_word' id='word_1_290' title='bbox 1921 3461 2170 3521; x_wconf 88' lang='lat' dir='ltr'><strong>tantam</strong></span> <span class='ocrx_word' id='word_1_291' title='bbox 2215 3457 2313 3520; x_wconf 91' lang='lat' dir='ltr'><strong>illi</strong></span> 
     </span>
     <span class='ocr_line' id='line_1_36' title="bbox 224 3544 2314 3628; baseline -0.001 -18"><span class='ocrx_word' id='word_1_292' title='bbox 224 3570 275 3610; x_wconf 71' lang='lat'><strong>35</strong></span> <span class='ocrx_word' id='word_1_293' title='bbox 302 3545 633 3627; x_wconf 87' lang='lat' dir='ltr'><strong>pecuniam</strong></span> <span class='ocrx_word' id='word_1_294' title='bbox 681 3544 928 3610; x_wconf 85' lang='lat' dir='ltr'><strong>dedisse</strong></span> <span class='ocrx_word' id='word_1_295' title='bbox 973 3545 1238 3609; x_wconf 89' lang='lat' dir='ltr'><strong>honoris</strong></span> <span class='ocrx_word' id='word_1_296' title='bbox 1284 3546 1412 3608; x_wconf 90' lang='lat' dir='ltr'><strong>mei</strong></span> <span class='ocrx_word' id='word_1_297' title='bbox 1450 3546 1676 3610; x_wconf 87' lang='lat' dir='ltr'><strong>causa.&#39;</strong></span> <span class='ocrx_word' id='word_1_298' title='bbox 1750 3544 1891 3609; x_wconf 92' lang='lat' dir='ltr'><strong>Hoc</strong></span> <span class='ocrx_word' id='word_1_299' title='bbox 1937 3565 2057 3628; x_wconf 84' lang='lat' dir='ltr'><strong>ego</strong></span> <span class='ocrx_word' id='word_1_300' title='bbox 2096 3544 2314 3608; x_wconf 88' lang='lat' dir='ltr'><strong>dolore</strong></span> 
     </span>
    </p>
   </div>
  </div>
 </body>
</html>
