<?xml version="1.0" encoding="UTF-8"?>
<!DOCTYPE html PUBLIC "-//W3C//DTD XHTML 1.0 Transitional//EN"
    "http://www.w3.org/TR/xhtml1/DTD/xhtml1-transitional.dtd">
<html xmlns="http://www.w3.org/1999/xhtml" xml:lang="en" lang="en">
 <head>
  <title>
</title>
<meta http-equiv="Content-Type" content="text/html;charset=utf-8" />
  <meta name='ocr-system' content='tesseract 3.04.00' />
  <meta name='ocr-capabilities' content='ocr_page ocr_carea ocr_par ocr_line ocrx_word'/>
</head>
<body>
  <div class='ocr_page' id='page_1' title='image "./scriptaquaemans00friegoog_0587.png"; bbox 0 0 2642 3923; ppageno 0'>
   <div class='ocr_carea' id='block_1_1' title="bbox 582 161 2320 240">
    <p class='ocr_par' dir='ltr' id='par_1_1' title="bbox 582 161 2320 240">
     <span class='ocr_line' id='line_1_1' title="bbox 582 161 2320 240; baseline 0.007 -13"><span class='ocrx_word' id='word_1_1' title='bbox 582 173 1099 229; x_wconf 74' lang='lat' dir='ltr'><strong>EPISTULARUM</strong></span> <span class='ocrx_word' id='word_1_2' title='bbox 1135 161 1235 228; x_wconf 79' lang='lat' dir='ltr'><strong>AD</strong></span> <span class='ocrx_word' id='word_1_3' title='bbox 1271 174 1598 229; x_wconf 80' lang='lat' dir='ltr'><strong>ATTICUM</strong></span> <span class='ocrx_word' id='word_1_4' title='bbox 1633 175 1764 229; x_wconf 83' lang='lat' dir='ltr'><strong>xm</strong></span> <span class='ocrx_word' id='word_1_5' title='bbox 1799 181 2028 231; x_wconf 84' lang='lat'><strong>36—38.</strong></span> <span class='ocrx_word' id='word_1_6' title='bbox 2188 175 2320 240; x_wconf 83' lang='lat'><strong>423</strong></span> 
     </span>
    </p>
   </div>
   <div class='ocr_carea' id='block_1_2' title="bbox 489 404 2139 597">
    <p class='ocr_par' dir='ltr' id='par_1_2' title="bbox 489 404 2139 597">
     <span class='ocr_line' id='line_1_2' title="bbox 1127 404 1492 472; baseline 0.005 -2"><span class='ocrx_word' id='word_1_7' title='bbox 1127 404 1492 472; x_wconf 87' lang='lat' dir='ltr'>XXXVIII.</span> 
     </span>
     <span class='ocr_line' id='line_1_3' title="bbox 489 525 2139 597; baseline 0.001 -15"><span class='ocrx_word' id='word_1_8' title='bbox 489 525 605 582; x_wconf 82' lang='lat' dir='ltr'><strong>Scr.</strong></span> <span class='ocrx_word' id='word_1_9' title='bbox 634 528 699 581; x_wconf 74' lang='lat' dir='ltr'><strong>in</strong></span> <span class='ocrx_word' id='word_1_10' title='bbox 739 527 1051 583; x_wconf 76' lang='lat' dir='ltr'><strong>Tusculano</strong></span> <span class='ocrx_word' id='word_1_11' title='bbox 1087 528 1213 583; x_wconf 80' lang='lat' dir='ltr'><strong>circ.</strong></span> <span class='ocrx_word' id='word_1_12' title='bbox 1237 528 1386 596; x_wconf 77' lang='lat' dir='ltr'><strong>prid.</strong></span> <span class='ocrx_word' id='word_1_13' title='bbox 1417 528 1568 584; x_wconf 75' lang='lat' dir='ltr'><strong>Non.</strong></span> <span class='ocrx_word' id='word_1_14' title='bbox 1598 528 1742 585; x_wconf 80' lang='lat' dir='ltr'><strong>Sext.</strong></span> <span class='ocrx_word' id='word_1_15' title='bbox 1771 546 1823 584; x_wconf 88' lang='grc' dir='ltr'><strong>α.</strong></span> <span class='ocrx_word' id='word_1_16' title='bbox 1854 533 1965 585; x_wconf 83' lang='grc'><strong>709</strong></span> <span class='ocrx_word' id='word_1_17' title='bbox 2001 531 2139 597; x_wconf 80' lang='lat'><em>(45).</em></span> 
     </span>
    </p>
   </div>
   <div class='ocr_carea' id='block_1_3' title="bbox 902 649 1722 706">
    <p class='ocr_par' dir='ltr' id='par_1_3' title="bbox 902 649 1722 706">
     <span class='ocr_line' id='line_1_4' title="bbox 902 649 1722 706; baseline 0.002 -2"><span class='ocrx_word' id='word_1_18' title='bbox 902 649 1192 705; x_wconf 71' lang='lat' dir='ltr'><strong><em>CICERO</em></strong></span> <span class='ocrx_word' id='word_1_19' title='bbox 1225 649 1519 706; x_wconf 71' lang='lat' dir='ltr'><strong><em>ATTICO</em></strong></span> <span class='ocrx_word' id='word_1_20' title='bbox 1553 650 1722 706; x_wconf 80' lang='lat' dir='ltr'><strong><em>SAL.</em></strong></span> 
     </span>
    </p>
   </div>
   <div class='ocr_carea' id='block_1_4' title="bbox 224 758 2325 3476">
    <p class='ocr_par' dir='ltr' id='par_1_4' title="bbox 224 758 2325 3476">
     <span class='ocr_line' id='line_1_5' title="bbox 433 758 2321 846; baseline 0.001 -22"><span class='ocrx_word' id='word_1_21' title='bbox 433 758 604 824; x_wconf 88' lang='lat' dir='ltr'><strong>Ante</strong></span> <span class='ocrx_word' id='word_1_22' title='bbox 657 760 865 824; x_wconf 90' lang='lat' dir='ltr'><strong>lucem</strong></span> <span class='ocrx_word' id='word_1_23' title='bbox 920 779 1065 823; x_wconf 90' lang='lat' dir='ltr'><strong>cum</strong></span> <span class='ocrx_word' id='word_1_24' title='bbox 1120 758 1465 824; x_wconf 81' lang='lat' dir='ltr'><strong>scriberem</strong></span> <span class='ocrx_word' id='word_1_25' title='bbox 1519 763 1744 824; x_wconf 88' lang='lat' dir='ltr'><strong>contra</strong></span> <span class='ocrx_word' id='word_1_26' title='bbox 1798 759 2178 846; x_wconf 84' lang='lat' dir='ltr'><strong>Epicureos,</strong></span> <span class='ocrx_word' id='word_1_27' title='bbox 2242 760 2321 825; x_wconf 88' lang='lat' dir='ltr'><strong>de</strong></span> 
     </span>
     <span class='ocr_line' id='line_1_6' title="bbox 247 847 2319 932; baseline 0 -20"><span class='ocrx_word' id='word_1_28' title='bbox 247 873 273 912; x_wconf 73' lang='grc' dir='ltr'>ε</span> <span class='ocrx_word' id='word_1_29' title='bbox 302 847 523 912; x_wconf 90' lang='lat' dir='ltr'><strong>eodem</strong></span> <span class='ocrx_word' id='word_1_30' title='bbox 570 848 710 912; x_wconf 92' lang='lat' dir='ltr'><strong>oleo</strong></span> <span class='ocrx_word' id='word_1_31' title='bbox 757 851 822 911; x_wconf 90' lang='lat' dir='ltr'><strong>et</strong></span> <span class='ocrx_word' id='word_1_32' title='bbox 868 868 1061 931; x_wconf 88' lang='lat' dir='ltr'><strong>opera</strong></span> <span class='ocrx_word' id='word_1_33' title='bbox 1106 847 1362 912; x_wconf 84' lang='lat' dir='ltr'><strong>exaravi</strong></span> <span class='ocrx_word' id='word_1_34' title='bbox 1406 847 1622 912; x_wconf 89' lang='lat' dir='ltr'><strong>nescio</strong></span> <span class='ocrx_word' id='word_1_35' title='bbox 1662 848 1816 932; x_wconf 90' lang='lat' dir='ltr'><strong>quid</strong></span> <span class='ocrx_word' id='word_1_36' title='bbox 1852 848 1931 912; x_wconf 86' lang='lat' dir='ltr'><strong>ad</strong></span> <span class='ocrx_word' id='word_1_37' title='bbox 1967 852 2032 912; x_wconf 88' lang='lat' dir='ltr'><strong>te</strong></span> <span class='ocrx_word' id='word_1_38' title='bbox 2069 851 2133 912; x_wconf 88' lang='lat' dir='ltr'><strong>et</strong></span> <span class='ocrx_word' id='word_1_39' title='bbox 2170 852 2319 913; x_wconf 88' lang='lat' dir='ltr'><strong>ante</strong></span> 
     </span>
     <span class='ocr_line' id='line_1_7' title="bbox 303 933 2318 1020; baseline 0.001 -21"><span class='ocrx_word' id='word_1_40' title='bbox 303 937 508 1001; x_wconf 89' lang='lat' dir='ltr'><strong>lucem</strong></span> <span class='ocrx_word' id='word_1_41' title='bbox 560 936 719 1001; x_wconf 86' lang='lat' dir='ltr'><strong>dedi.</strong></span> <span class='ocrx_word' id='word_1_42' title='bbox 809 933 1080 1020; x_wconf 86' lang='lat' dir='ltr'><strong>Deinde,</strong></span> <span class='ocrx_word' id='word_1_43' title='bbox 1133 957 1281 1000; x_wconf 90' lang='lat' dir='ltr'><strong>oum</strong></span> <span class='ocrx_word' id='word_1_44' title='bbox 1342 956 1566 1000; x_wconf 92' lang='lat' dir='ltr'><strong>somno</strong></span> <span class='ocrx_word' id='word_1_45' title='bbox 1612 935 1889 1020; x_wconf 85' lang='lat' dir='ltr'><strong>repetito</strong></span> <span class='ocrx_word' id='word_1_46' title='bbox 1936 936 2131 1001; x_wconf 83' lang='lat' dir='ltr'><strong>simul</strong></span> <span class='ocrx_word' id='word_1_47' title='bbox 2174 959 2318 1001; x_wconf 86' lang='lat' dir='ltr'><strong>eum</strong></span> 
     </span>
     <span class='ocr_line' id='line_1_8' title="bbox 302 1023 2317 1109; baseline 0 -21"><span class='ocrx_word' id='word_1_48' title='bbox 302 1025 436 1090; x_wconf 91' lang='lat' dir='ltr'><strong>sole</strong></span> <span class='ocrx_word' id='word_1_49' title='bbox 499 1027 906 1107; x_wconf 80' lang='lat' dir='ltr'><strong>experrectus</strong></span> <span class='ocrx_word' id='word_1_50' title='bbox 960 1045 1190 1109; x_wconf 91' lang='lat' dir='ltr'><strong>essem,</strong></span> <span class='ocrx_word' id='word_1_51' title='bbox 1254 1024 1444 1088; x_wconf 90' lang='lat' dir='ltr'><strong>datur</strong></span> <span class='ocrx_word' id='word_1_52' title='bbox 1496 1023 1587 1088; x_wconf 87' lang='lat' dir='ltr'><strong>mi</strong></span> <span class='ocrx_word' id='word_1_53' title='bbox 1647 1024 1927 1107; x_wconf 83' lang='lat' dir='ltr'><strong>epistula</strong></span> <span class='ocrx_word' id='word_1_54' title='bbox 1982 1047 2020 1087; x_wconf 92' lang='lat' dir='ltr'><strong>a</strong></span> <span class='ocrx_word' id='word_1_55' title='bbox 2075 1026 2317 1090; x_wconf 89' lang='lat' dir='ltr'><strong>sororis</strong></span> 
     </span>
     <span class='ocr_line' id='line_1_9' title="bbox 301 1111 2320 1199; baseline 0 -22"><span class='ocrx_word' id='word_1_56' title='bbox 301 1117 453 1177; x_wconf 90' lang='lat' dir='ltr'><strong>tuae</strong></span> <span class='ocrx_word' id='word_1_57' title='bbox 497 1113 651 1199; x_wconf 78' lang='lat' dir='ltr'><strong>filio,</strong></span> <span class='ocrx_word' id='word_1_58' title='bbox 697 1135 890 1196; x_wconf 90' lang='lat' dir='ltr'><strong>quam</strong></span> <span class='ocrx_word' id='word_1_59' title='bbox 934 1111 1141 1196; x_wconf 81' lang='lat' dir='ltr'><strong>ipsam</strong></span> <span class='ocrx_word' id='word_1_60' title='bbox 1186 1111 1311 1176; x_wconf 88' lang='lat' dir='ltr'><strong>tibi</strong></span> <span class='ocrx_word' id='word_1_61' title='bbox 1357 1112 1534 1197; x_wconf 86' lang='lat' dir='ltr'><strong>misi;</strong></span> <span class='ocrx_word' id='word_1_62' title='bbox 1579 1113 1759 1177; x_wconf 88' lang='lat' dir='ltr'><strong>cuius</strong></span> <span class='ocrx_word' id='word_1_63' title='bbox 1799 1117 1898 1178; x_wconf 90' lang='lat' dir='ltr'><strong>est</strong></span> <span class='ocrx_word' id='word_1_64' title='bbox 1932 1112 2320 1197; x_wconf 86' lang='lat' dir='ltr'><strong>principium</strong></span> 
     </span>
     <span class='ocr_line' id='line_1_10' title="bbox 299 1199 2319 1267; baseline 0.001 -2"><span class='ocrx_word' id='word_1_65' title='bbox 299 1224 434 1267; x_wconf 92' lang='lat' dir='ltr'><strong>non</strong></span> <span class='ocrx_word' id='word_1_66' title='bbox 488 1202 625 1266; x_wconf 90' lang='lat' dir='ltr'><strong>sine</strong></span> <span class='ocrx_word' id='word_1_67' title='bbox 678 1201 958 1265; x_wconf 87' lang='lat' dir='ltr'><strong>maxima</strong></span> <span class='ocrx_word' id='word_1_68' title='bbox 1010 1201 1416 1266; x_wconf 85' lang='lat' dir='ltr'><strong>contumelia.</strong></span> <span class='ocrx_word' id='word_1_69' title='bbox 1511 1199 1634 1266; x_wconf 85' lang='lat' dir='ltr'><strong>Sed</strong></span> <span class='ocrx_word' id='word_1_70' title='bbox 1686 1202 1962 1266; x_wconf 89' lang='lat' dir='ltr'><strong>fortasse</strong></span> <span class='ocrx_word' id='word_1_71' title='bbox 2007 1200 2129 1267; x_wconf 79' lang='grc' dir='ltr'><strong>οὐκ</strong></span> <span class='ocrx_word' id='word_1_72' title='bbox 2177 1201 2319 1267; x_wconf 82' lang='grc' dir='ltr'><strong><em>ἐπέ-</em></strong></span> 
     </span>
     <span class='ocr_line' id='line_1_11' title="bbox 224 1288 2320 1377; baseline 0 -24"><span class='ocrx_word' id='word_1_73' title='bbox 224 1315 275 1354; x_wconf 89' lang='grc' dir='ltr'><strong>ιο</strong></span> <span class='ocrx_word' id='word_1_74' title='bbox 304 1307 557 1373; x_wconf 81' lang='grc' dir='ltr'><strong><em>στησεν.</em></strong></span> <span class='ocrx_word' id='word_1_75' title='bbox 657 1289 784 1354; x_wconf 84' lang='lat' dir='ltr'><strong>Est</strong></span> <span class='ocrx_word' id='word_1_76' title='bbox 851 1293 1066 1353; x_wconf 88' lang='lat' dir='ltr'><strong>autem</strong></span> <span class='ocrx_word' id='word_1_77' title='bbox 1130 1289 1249 1354; x_wconf 82' lang='lat' dir='ltr'><strong>sic:</strong></span> <span class='ocrx_word' id='word_1_78' title='bbox 1332 1290 1500 1377; x_wconf 72' lang='lat' dir='ltr'><strong>‘Ego</strong></span> <span class='ocrx_word' id='word_1_79' title='bbox 1566 1288 1765 1391; x_wconf 80' lang='lat' dir='ltr'><strong>enim,</strong></span> <span class='ocrx_word' id='word_1_80' title='bbox 1831 1289 2136 1375; x_wconf 87' lang='lat' dir='ltr'><strong>quicquid</strong></span> <span class='ocrx_word' id='word_1_81' title='bbox 2187 1312 2320 1355; x_wconf 87' lang='lat' dir='ltr'><strong>non</strong></span> 
     </span>
     <span class='ocr_line' id='line_1_12' title="bbox 303 1377 2318 1461; baseline 0 -18"><span class='ocrx_word' id='word_1_82' title='bbox 303 1379 524 1443; x_wconf 83' lang='lat' dir='ltr'><strong>belle‘</strong></span> <span class='ocrx_word' id='word_1_83' title='bbox 504 1401 575 1444; x_wconf 81' lang='lat' dir='ltr'><strong>in</strong></span> <span class='ocrx_word' id='word_1_84' title='bbox 600 1381 667 1441; x_wconf 90' lang='lat' dir='ltr'><strong>te</strong></span> <span class='ocrx_word' id='word_1_85' title='bbox 703 1378 829 1442; x_wconf 88' lang='lat' dir='ltr'><strong>dici</strong></span> <span class='ocrx_word' id='word_1_86' title='bbox 863 1381 1083 1461; x_wconf 88' lang='lat' dir='ltr'><strong>potest</strong></span> <span class='ocrx_word' id='word_1_87' title='bbox 1109 1414 1213 1443; x_wconf 91' lang='lat'><strong>—.</strong></span> <span class='ocrx_word' id='word_1_88' title='bbox 1217 1377 1500 1443; x_wconf 90' lang='lat' dir='ltr'><strong>&#39;Posse</strong></span> <span class='ocrx_word' id='word_1_89' title='bbox 1536 1377 1732 1443; x_wconf 83' lang='lat' dir='ltr'><strong>vult</strong></span> <span class='ocrx_word' id='word_1_90' title='bbox 1713 1401 1783 1443; x_wconf 90' lang='lat' dir='ltr'><strong>m</strong></span> <span class='ocrx_word' id='word_1_91' title='bbox 1816 1400 1920 1443; x_wconf 90' lang='lat' dir='ltr'><strong>me</strong></span> <span class='ocrx_word' id='word_1_92' title='bbox 1954 1379 2159 1443; x_wconf 86' lang='lat' dir='ltr'><strong>multa</strong></span> <span class='ocrx_word' id='word_1_93' title='bbox 2194 1378 2318 1443; x_wconf 85' lang='lat' dir='ltr'><strong>diei</strong></span> 
     </span>
     <span class='ocr_line' id='line_1_13' title="bbox 302 1464 2318 1551; baseline 0 -19"><span class='ocrx_word' id='word_1_94' title='bbox 302 1488 435 1531; x_wconf 90' lang='lat' dir='ltr'><strong>non</strong></span> <span class='ocrx_word' id='word_1_95' title='bbox 477 1466 665 1551; x_wconf 91' lang='lat' dir='ltr'><strong>belle,</strong></span> <span class='ocrx_word' id='word_1_96' title='bbox 708 1466 818 1530; x_wconf 92' lang='lat' dir='ltr'><strong>sed</strong></span> <span class='ocrx_word' id='word_1_97' title='bbox 863 1486 938 1530; x_wconf 90' lang='lat' dir='ltr'><strong>ea</strong></span> <span class='ocrx_word' id='word_1_98' title='bbox 982 1487 1051 1530; x_wconf 92' lang='lat' dir='ltr'><strong>se</strong></span> <span class='ocrx_word' id='word_1_99' title='bbox 1094 1470 1288 1550; x_wconf 81' lang='lat' dir='ltr'><strong>negat</strong></span> <span class='ocrx_word' id='word_1_100' title='bbox 1337 1465 1708 1551; x_wconf 87' lang='lat' dir='ltr'><strong>approbare.</strong></span> <span class='ocrx_word' id='word_1_101' title='bbox 1790 1464 1933 1531; x_wconf 88' lang='lat' dir='ltr'><strong>Hoc</strong></span> <span class='ocrx_word' id='word_1_102' title='bbox 1978 1467 2318 1551; x_wconf 90' lang='lat' dir='ltr'><strong>quicquam</strong></span> 
     </span>
     <span class='ocr_line' id='line_1_14' title="bbox 302 1551 2318 1644; baseline 0 -25"><span class='ocrx_word' id='word_1_103' title='bbox 302 1559 456 1640; x_wconf 91' lang='lat' dir='ltr'><strong>pote</strong></span> <span class='ocrx_word' id='word_1_104' title='bbox 518 1554 860 1638; x_wconf 82' lang='lat' dir='ltr'><strong>inpurius‘?</strong></span> <span class='ocrx_word' id='word_1_105' title='bbox 933 1551 1069 1618; x_wconf 87' lang='lat' dir='ltr'><strong>Iam</strong></span> <span class='ocrx_word' id='word_1_106' title='bbox 1134 1559 1342 1618; x_wconf 88' lang='lat' dir='ltr'><strong>cetera</strong></span> <span class='ocrx_word' id='word_1_107' title='bbox 1400 1555 1576 1639; x_wconf 85' lang='lat' dir='ltr'><strong>leges</strong></span> <span class='ocrx_word' id='word_1_108' title='bbox 1632 1554 1808 1641; x_wconf 90' lang='lat' dir='ltr'><strong>(misi</strong></span> <span class='ocrx_word' id='word_1_109' title='bbox 1864 1556 2035 1620; x_wconf 88' lang='lat' dir='ltr'><strong>enim</strong></span> <span class='ocrx_word' id='word_1_110' title='bbox 2090 1556 2169 1619; x_wconf 92' lang='lat' dir='ltr'><strong>ad</strong></span> <span class='ocrx_word' id='word_1_111' title='bbox 2221 1554 2318 1644; x_wconf 87' lang='lat' dir='ltr'><strong>te)</strong></span> 
     </span>
     <span class='ocr_line' id='line_1_15' title="bbox 302 1641 2320 1728; baseline 0.001 -21"><span class='ocrx_word' id='word_1_112' title='bbox 302 1642 757 1726; x_wconf 87' lang='lat' dir='ltr'><strong>iudicabisque.</strong></span> <span class='ocrx_word' id='word_1_113' title='bbox 830 1641 1020 1706; x_wconf 90' lang='lat' dir='ltr'><strong>Bruti</strong></span> <span class='ocrx_word' id='word_1_114' title='bbox 1055 1643 1266 1706; x_wconf 92' lang='lat' dir='ltr'><strong>nostri</strong></span> <span class='ocrx_word' id='word_1_115' title='bbox 1301 1643 1641 1707; x_wconf 73' lang='lat' dir='ltr'><strong>cotidianis</strong></span> <span class='ocrx_word' id='word_1_116' title='bbox 1678 1642 2085 1728; x_wconf 85' lang='lat' dir='ltr'><strong>adsiduisque</strong></span> <span class='ocrx_word' id='word_1_117' title='bbox 2117 1644 2320 1708; x_wconf 90' lang='lat' dir='ltr'><strong>laudi-</strong></span> 
     </span>
     <span class='ocr_line' id='line_1_16' title="bbox 224 1729 2319 1816; baseline 0.001 -21"><span class='ocrx_word' id='word_1_118' title='bbox 224 1754 276 1795; x_wconf 82' lang='lat'><strong>15</strong></span> <span class='ocrx_word' id='word_1_119' title='bbox 303 1731 454 1816; x_wconf 90' lang='lat' dir='ltr'><strong>bus,</strong></span> <span class='ocrx_word' id='word_1_120' title='bbox 517 1752 676 1816; x_wconf 87' lang='lat' dir='ltr'><strong>quas</strong></span> <span class='ocrx_word' id='word_1_121' title='bbox 732 1729 812 1794; x_wconf 91' lang='lat' dir='ltr'><strong>ab</strong></span> <span class='ocrx_word' id='word_1_122' title='bbox 867 1751 943 1794; x_wconf 92' lang='lat' dir='ltr'><strong>eo</strong></span> <span class='ocrx_word' id='word_1_123' title='bbox 998 1730 1075 1793; x_wconf 89' lang='lat' dir='ltr'><strong>de</strong></span> <span class='ocrx_word' id='word_1_124' title='bbox 1127 1730 1317 1795; x_wconf 89' lang='lat' dir='ltr'><strong>nobis</strong></span> <span class='ocrx_word' id='word_1_125' title='bbox 1372 1731 1597 1794; x_wconf 90' lang='lat' dir='ltr'><strong>haberi</strong></span> <span class='ocrx_word' id='word_1_126' title='bbox 1652 1730 1959 1815; x_wconf 72' lang='lat' dir='ltr'><strong>permulti</strong></span> <span class='ocrx_word' id='word_1_127' title='bbox 2012 1731 2173 1796; x_wconf 87' lang='lat' dir='ltr'><strong>mihi</strong></span> <span class='ocrx_word' id='word_1_128' title='bbox 2224 1753 2319 1798; x_wconf 89' lang='lat' dir='ltr'><strong>re-</strong></span> 
     </span>
     <span class='ocr_line' id='line_1_17' title="bbox 307 1818 2320 1903; baseline 0 -20"><span class='ocrx_word' id='word_1_129' title='bbox 307 1818 788 1903; x_wconf 85' lang='lat' dir='ltr'><strong>nuntiaverunt,</strong></span> <span class='ocrx_word' id='word_1_130' title='bbox 857 1821 1250 1883; x_wconf 88' lang='lat' dir='ltr'><strong>commotum</strong></span> <span class='ocrx_word' id='word_1_131' title='bbox 1313 1818 1514 1883; x_wconf 90' lang='lat' dir='ltr'><strong>istum</strong></span> <span class='ocrx_word' id='word_1_132' title='bbox 1578 1819 1924 1902; x_wconf 87' lang='lat' dir='ltr'><strong>aliquando</strong></span> <span class='ocrx_word' id='word_1_133' title='bbox 1990 1819 2320 1903; x_wconf 81' lang='lat' dir='ltr'><strong>scripsisse</strong></span> 
     </span>
     <span class='ocr_line' id='line_1_18' title="bbox 306 1906 2317 1993; baseline 0 -20"><span class='ocrx_word' id='word_1_134' title='bbox 306 1907 549 1993; x_wconf 90' lang='lat' dir='ltr'><strong>aliquid</strong></span> <span class='ocrx_word' id='word_1_135' title='bbox 594 1907 674 1972; x_wconf 89' lang='lat' dir='ltr'><strong>ad</strong></span> <span class='ocrx_word' id='word_1_136' title='bbox 718 1928 820 1972; x_wconf 93' lang='lat' dir='ltr'><strong>me</strong></span> <span class='ocrx_word' id='word_1_137' title='bbox 865 1907 1051 1972; x_wconf 87' lang='lat' dir='ltr'><strong>credo</strong></span> <span class='ocrx_word' id='word_1_138' title='bbox 1099 1910 1162 1973; x_wconf 88' lang='lat' dir='ltr'><strong>et</strong></span> <span class='ocrx_word' id='word_1_139' title='bbox 1209 1907 1289 1972; x_wconf 88' lang='lat' dir='ltr'><strong>ad</strong></span> <span class='ocrx_word' id='word_1_140' title='bbox 1334 1911 1428 1993; x_wconf 91' lang='lat' dir='ltr'><strong>te,</strong></span> <span class='ocrx_word' id='word_1_141' title='bbox 1481 1906 1674 1992; x_wconf 90' lang='lat' dir='ltr'><strong>idque</strong></span> <span class='ocrx_word' id='word_1_142' title='bbox 1717 1911 1792 1973; x_wconf 85' lang='lat' dir='ltr'><strong>ut</strong></span> <span class='ocrx_word' id='word_1_143' title='bbox 1838 1907 2053 1992; x_wconf 87' lang='lat' dir='ltr'><strong>sciam,</strong></span> <span class='ocrx_word' id='word_1_144' title='bbox 2105 1908 2317 1974; x_wconf 84' lang='lat' dir='ltr'><strong>facies.</strong></span> 
     </span>
     <span class='ocr_line' id='line_1_19' title="bbox 302 1993 2320 2081; baseline 0 -19"><span class='ocrx_word' id='word_1_145' title='bbox 302 1997 472 2062; x_wconf 86' lang='lat' dir='ltr'><strong>Nam</strong></span> <span class='ocrx_word' id='word_1_146' title='bbox 535 1995 614 2061; x_wconf 90' lang='lat' dir='ltr'><strong>ad</strong></span> <span class='ocrx_word' id='word_1_147' title='bbox 676 1999 927 2081; x_wconf 88' lang='lat' dir='ltr'><strong>patrem</strong></span> <span class='ocrx_word' id='word_1_148' title='bbox 989 1995 1065 2059; x_wconf 93' lang='lat' dir='ltr'><strong>de</strong></span> <span class='ocrx_word' id='word_1_149' title='bbox 1127 2018 1229 2061; x_wconf 92' lang='lat' dir='ltr'><strong>me</strong></span> <span class='ocrx_word' id='word_1_150' title='bbox 1297 1996 1453 2080; x_wconf 92' lang='lat' dir='ltr'><strong>quid</strong></span> <span class='ocrx_word' id='word_1_151' title='bbox 1519 1997 1869 2080; x_wconf 78' lang='lat' dir='ltr'><strong>scripserit,</strong></span> <span class='ocrx_word' id='word_1_152' title='bbox 1937 1997 2180 2081; x_wconf 88' lang='lat' dir='ltr'><strong>nesci0,</strong></span> <span class='ocrx_word' id='word_1_153' title='bbox 2242 1993 2320 2063; x_wconf 91' lang='lat' dir='ltr'><strong>de</strong></span> 
     </span>
     <span class='ocr_line' id='line_1_20' title="bbox 304 2083 2321 2170; baseline 0 -20"><span class='ocrx_word' id='word_1_154' title='bbox 304 2090 509 2150; x_wconf 90' lang='lat' dir='ltr'><strong>matre</strong></span> <span class='ocrx_word' id='word_1_155' title='bbox 554 2107 747 2170; x_wconf 93' lang='lat' dir='ltr'><strong>quam</strong></span> <span class='ocrx_word' id='word_1_156' title='bbox 792 2083 921 2169; x_wconf 77' lang='lat' dir='ltr'><strong>pie!</strong></span> <span class='ocrx_word' id='word_1_157' title='bbox 994 2083 1411 2170; x_wconf 71' lang='lat' dir='ltr'><strong>‘Volueram’,</strong></span> <span class='ocrx_word' id='word_1_158' title='bbox 1463 2083 1696 2170; x_wconf 89' lang='lat' dir='ltr'><strong>inquit,</strong></span> <span class='ocrx_word' id='word_1_159' title='bbox 1744 2085 1843 2149; x_wconf 78' lang='lat' dir='ltr'><strong>‘ut</strong></span> <span class='ocrx_word' id='word_1_160' title='bbox 1888 2107 2075 2170; x_wconf 89' lang='lat' dir='ltr'><strong>quam</strong></span> <span class='ocrx_word' id='word_1_161' title='bbox 2123 2086 2321 2170; x_wconf 88' lang='lat' dir='ltr'><strong>pluri-</strong></span> 
     </span>
     <span class='ocr_line' id='line_1_21' title="bbox 224 2173 2320 2259; baseline 0 -21"><span class='ocrx_word' id='word_1_162' title='bbox 224 2198 277 2238; x_wconf 87' lang='lat'><strong>20</strong></span> <span class='ocrx_word' id='word_1_163' title='bbox 303 2197 484 2238; x_wconf 90' lang='lat' dir='ltr'><strong>mum</strong></span> <span class='ocrx_word' id='word_1_164' title='bbox 538 2176 752 2238; x_wconf 90' lang='lat' dir='ltr'><strong>tecum</strong></span> <span class='ocrx_word' id='word_1_165' title='bbox 795 2194 1029 2259; x_wconf 90' lang='lat' dir='ltr'><strong>essem,</strong></span> <span class='ocrx_word' id='word_1_166' title='bbox 1085 2173 1354 2239; x_wconf 88' lang='lat' dir='ltr'><strong>conduci</strong></span> <span class='ocrx_word' id='word_1_167' title='bbox 1398 2173 1560 2237; x_wconf 90' lang='lat' dir='ltr'><strong>mihi</strong></span> <span class='ocrx_word' id='word_1_168' title='bbox 1606 2173 1865 2237; x_wconf 91' lang='lat' dir='ltr'><strong>domum</strong></span> <span class='ocrx_word' id='word_1_169' title='bbox 1909 2178 1975 2237; x_wconf 92' lang='lat' dir='ltr'><strong>et</strong></span> <span class='ocrx_word' id='word_1_170' title='bbox 2018 2174 2085 2238; x_wconf 91' lang='lat' dir='ltr'><strong>id</strong></span> <span class='ocrx_word' id='word_1_171' title='bbox 2130 2174 2210 2239; x_wconf 87' lang='lat' dir='ltr'><strong>ad</strong></span> <span class='ocrx_word' id='word_1_172' title='bbox 2253 2178 2320 2239; x_wconf 90' lang='lat' dir='ltr'><strong>te</strong></span> 
     </span>
     <span class='ocr_line' id='line_1_22' title="bbox 302 2259 2321 2434; baseline -0 -19"><span class='ocrx_word' id='word_1_173' title='bbox 302 2263 735 2415; x_wconf 48' lang='lat' dir='ltr'><strong>{fflspoeffih</strong></span> <span class='ocrx_word' id='word_1_174' title='bbox 789 2260 1175 2433; x_wconf 47' lang='lat' dir='ltr'><strong>{5133}ss</strong></span> <span class='ocrx_word' id='word_1_175' title='bbox 1240 2259 1973 2414; x_wconf 51' lang='lat' dir='ltr'><strong>Jssssuffnssssdeffefflffl</strong></span> <span class='ocrx_word' id='word_1_176' title='bbox 2028 2262 2321 2434; x_wconf 57' lang='grc' dir='ltr'>ἓὲἓεέἔζῖ</span> 
     </span>
     <span class='ocr_line' id='line_1_23' title="bbox 305 2403 2321 2523; baseline -0 -19"><span class='ocrx_word' id='word_1_177' title='bbox 305 2461 434 2523; x_wconf 87' lang='lat' dir='ltr'><strong>qua</strong></span> <span class='ocrx_word' id='word_1_178' title='bbox 478 2439 556 2504; x_wconf 94' lang='lat' dir='ltr'><strong>de</strong></span> <span class='ocrx_word' id='word_1_179' title='bbox 601 2459 810 2522; x_wconf 85' lang='lat' dir='ltr'><strong>eausa,</strong></span> <span class='ocrx_word' id='word_1_180' title='bbox 856 2438 1023 2502; x_wconf 62' lang='lat' dir='ltr'><strong>scis?</strong></span> <span class='ocrx_word' id='word_1_181' title='bbox 1094 2437 1279 2502; x_wconf 88' lang='lat' dir='ltr'><strong>Hane</strong></span> <span class='ocrx_word' id='word_1_182' title='bbox 1325 2441 1539 2503; x_wconf 87' lang='lat' dir='ltr'><strong>autem</strong></span> <span class='ocrx_word' id='word_1_183' title='bbox 1584 2460 1840 2503; x_wconf 88' lang='lat' dir='ltr'><strong>causam</strong></span> <span class='ocrx_word' id='word_1_184' title='bbox 1884 2442 2065 2522; x_wconf 88' lang='lat' dir='ltr'><strong>pater</strong></span> <span class='ocrx_word' id='word_1_185' title='bbox 2102 2403 2321 2503; x_wconf 68' lang='lat' dir='ltr'><strong>odiuni</strong></span> 
     </span>
     <span class='ocr_line' id='line_1_24' title="bbox 303 2524 2319 2612; baseline 0 -20"><span class='ocrx_word' id='word_1_186' title='bbox 303 2527 529 2592; x_wconf 87' lang='lat' dir='ltr'><strong>matris</strong></span> <span class='ocrx_word' id='word_1_187' title='bbox 591 2548 729 2591; x_wconf 92' lang='lat' dir='ltr'><strong>esse</strong></span> <span class='ocrx_word' id='word_1_188' title='bbox 774 2526 1041 2591; x_wconf 87' lang='lat' dir='ltr'><strong>dicebat.</strong></span> <span class='ocrx_word' id='word_1_189' title='bbox 1132 2524 1325 2591; x_wconf 87' lang='lat' dir='ltr'><strong>Nune</strong></span> <span class='ocrx_word' id='word_1_190' title='bbox 1369 2548 1471 2590; x_wconf 92' lang='lat' dir='ltr'><strong>me</strong></span> <span class='ocrx_word' id='word_1_191' title='bbox 1514 2527 1688 2609; x_wconf 85' lang='lat' dir='ltr'><strong>iuva,</strong></span> <span class='ocrx_word' id='word_1_192' title='bbox 1743 2527 1832 2590; x_wconf 91' lang='lat' dir='ltr'><strong>mi</strong></span> <span class='ocrx_word' id='word_1_193' title='bbox 1877 2526 2122 2612; x_wconf 87' lang='lat' dir='ltr'><strong>Attice,</strong></span> <span class='ocrx_word' id='word_1_194' title='bbox 2177 2549 2319 2592; x_wconf 90' lang='lat' dir='ltr'><strong>con-</strong></span> 
     </span>
     <span class='ocr_line' id='line_1_25' title="bbox 225 2614 2319 2701; baseline 0 -22"><span class='ocrx_word' id='word_1_195' title='bbox 225 2640 278 2680; x_wconf 81' lang='lat'><strong>25</strong></span> <span class='ocrx_word' id='word_1_196' title='bbox 307 2615 473 2701; x_wconf 90' lang='lat' dir='ltr'><strong>silio,</strong></span> <span class='ocrx_word' id='word_1_197' title='bbox 516 2615 823 2698; x_wconf 59' lang='grc' dir='ltr'><strong>επότερον</strong></span> <span class='ocrx_word' id='word_1_198' title='bbox 867 2615 1020 2700; x_wconf 76' lang='grc' dir='ltr'><em>δίκᾳ</em></span> <span class='ocrx_word' id='word_1_199' title='bbox 1063 2625 1277 2698; x_wconf 80' lang='grc' dir='ltr'><strong><em>τεῖχος</em></strong></span> <span class='ocrx_word' id='word_1_200' title='bbox 1320 2615 1574 2698; x_wconf 79' lang='grc' dir='ltr'><em>ὕψιον’,</em></span> <span class='ocrx_word' id='word_1_201' title='bbox 1611 2614 1679 2679; x_wconf 91' lang='lat' dir='ltr'><strong>id</strong></span> <span class='ocrx_word' id='word_1_202' title='bbox 1713 2619 1811 2679; x_wconf 90' lang='lat' dir='ltr'><strong>est</strong></span> <span class='ocrx_word' id='word_1_203' title='bbox 1847 2617 2066 2678; x_wconf 85' lang='lat' dir='ltr'><strong>utrum</strong></span> <span class='ocrx_word' id='word_1_204' title='bbox 2101 2620 2319 2699; x_wconf 87' lang='lat' dir='ltr'><strong>aperte</strong></span> 
     </span>
     <span class='ocr_line' id='line_1_26' title="bbox 304 2702 2318 2787; baseline 0 -20"><span class='ocrx_word' id='word_1_205' title='bbox 304 2703 631 2768; x_wconf 90' lang='lat' dir='ltr'><strong>hominem</strong></span> <span class='ocrx_word' id='word_1_206' title='bbox 693 2724 995 2786; x_wconf 91' lang='lat' dir='ltr'><strong>asperner</strong></span> <span class='ocrx_word' id='word_1_207' title='bbox 1050 2706 1113 2767; x_wconf 88' lang='lat' dir='ltr'><strong>et</strong></span> <span class='ocrx_word' id='word_1_208' title='bbox 1166 2725 1463 2786; x_wconf 88' lang='lat' dir='ltr'><strong>respuam</strong></span> <span class='ocrx_word' id='word_1_209' title='bbox 1532 2702 1595 2787; x_wconf 58' lang='grc' dir='ltr'><strong>Ἥ</strong></span> <span class='ocrx_word' id='word_1_210' title='bbox 1657 2709 1949 2779; x_wconf 81' lang='grc' dir='ltr'><strong><em>σκολιαῖς</em></strong></span> <span class='ocrx_word' id='word_1_211' title='bbox 2003 2703 2318 2781; x_wconf 61' lang='lat' dir='ltr'><strong>&amp;advocas-⁹.</strong></span> 
     </span>
     <span class='ocr_line' id='line_1_27' title="bbox 305 2790 2319 2876; baseline 0 -20"><span class='ocrx_word' id='word_1_212' title='bbox 305 2790 399 2857; x_wconf 89' lang='lat' dir='ltr'><strong>Ut</strong></span> <span class='ocrx_word' id='word_1_213' title='bbox 443 2791 614 2856; x_wconf 91' lang='lat' dir='ltr'><strong>enim</strong></span> <span class='ocrx_word' id='word_1_214' title='bbox 657 2790 934 2855; x_wconf 85' lang='lat' dir='ltr'><strong>Pindaro</strong></span> <span class='ocrx_word' id='word_1_215' title='bbox 977 2791 1068 2856; x_wconf 89' lang='lat' dir='ltr'><strong>sic</strong></span> <span class='ocrx_word' id='word_1_216' title='bbox 1105 2791 1281 2876; x_wconf 68' lang='grc' dir='ltr'><em>Ὅίχα</em></span> <span class='ocrx_word' id='word_1_217' title='bbox 1315 2816 1430 2875; x_wconf 85' lang='grc' dir='ltr'><strong>μοι</strong></span> <span class='ocrx_word' id='word_1_218' title='bbox 1468 2793 1644 2874; x_wconf 81' lang='grc' dir='ltr'><em>νόος,</em></span> <span class='ocrx_word' id='word_1_219' title='bbox 1690 2790 2031 2875; x_wconf 80' lang='grc' dir='ltr'><strong><em>ἀτρέκειαν</em></strong></span> <span class='ocrx_word' id='word_1_220' title='bbox 2068 2793 2319 2858; x_wconf 79' lang='grc' dir='ltr'><strong><em>εἰπεῖν’.</em></strong></span> 
     </span>
     <span class='ocr_line' id='line_1_28' title="bbox 307 2878 2321 2965; baseline 0.001 -22"><span class='ocrx_word' id='word_1_221' title='bbox 307 2878 582 2944; x_wconf 90' lang='lat' dir='ltr'><strong>Omnino</strong></span> <span class='ocrx_word' id='word_1_222' title='bbox 642 2879 929 2944; x_wconf 90' lang='lat' dir='ltr'><strong>moribus</strong></span> <span class='ocrx_word' id='word_1_223' title='bbox 983 2879 1145 2944; x_wconf 90' lang='lat' dir='ltr'><strong>meis</strong></span> <span class='ocrx_word' id='word_1_224' title='bbox 1199 2880 1361 2944; x_wconf 88' lang='lat' dir='ltr'><strong>illud</strong></span> <span class='ocrx_word' id='word_1_225' title='bbox 1420 2880 1662 2965; x_wconf 88' lang='lat' dir='ltr'><strong>aptius,</strong></span> <span class='ocrx_word' id='word_1_226' title='bbox 1718 2881 1827 2944; x_wconf 91' lang='lat' dir='ltr'><strong>sed</strong></span> <span class='ocrx_word' id='word_1_227' title='bbox 1879 2880 2004 2945; x_wconf 90' lang='lat' dir='ltr'><strong>hoo</strong></span> <span class='ocrx_word' id='word_1_228' title='bbox 2047 2880 2321 2945; x_wconf 85' lang='lat' dir='ltr'><strong>fortasse</strong></span> 
     </span>
     <span class='ocr_line' id='line_1_29' title="bbox 306 2967 2321 3053; baseline 0.001 -22"><span class='ocrx_word' id='word_1_229' title='bbox 306 2967 722 3050; x_wconf 88' lang='lat' dir='ltr'><strong>temporibus.</strong></span> <span class='ocrx_word' id='word_1_230' title='bbox 814 2968 913 3032; x_wconf 87' lang='lat' dir='ltr'><strong>Tu</strong></span> <span class='ocrx_word' id='word_1_231' title='bbox 958 2971 1189 3046; x_wconf 88' lang='lat' dir='ltr'><strong>autem,</strong></span> <span class='ocrx_word' id='word_1_232' title='bbox 1250 2968 1422 3052; x_wconf 92' lang='lat' dir='ltr'><strong>quod</strong></span> <span class='ocrx_word' id='word_1_233' title='bbox 1458 2968 1595 3051; x_wconf 91' lang='lat' dir='ltr'><strong>ipse</strong></span> <span class='ocrx_word' id='word_1_234' title='bbox 1639 2967 1764 3032; x_wconf 90' lang='lat' dir='ltr'><strong>tibi</strong></span> <span class='ocrx_word' id='word_1_235' title='bbox 1811 2969 2106 3053; x_wconf 80' lang='lat' dir='ltr'><strong>suaseriS,</strong></span> <span class='ocrx_word' id='word_1_236' title='bbox 2151 2968 2321 3034; x_wconf 91' lang='lat' dir='ltr'><strong>idem</strong></span> 
     </span>
     <span class='ocr_line' id='line_1_30' title="bbox 225 3056 2321 3141; baseline -0 -19"><span class='ocrx_word' id='word_1_237' title='bbox 225 3082 280 3123; x_wconf 67' lang='lat' dir='ltr'><strong>oo</strong></span> <span class='ocrx_word' id='word_1_238' title='bbox 307 3056 467 3120; x_wconf 86' lang='lat' dir='ltr'><strong>mihi</strong></span> <span class='ocrx_word' id='word_1_239' title='bbox 512 3077 887 3140; x_wconf 87' lang='lat' dir='ltr'><strong>persuasum</strong></span> <span class='ocrx_word' id='word_1_240' title='bbox 930 3060 1177 3140; x_wconf 88' lang='lat' dir='ltr'><strong>putato.</strong></span> <span class='ocrx_word' id='word_1_241' title='bbox 1268 3056 1591 3140; x_wconf 86' lang='lat' dir='ltr'><strong>Equidem</strong></span> <span class='ocrx_word' id='word_1_242' title='bbox 1636 3078 1858 3122; x_wconf 83' lang='lat' dir='ltr'><strong>vereor</strong></span> <span class='ocrx_word' id='word_1_243' title='bbox 1901 3057 2196 3141; x_wconf 84' lang='lat' dir='ltr'><strong>maxime,</strong></span> <span class='ocrx_word' id='word_1_244' title='bbox 2237 3079 2321 3121; x_wconf 90' lang='lat' dir='ltr'><strong>ne</strong></span> 
     </span>
     <span class='ocr_line' id='line_1_31' title="bbox 305 3143 2321 3228; baseline 0.001 -20"><span class='ocrx_word' id='word_1_245' title='bbox 305 3145 378 3208; x_wconf 89' lang='lat' dir='ltr'><strong>in</strong></span> <span class='ocrx_word' id='word_1_246' title='bbox 411 3144 789 3226; x_wconf 40' lang='lat' dir='ltr'><strong>,Tusculano</strong></span> <span class='ocrx_word' id='word_1_247' title='bbox 855 3144 1198 3228; x_wconf 86' lang='lat' dir='ltr'><strong>opprimar.</strong></span> <span class='ocrx_word' id='word_1_248' title='bbox 1299 3143 1380 3208; x_wconf 94' lang='lat' dir='ltr'><strong>In</strong></span> <span class='ocrx_word' id='word_1_249' title='bbox 1431 3145 1625 3209; x_wconf 90' lang='lat' dir='ltr'><strong>turba</strong></span> <span class='ocrx_word' id='word_1_250' title='bbox 1681 3144 1839 3210; x_wconf 88' lang='lat' dir='ltr'><strong>haec</strong></span> <span class='ocrx_word' id='word_1_251' title='bbox 1899 3149 2111 3209; x_wconf 90' lang='lat' dir='ltr'><strong>essent</strong></span> <span class='ocrx_word' id='word_1_252' title='bbox 2170 3146 2321 3210; x_wconf 85' lang='lat' dir='ltr'><strong>faci·</strong></span> 
     </span>
     <span class='ocr_line' id='line_1_32' title="bbox 304 3230 2320 3318; baseline -0 -21"><span class='ocrx_word' id='word_1_253' title='bbox 304 3233 486 3298; x_wconf 88' lang='lat' dir='ltr'><strong>liora.</strong></span> <span class='ocrx_word' id='word_1_254' title='bbox 556 3230 793 3298; x_wconf 88' lang='lat' dir='ltr'><strong>Utrum</strong></span> <span class='ocrx_word' id='word_1_255' title='bbox 840 3231 1043 3317; x_wconf 82' lang='lat' dir='ltr'><strong>igitur</strong></span> <span class='ocrx_word' id='word_1_256' title='bbox 1077 3231 1401 3297; x_wconf 76' lang='lat' dir='ltr'><strong>Asturae?</strong></span> <span class='ocrx_word' id='word_1_257' title='bbox 1465 3231 1651 3318; x_wconf 78' lang='lat' dir='ltr'><strong>Quid,</strong></span> <span class='ocrx_word' id='word_1_258' title='bbox 1694 3234 1754 3300; x_wconf 80' lang='lat' dir='ltr'><strong>si</strong></span> <span class='ocrx_word' id='word_1_259' title='bbox 1791 3231 2025 3298; x_wconf 81' lang='lat' dir='ltr'><strong>Caesar</strong></span> <span class='ocrx_word' id='word_1_260' title='bbox 2060 3233 2320 3297; x_wconf 79' lang='lat' dir='ltr'><strong>subito?</strong></span> 
     </span>
     <span class='ocr_line' id='line_1_33' title="bbox 303 3320 2325 3423; baseline -0 -37"><span class='ocrx_word' id='word_1_261' title='bbox 303 3320 463 3423; x_wconf 74' lang='lat' dir='ltr'><strong>Iuva</strong></span> <span class='ocrx_word' id='word_1_262' title='bbox 515 3343 646 3406; x_wconf 90' lang='lat' dir='ltr'><strong>me,</strong></span> <span class='ocrx_word' id='word_1_263' title='bbox 701 3342 964 3407; x_wconf 88' lang='lat' dir='ltr'><strong>quaeso,</strong></span> <span class='ocrx_word' id='word_1_264' title='bbox 1018 3321 1304 3386; x_wconf 89' lang='lat' dir='ltr'><strong>consilio.</strong></span> <span class='ocrx_word' id='word_1_265' title='bbox 1396 3320 1565 3386; x_wconf 88' lang='lat' dir='ltr'><strong>Utar</strong></span> <span class='ocrx_word' id='word_1_266' title='bbox 1619 3343 1723 3407; x_wconf 90' lang='lat' dir='ltr'><strong>eo,</strong></span> <span class='ocrx_word' id='word_1_267' title='bbox 1780 3322 1951 3407; x_wconf 93' lang='lat' dir='ltr'><strong>quod</strong></span> <span class='ocrx_word' id='word_1_268' title='bbox 1996 3325 2071 3386; x_wconf 89' lang='lat' dir='ltr'><strong>tu</strong></span> <span class='ocrx_word' id='word_1_269' title='bbox 2116 3321 2325 3385; x_wconf 89' lang='lat' dir='ltr'><strong>decre-</strong></span> 
     </span>
     <span class='ocr_line' id='line_1_34' title="bbox 303 3432 490 3476; baseline 0.005 -1"><span class='ocrx_word' id='word_1_270' title='bbox 303 3432 490 3476; x_wconf 79' lang='lat' dir='ltr'><strong>veris.</strong></span> 
     </span>
    </p>
   </div>
  </div>
 </body>
</html>
