2642 3923
384 197 658 252 LXXVIII
1023 194 1446 251 ADNOTATIO
1486 195 1770 250 CRITICA

384 337 625 392 riieren?
687 337 847 391 Auch
887 336 1069 392 dieses
1106 336 1273 392 Wort
1313 337 1462 391 muse
1507 335 1569 390 in
1606 351 1806 391 ansere
1842 336 2048 391 Lexica
2086 337 2406 391 Aufnahme

384 409 609 463 finden.’
677 408 730 462 N
732 425 804 462 on
850 424 1037 478 spem,
1082 423 1426 476 quamquam
1469 407 1622 462 idem
1667 409 1859 461 censet
1900 407 1962 464 P.
1991 407 2183 477 Meyer
2216 424 2405 478 progr.

384 478 673 548 Bayreuth
722 484 855 534 1887
903 497 958 549 Ρ.
998 485 1082 535 31.
1139 510 1209 520 -
1265 484 1331 532 13
1368 478 1527 533 Haec
1579 478 1666 532 bis
1724 477 1889 532 01:22¹>
1936 478 2247 547 (Lehmann
2283 478 2405 534 Att.

427 594 438 605 .
469 556 553 604 25.
593 553 707 620 34),
762 549 1054 615 Wesenb.,
1109 549 1278 617 Boot,
1333 547 1575 618 Tyrrell,
1631 548 1805 603 semel
1857 547 1942 615 M,
1996 549 2215 614 Baiter,
2260 549 2409 604 Boot

445 636 651 676 nemos.
684 625 820 675 1892
856 638 912 690 p.
944 626 1061 676 122.
1109 651 1178 661 --
1226 625 1292 674 18
1327 620 1629 702 scripsisti
1664 618 1740 687 M,
1788 618 1850 675 Ο.
1878 618 1943 676 Ε.
1972 618 2227 674 Schmidt
2259 636 2405 676 mus,

385 691 561 746 Rhen.
595 696 729 745 1897
812 734 823 746 .
856 697 975 759 153,
1010 692 1207 760 scripsi
1243 690 1530 758 Graevms,
1570 690 1695 747 edd.
1750 692 1770 759 fl
1832 690 1905 746 P.
1935 690 2072 746 275.
2103 696 2135 746 6
2164 689 2195 745 ?
2220 691 2406 760 posui,

384 765 656 833 punctum
693 762 764 816 ed
807 806 819 819 .
882 761 950 817 V.
978 760 1148 815 Hand
1183 761 1342 817 Turs.
1372 761 1451 814 111
1482 779 1538 832 p.
1571 767 1673 815 190
1693 777 1774 828 sq.
1813 791 1884 802 —
1921 767 1953 816 9
1989 778 2110 816 sum
2138 760 2406 818 Wesenb.

389 849 457 888 ex
483 833 710 888 Ascens.
743 835 804 889 et
829 830 1120 888 Cratandr.
1189 831 1383 888 robab.
1413 862 1481 873 —
1522 838 1587 886 16
1625 832 1913 899 defendam
1948 850 2027 887 an
2060 848 2267 886 moram
2294 834 2407 886 uti·

388 906 572 959 liorem
600 910 787 974 putem
823 901 957 958 Otto
992 921 1132 958 mus.
1212 902 1341 958 hen.
1374 907 1510 957 1886
1547 919 1603 973 p.
1631 908 1753 970 371,
1789 901 1992 956 laudat
2027 902 2171 956 Boot
2197 902 2405 958 Mnem.

390 980 525 1030 1892
561 993 617 1045 Ρ.
648 980 768 1042 122,
813 975 985 1042 fidam
1020 977 1178 1044 (corr.
1207 989 1277 1028 ex
1310 974 1516 1044 fedam)
1553 991 1630 1027 an
1665 990 1872 1027 moram
1907 974 2271 1040 defendam
2308 975 2408 1042 (ad

385 1064 441 1116 Ρ.
471 1052 557 1101 24.
587 1048 643 1116 8)
677 1046 952 1102 utiliorem
980 1051 1168 1114 putem
1202 1043 1287 1112 M,
1335 1062 1462 1099 cum
1498 1059 1659 1098 cruce
1695 1043 1906 1111 Baiter,
1942 1042 2224 1111 Wesenb.,
2258 1044 2408 1099 Boot

389 1117 531 1173 coni.
560 1117 627 1183 fu
663 1133 822 1172 amne
856 1117 1090 1184 infidam
1125 1133 1203 1170 an
1236 1132 1445 1170 moram
1479 1116 1730 1182 desidem,
1768 1113 1967 1171 seclus.
2003 1115 2275 1170 utiliorem
2294 1132 2405 1184 pu-

387 1196 491 1243 tem
524 1187 620 1241 Zie
662 1203 731 1242 en
766 1186 999 1257 Ephem.
1027 1185 1174 1242 Tull.
1201 1204 1257 1256 Ρ.
1290 1192 1356 1239 14
1371 1203 1444 1253 n.,
1488 1186 1748 1257 fuqamne
1787 1186 2050 1241 suademn
2084 1202 2162 1241 an
2195 1202 2408 1240 moram

387 1260 676 1326 defendam
711 1258 932 1312 Klotzio
971 1259 1197 1312 auctore
1232 1255 1473 1325 Tyrrell,
1510 1274 1559 1311 v.
1593 1262 1656 1310 17
1693 1256 2000 1327 [utiliorem
2027 1256 2264 1331 putemJ,
2309 1257 2404 1323 fu-

422 1347 581 1385 amne
605 1330 770 1385 citam
796 1346 874 1384 an
898 1346 1106 1383 moram
1133 1329 1331 1382 lentam
1357 1328 1629 1382 utiliorem
1655 1326 1743 1381 Fr.
1756 1326 2011 1381 Schmidt
2032 1326 2272 1380 ‘Blatter
2294 1326 2335 1382 f.
2348 1328 2405 1382 d.

428 1416 578 1470 ayer.
599 1398 805 1455 G.·W.’
835 1399 912 1452 XI
937 1417 992 1469 Ρ.
1017 1405 1239 1466 115sq.,
1284 1416 1369 1468 pr.
1393 1403 1529 1452 1879
1557 1416 1610 1468 Ρ.
1633 1403 1719 1463 30,
1766 1399 2026 1468 fuqamne
2060 1398 2292 1465 infidam
2326 1416 2409 1453 an
2460 1402 2467 1411 ’

389 1489 596 1526 moram
631 1471 894 1538 offensam
926 1471 1197 1524 utiliorem
1233 1468 1465 1539 Madvig
1500 1469 1638 1522 Adv.
1658 1468 1734 1521 m
1760 1486 1815 1538 Ρ.
1840 1473 1959 1536 182,
1993 1469 2254 1539 fuqamne
2279 1470 2406 1522 sub-

390 1545 521 1597 itam
560 1559 637 1596 an
671 1558 878 1596 moram
912 1541 1254 1609 dispertitam
1288 1541 1561 1594 utiliorem
1589 1546 1775 1609 putem
1812 1537 1874 1594 O.
1894 1538 1958 1594 Ε.
1979 1538 2235 1593 Schmidt
2272 1538 2410 1593 ‘Der

389 1612 632 1667 Briefw.’
708 1656 719 1667 .
742 1617 861 1666 149.
890 1642 959 1652 —
989 1617 1055 1665 20
1077 1628 1159 1678 sq.
1188 1627 1280 1665 vos
1306 1611 1616 1679 dispertitos
1643 1609 1811 1680 vulg„
1838 1610 1876 1680 †
1897 1626 1983 1665 eos
2009 1611 2291 1679 disper-tim
2318 1628 2416 1665 eos

390 1700 459 1738 ex
504 1683 589 1737 M¹
635 1630 896 1737 &escun
952 1712 1022 1723 —
1077 1687 1143 1735 26
1190 1683 1460 1751 quaedam
1504 1696 1610 1735 om.
1648 1679 1939 1749 Wesenb.,
1986 1682 2215 1735 tuentur
2259 1680 2410 1735 Boot

391 1755 666 1822 (Ti-nstra
692 1751 931 1808 Orellius
958 1752 1119 1805 litem
1146 1754 1332 1806 movet
1359 1751 1628 1806 vocabulo
1658 1752 1964 1820 quaedam’,
1993 1750 2197 1819 inquit,
2230 1751 2409 1819 ‘quod

388 1841 502 1879 non
555 1824 806 1892 fecisset,
862 1823 912 1878 si
956 1823 1124 1877 verba
1167 1829 1230 1878 ut
1271 1824 1344 1877 It.
1374 1824 1608 1877 cederem
1684 1821 2063 1892 erspicuitatis
2102 1836 2272 1876 causa
2309 1821 2408 1876 hic

392 1896 615 1961 adiecta
659 1910 780 1950 esse
827 1910 891 1948 co
932 1893 1178 1963 itasset’)
1217 1896 1276 1947 et
1309 1892 1544 1964 Tyn-cll.
1663 1935 1675 1948 .
1703 1911 1758 1964 p.
1791 1898 1873 1947 24.
1906 1897 1953 1947 8.
2019 1896 2036 1963 ΙΙ
2097 1892 2169 1947 Ρ.
2201 1892 2338 1947 276.
2371 1900 2409 1947 8

390 1969 698 2023 dubitabas
723 1966 871 2034 Ern.,
984 1982 1078 2033 es.,
1116 1965 1260 2020 Boot
1286 1966 1383 2034 (ad
1408 1983 1462 2035 Ρ.
1484 1971 1567 2019 55.
1591 1966 1697 2034 29),
1734 1964 2012 2021 dubitares
2038 1964 2197 2018 codd.
2226 1995 2298 2005 —
2337 1971 2407 2018 12

390 2040 607 2108 Atque
644 2038 719 2093 K.
742 2038 916 2092 Mart.
937 2035 1108 2103 Wes.,
1136 2036 1292 2090 Boot.
1335 2036 1482 2090 Sane
1510 2039 1832 2105 suspectum
1859 2038 1947 2090 est
1975 2036 2065 2091 ad.
2085 2066 2155 2077 -
2184 2040 2251 2090 16
2280 2034 2407 2089 διά-

388 2113 577 2179 λειψιν
613 2111 679 2163 ut
703 2114 970 2179 Ρ.255.31
1003 2106 1215 2161 Gurlitt
1240 2125 1321 2176 pr.
1348 2106 1584 2175 Steglitz
1615 2111 1751 2160 1898
1779 2124 1832 2175 Ρ.
1847 2112 1898 2174 5,
1935 2107 2405 2161 ΥΠΟΤΠΑΠΨΙΝ

390 2181 466 2247 M,
502 2178 847 2248 ὑπαγραφὴν
884 2176 941 2234 0.
987 2180 1006 2247 ΙΙ
1060 2177 1345 2233 Ρ.277.5
1383 2177 1540 2231 XIV
1564 2178 1637 2231 K.
1666 2176 1812 2231 Bait.
1834 2207 1903 2218 --
1934 2182 1999 2230 19
2036 2177 2168 2232 haec
2205 2176 2407 2244 ‘Iaol.‘,

389 2250 670 2317 Wesenb.,
705 2249 864 2304 Boot.
920 2247 1010 2302 Ad
1044 2266 1099 2331 Ρ.
1130 2253 1213 2303 12.
1243 2253 1293 2304 6.
1323 2279 1393 2289 -
1430 2253 1499 2302 24
1535 2249 1778 2302 omnium
1801 2264 1983 2302 rerum
2009 2249 2076 2301 ut
2099 2265 2155 2317 Ρ.
2175 2252 2295 2302 263.
2317 2252 2406 2315 22,

391 2328 511 2378 271.
541 2327 611 2376 24
664 2319 925 2374 Wesenb.
956 2321 1112 2373 tacit.
1168 2348 1239 2360 -
1292 2324 1360 2372 27
1416 2320 1640 2388 aliquod
1693 2321 1757 2373 in
1807 2319 1910 2373 hac
1964 2315 2139 2385 Orat„
2193 2317 2408 2386 Baiter,

390 2393 550 2461 Boot,
585 2390 805 2461 'Py-nell
840 2406 927 2460 ep.
958 2395 1080 2458 367,
1116 2391 1182 2445 in
1215 2391 1318 2444 hac
1354 2390 1578 2458 aliquod
1614 2388 1689 2454 Μ,
1726 2387 1988 2444 Wesenb.
2028 2418 2099 2429 —
2145 2393 2213 2441 34
2247 2389 2409 2459 †illa

391 2467 450 2519 et
486 2469 552 2518 35
590 2465 627 2535 †
645 2463 741 2532 qui
778 2461 1079 2532 prudentia
1115 2461 1305 2529 potius
1339 2460 1558 2527 Baiter,
1604 2458 1892 2526 Wesenb.,
1940 2459 2085 2513 Boot
2120 2458 2260 2514 coni.
2289 2460 2409 2513 illic

389 2551 513 2591 vero
549 2549 729 2589 omnes
762 2563 833 2574 —
867 2533 931 2587 in
966 2531 1163 2601 quibus
1197 2533 1362 2586 etiam
1391 2530 1686 2599 Crassipes,
1721 2531 1818 2599 qui
1845 2531 2199 2598 prudentiam
2218 2532 2409 2599 potius

391 2607 684 2660 ostenderet
737 2634 806 2645 --
858 2618 1147 2670 sermones,
1195 2617 1302 2671 pro
1339 2602 1643 2670 prudentia
1671 2602 1856 2669 potuit
1899 2600 2130 2670 Madvig
2170 2600 2308 2654 Adv.
2328 2600 2407 2653 111

390 2695 444 2747 Ρ·
462 2682 690 2801 {⁸223}
706 2669 2410 2813 affirmasti....Lsshm-.3e³.0„e¹²¹;s.s.ss²t1¹¹

391 2820 526 2888 quid
565 2817 878 2871 Emastium
913 2814 972 2868 M
980 2813 1015 2869 ⁸.
1055 2845 1125 2855 -
1165 2820 1230 2868 10
1268 2830 1377 2869 esse
1410 2815 1653 2881 facturos
1688 2811 1836 2880 Ern.,
1874 2813 2020 2866 Boot
2053 2828 2199 2866 vana
2234 2827 2409 2867 causa

393 2886 562 2942 ducti.
611 2917 679 2927 —
729 2892 793 2939 12
825 2882 1087 2956 Ἀραβίαν
1123 2883 1356 2954 Tyrrell.
1395 2915 1465 2925 —
1510 2883 1590 2939 Ib.
1620 2885 1679 2937 et
1716 2880 2157 2949 Μεσοποταμίαν
2193 2898 2300 2939 om.
2330 2882 2408 2950 M,

390 2959 596 3024 Baiter,
635 2954 697 3012 O.
717 2956 780 3012 E.
803 2955 1058 3010 Schmidt
1091 2954 1291 3010 Philol.
1326 2959 1462 3009 1896
1498 2972 1555 3025 Ρ.
1579 2959 1698 3021 702,
1739 2959 1857 3021 715,
1897 2954 2103 3024 Mesop.
2123 2952 2280 3007 Boot.
2339 2953 2407 3008 V.

390 3030 679 3083 Lehmann
714 3027 831 3083 Att.
850 3045 905 3097 p.
929 3032 994 3080 71
1008 3042 1108 3094 sq.,
1141 3032 1226 3094 97,
1257 3030 1360 3080 183
1380 3042 1463 3094 sq.
1502 3056 1573 3067 —
1606 3023 1686 3078 Ib.
1716 3025 1948 3080 Italiam
1983 3031 2034 3080 et
2066 3024 2136 3078 H
2143 3025 2153 3035 ”
2251 3024 2412 3079 niam

392 3103 493 3154 aut
536 3102 599 3154 in
647 3098 991 3168 Hispaniam
1035 3096 1175 3167 (scil.
1224 3097 1513 3152 consilium
1556 3095 1725 3150 eundi
1783 3092 1845 3150 Ο.
1874 3093 1937 3149 Ε.
1968 3093 2156 3151 Schmi
2193 3095 2222 3148 t
2261 3110 2411 3152 mus.

390 3171 564 3225 Rhen.
597 3174 733 3225 1897
771 3186 825 3240 Ρ.
860 3173 979 3224 154.
1034 3197 1106 3210 -
1162 3172 1229 3222 16
1280 3174 1396 3223 tam
1441 3167 1661 3238 lonqum
1774 3165 1951 3233 aad„
2004 3167 2119 3221 iam
2163 3171 2414 3221 nostrum

391 3240 486 3308 (ad
520 3259 576 3311 Ρ.
606 3245 689 3294 24.
721 3240 779 3309 8)
842 3238 1029 3306 codd,
1096 3254 1224 3293 cum
1287 3253 1451 3292 cruce
1512 3237 1743 3291 recentt
1796 3235 1950 3303 edd..
2019 3243 2134 3292 tam
2196 3242 2414 3293 vastum

387 3312 583 3381 Haupt
620 3309 820 3381 Opusc.
840 3309 920 3363 ΠΙ
945 3327 1001 3379 Ρ.
1021 3314 1145 3376 436,
1184 3307 1292 3363 del.
1321 3308 1469 3362 Boot
1501 3307 1706 3366 Mnem.
1739 3311 1875 3362 1892
1911 3324 1968 3379 Ρ.
1997 3312 2117 3362 122.
2155 3336 2227 3349 -
2272 3313 2342 3361 20
2361 3326 2412 3361 v.

389 3382 451 3438 Ο.
471 3382 535 3439 Ε.
556 3381 813 3437 Schmidt
852 3379 986 3434 ‘Der
1021 3378 1265 3433 Briefw.'
1350 3422 1362 3434 .
1387 3384 1517 3445 156,
1565 3377 1688 3434 XV
1718 3377 1927 3433 Baiter.
2009 3379 2029 3447 Ι
2108 3377 2179 3433 Ρ.
2207 3377 2347 3433 279.
2376 3385 2411 3432 4

387 3456 577 3522 fautor
601 3452 819 3519 Bosins,
855 3450 1067 3518 Baiter,
1103 3396 1387 3517 Wesenss„
1423 3449 1713 3504 Lehmann
1740 3463 1826 3520 ep.
1847 3447 1946 3504 sel.
1964 3446 2042 3502 m
2071 3453 2156 3515 12,
2192 3446 2412 3518 Tyn-cll

388 3541 472 3597 ep.
505 3530 635 3592 366,
691 3528 882 3578 auctor
917 3521 1014 3591 (ad
1049 3537 1104 3591 Ρ.
1134 3526 1220 3575 24.
1250 3522 1306 3585 8)
1343 3518 1531 3587 codd,
1588 3521 1812 3576 adiutor
1845 3518 2099 3587 Ursinus,
2143 3518 2303 3575 Boot.
2342 3553 2401 3561 —
