2642 3923
320 190 489 245 CVIII
950 189 1374 245 ADNOTATIO
1414 139 1697 245 &RITICA

317 330 507 384 nescio
546 347 658 385 cur.
714 361 768 372 -
807 335 872 384 16
908 333 1004 386 hos
1040 330 1169 386 add.
1284 334 1339 385 st
1371 333 1540 386 multo
1565 330 1837 398 Lambin„
1865 329 2145 398 Wesenb.,
2173 327 2357 398 Boot„

317 400 551 469 Tyrrell.
588 431 660 443 —
696 406 781 456 21.
819 418 868 455 v.
910 400 1144 455 Schiche
1233 418 1364 457 erm.
1404 401 1584 456 XVIII
1619 421 1673 472 p.
1704 407 1826 468 613,
1863 400 2119 456 Schmidt
2135 419 2187 471 p.
2209 406 2334 469 481,

317 470 537 540 Tyn-cll
573 488 657 542 ep.
689 478 809 539 562,
842 490 1017 528 mense
1035 473 1250 529 Martio
1276 472 1486 542 Baiter,
1515 472 1776 528 Wesenb.
1805 503 1876 514 -
1904 478 1972 526 23
2000 474 2096 543 [ut
2112 473 2337 544 scribit]

320 542 478 610 ‘quia
521 542 662 596 haec
696 542 935 597 molesta
973 546 1120 611 sunt,
1171 561 1346 613 quum
1380 547 1649 612 sequatur
1681 544 1888 599 scribit’
1927 543 2086 610 Boot,
2123 543 2330 599 Baiter.

316 643 389 654 -
434 618 501 667 32
547 614 849 668 mollitiem
895 630 963 667 ex
998 615 1130 669 Iacl.
1169 618 1227 669 et
1254 615 1407 670 Suet.
1434 633 1515 685 gr.
1538 622 1606 669 14
1641 613 1902 669 Wesenb.
1976 614 2145 685 Apud
2179 613 2331 669 Suet.

316 683 467 737 Roth
518 684 736 767 scribit·
757 685 1059 739 mollitiam.
1143 687 1152 754 Ι
1222 685 1293 740 Ρ.
1321 686 1460 741 378.
1493 691 1521 738 7
1561 704 1607 740 v.
1657 684 1892 739 Schiche
1928 685 2114 768 Herm.
2151 683 2334 768 XVIII

281 842 289 849 -
360 688 2333 907 ·ξὲέ2ἒἪᾱ22ε2242821222ἒζῗ2232ῗ22.22238222ξῖ2ΐῑι

317 912 466 949 sario
495 895 852 950 scribendum
885 897 1066 951 visum
1093 900 1181 952 est
1208 900 1364 967 (nam
1390 897 1665 952 dissimile
1698 899 1787 951 est
1802 915 1856 968 p.
1876 903 2078 950 389.16
2111 898 2334 952 delabor

317 967 392 1021 ad
421 967 704 1038 Clodiam),
745 968 900 1023 Cotta
928 969 1087 1023 codd.
1118 971 1272 1038 (ante
1299 972 1348 1038 c)
1382 972 1441 1023 et
1467 969 1593 1023 edd.
1623 1000 1694 1008 —
1721 974 1786 1022 21
1816 969 2022 1023 scribas
2047 966 2331 1035 Wesenb.,

315 1036 483 1104 Boot,
528 1036 771 1107 Tyn-cll,
808 1039 1002 1093 scribis
1038 1039 1215 1107 codd,
1251 1039 1462 1097 Baiter.
1501 1038 1770 1093 Schmidt.
1808 1070 1876 1080 —
1915 1044 1984 1092 24
1999 1055 2111 1107 sq..·
2147 1039 2332 1093 eadem

319 1137 389 1149 -
422 1115 569 1175 sunt,
605 1115 786 1163 tamen
820 1108 1053 1179 Tyn-cll.
1085 1141 1154 1151 —
1183 1116 1249 1163 27
1277 1112 1427 1165 sciri
1452 1109 1662 1177 Baiter,
1691 1108 1962 1177 Schmidt,
1987 1110 2124 1165 scire
2150 1109 2331 1177 codd„

318 1177 598 1247 Wesenb.‚
637 1178 872 1248 Tyr-rell,
906 1182 1043 1236 scire
1077 1188 1127 1236 te
1163 1181 1305 1236 coni.
1343 1179 1624 1249 Wesenb.‚
1663 1198 1766 1236 scr.
1794 1180 1938 1234 Boot
1972 1182 2039 1234 ut
2074 1179 2176 1233 alii
2206 1185 2329 1233 370.

317 1254 384 1302 27
419 1256 470 1304 te
506 1251 762 1305 invenire.
835 1250 927 1304 Ad
1004 1294 1014 1305 .
1046 1256 1129 1307 57.
1152 1258 1237 1307 28.
1284 1282 1355 1293 -
1402 1258 1473 1306 33
1499 1254 1557 1305 et
1583 1257 1703 1306 375.
1733 1257 1765 1304 3
1804 1251 1987 1305 Piliae
2021 1257 2081 1306 et
2114 1252 2332 1306 Atticae

314 1322 449 1375 vett.
488 1320 634 1388 edd,
661 1319 942 1387 Wesenb.,
1018 1324 1127 1376 oot.
1191 1325 1211 1392 ΙΙ
1273 1322 1346 1377 P.
1375 1320 1512 1377 874.
1544 1328 1575 1375 2
1602 1340 1650 1377 v.
1681 1320 1916 1376 Schiche
1942 1321 2128 1375 Herm.
2151 1320 2332 1375 XVIII

313 1406 368 1459 p.
400 1396 530 1458 613,
567 1389 823 1446 Schmidt
856 1410 911 1461 p.
940 1397 1072 1460 482,
1108 1392 1327 1461 Tyrrell
1364 1409 1449 1462 ep.
1479 1398 1602 1460 564,
1651 1409 1827 1448 mense
1861 1393 2076 1448 Martio
2118 1391 2331 1460 Baiter,

317 1467 467 1527 (ante
492 1463 909 1531 aequinoctium,
938 1478 1002 1517 0.-
1035 1470 1163 1518 ante
1199 1464 1358 1518 VIII
1368 1464 1498 1518 Kal.
1513 1465 1676 1532 Apr.)
1705 1462 1966 1517 Wesenb.
1995 1493 2065 1505 -
2092 1469 2129 1516 4
2154 1464 2332 1517 nihilo

314 1530 595 1599 Wesenb.‚
630 1532 790 1587 Boot.
827 1532 918 1587 Ad
943 1550 998 1603 p.
1025 1539 1143 1588 173.
1163 1539 1248 1588 26.
1277 1565 1350 1576 -
1386 1540 1418 1588 9
1439 1551 1520 1603 sq.
1550 1535 1694 1604 quod
1712 1564 1780 1574 —
1803 1550 1957 1602 posse
1982 1533 2045 1588 in
2070 1533 2328 1603 parenth.

312 1601 574 1657 Wesenb.
665 1603 757 1657 Ad
791 1621 845 1673 p.
877 1609 1065 1658 16.14.
1111 1634 1183 1647 -
1229 1610 1297 1658 14
1341 1623 1424 1660 me
1466 1606 1542 1659 ad
1585 1622 1757 1659 meam
1791 1603 2074 1671 Lambin.‚
2118 1604 2329 1672 Baiter,

313 1673 472 1741 Boot,
501 1673 738 1743 Tyn-cll,
766 1672 1036 1742 Schmidt,
1063 1677 1127 1729 in
1152 1692 1272 1730 eam
1289 1674 1392 1742 111,
1418 1693 1591 1730 meam
1608 1675 1710 1742 Μ’,
1739 1692 1866 1729 cum
1885 1692 2047 1730 cruce
2063 1674 2327 1729 Wesenb.

314 1774 384 1786 -
429 1750 495 1798 16
524 1752 640 1800 erat
665 1776 735 1785 —
771 1747 1153 1814 acquiescerem
1187 1745 1247 1799 in
1281 1763 1401 1816 par.
1424 1745 1706 1814 Wesenb.‚
1742 1746 1900 1800 Boot.
1957 1746 2048 1800 Ad
2074 1763 2126 1816 p.
2144 1752 2224 1800 16.
2242 1752 2326 1801 14.

316 1844 387 1856 -—
426 1821 489 1868 17
527 1832 625 1870 nec
658 1832 753 1886 eqo
790 1816 948 1870 codd.
986 1819 1054 1871 ut
1087 1834 1141 1887 p.
1171 1822 1292 1872 375.
1314 1822 1347 1871 8
1384 1819 1443 1871 et
1479 1817 1605 1873 edd.
1641 1819 1866 1887 praeter
1902 1816 2182 1885 Wesenb.,
2229 1817 2330 1884 qui

313 1901 344 1939 e
403 1886 510 1940 ‘vc’
570 1903 671 1941 scr.
724 1903 837 1940 non
889 1903 1007 1957 eqo,
1060 1904 1160 1942 nec
1207 1889 1408 1943 victum
1459 1904 1553 1959 eqo
1598 1887 1732 1942 Otto
1777 1905 1916 1942 mus.
1964 1887 2140 1941 Rhen.
2190 1893 2328 1942 1886

311 1976 365 2027 p.
396 1963 515 2012 373.
567 1956 633 2012 V.
665 1956 741 2012 ad
774 1976 829 2028 p.
857 1963 942 2012 62.
964 1964 1049 2013 33.
1095 1991 1165 2001 —
1226 1965 1291 2013 27
1330 1959 1367 2029 †
1393 1961 1470 2015 eis
1514 1976 1546 2014 e
1593 1960 1700 2014 ‘vc'
1749 1957 2009 2013 Wesenb.
2058 1958 2197 2013 coni.
2249 1961 2331 2015 sic

313 2032 414 2082 aut
455 2030 563 2084 sibi
606 2031 724 2084 aut.
750 2046 970 2100 eamque
1010 2032 1172 2098 solvi,
1216 2032 1268 2085 ei
1310 2030 1451 2088 sine.
1470 2046 1632 2084 cruce
1665 2029 1883 2098 Baiter,
1930 2028 2207 2096 Schmidt,
2245 2031 2330 2086 ita

311 2098 545 2169 Tyn-cll.
574 2131 644 2140 —
682 2106 750 2153 34
787 2102 996 2156 ducere
1021 2100 1079 2154 M
1106 2103 1166 2170 (a
1189 2107 1239 2156 te
1266 2102 1368 2155 diu
1392 2102 1684 2171 &educes-e),
1711 2100 1917 2155 Baiter.
1973 2103 1993 2169 ΙΙ
2046 2100 2115 2154 P.
2132 2100 2270 2155 375.
2292 2112 2325 2151 3

312 2188 359 2223 v,
400 2170 475 2224 ad
507 2188 562 2241 p.
594 2176 713 2224 373.
743 2176 827 2225 23.
865 2201 934 2213 —
973 2177 1006 2225 5
1032 2189 1081 2226 V.
1122 2170 1358 2225 Schiche
1392 2172 1578 2225 Herm.
1606 2171 1785 2225 XVIII
1821 2190 1874 2241 p.
1905 2177 2034 2239 613,
2071 2169 2329 2226 Schmidt

310 2259 364 2310 p.
393 2248 515 2308 483,
553 2240 773 2310 Tyrrell
808 2257 894 2312 ep.
924 2246 1046 2309 565,
1082 2249 1305 2298 eaeewnte
1341 2260 1516 2298 mense
1551 2243 1765 2298 Martio
1798 2242 2016 2310 Baiter,
2060 2240 2322 2297 Wesenb.

310 2342 381 2352 —-
438 2318 465 2365 7
504 2329 643 2366 cam
687 2315 742 2382 (e
783 2330 833 2367 v.
863 2317 923 2378 83
973 2312 1049 2365 ad
1091 2330 1145 2382 p.
1167 2319 1252 2367 24.
1273 2315 1329 2379 8)
1379 2314 1464 2368 vel
1505 2311 1591 2380 M,
1644 2312 1776 2367 inde
1820 2319 1883 2369 tu
1927 2314 2010 2367 vel
2052 2312 2217 2367 Klotz
2269 2316 2329 2368 et

311 2382 543 2452 Tyrrell.
563 2414 633 2423 —
665 2389 731 2437 12
758 2384 936 2452 apud
962 2383 1203 2438 Brutum
1228 2383 1449 2455 Tyr-rell
1476 2383 1671 2438 eodem
1698 2399 1882 2438 errore
1910 2400 2021 2452 quo
2038 2402 2091 2454 p.
2106 2389 2324 2451 261.13,

309 2470 423 2508 non
460 2459 678 2509 373.31.
715 2485 786 2495 —
827 2459 1033 2508 13--16
1061 2461 1227 2524 caput
1251 2485 1324 2495 —
1346 2457 1533 2523 aptius
1567 2455 1627 2508 in
1655 2455 1908 2525 parenth.
1947 2454 2107 2524 Boot,
2133 2457 2201 2508 ut
2226 2471 2325 2525 ap-

308 2527 534 2594 pareret
585 2523 755 2579 verba
808 2526 943 2595 qaid
996 2526 1081 2580 tui
1133 2526 1353 2580 concilii
1396 2524 1474 2579 sit
1516 2525 1760 2595 pendere
1806 2524 1877 2579 ab
1922 2526 2152 2594 explica.
2235 2526 2326 2579 Ad

308 2614 365 2665 p.
396 2601 479 2650 16.
504 2602 585 2649 14.
658 2594 779 2665 Ego
828 2611 942 2649 non
978 2594 1204 2662 dubito,
1249 2596 1387 2664 quin
1504 2596 1665 2650 riorit
1707 2597 1935 2650 verbum
1977 2593 2134 2650 velut
2167 2597 2326 2652 velim

313 2668 449 2722 scire
483 2669 614 2735 post
646 2684 722 2733 re,
765 2668 902 2721 mavi
1028 2668 1225 2722 scu-thes
1260 2666 1390 2720 add.
1489 2682 1614 2721 oser
1647 2683 1748 2737 pro
1822 2711 1832 2721 .
1870 2665 2000 2720 mm
2040 2672 2175 2721 1851
2214 2674 2323 2738 p.6

309 2767 380 2777 ——
419 2743 485 2790 19
520 2738 606 2791 his
640 2735 857 2806 Baiter,
895 2684 1129 2861 'sgr-‘rest
1167 2735 1438 2805 Schmidt,
1473 2739 1549 2793 iis
1582 2737 1657 2805 M,
1769 2736 1974 2805 esenb.,
2010 2736 2170 2793 Boot.
2235 2738 2325 2791 Ad

308 2825 361 2877 p.
392 2813 477 2861 37.
506 2813 590 2861 37.
637 2836 706 2849 -
752 2807 831 2862 rb.
878 2823 943 2861 ve
991 2824 1080 2862 em
1124 2808 1329 2863 certior
1381 2810 1532 2863 esset
1568 2811 1761 2863 auctor
1795 2824 1965 2876 quam
2000 2807 2202 2862 Bosius
2242 2809 2325 2863 ‘in

310 2877 567 2931 omnibus
594 2879 993 2949 manuscriptis
1022 2877 1139 2949 legi
1169 2880 1263 2934 ‘sit
1287 2881 1422 2933 ante
1447 2896 1570 2934 cum
1596 2880 1708 2947 iis',
1738 2881 1838 2933 aut
1864 2881 2014 2933 certe
2041 2879 2162 2933 eius
2180 2878 2323 2950 loco,

307 2950 374 3016 si,
409 2947 499 3001 vel
533 2948 632 3002 sic'
723 2948 874 3002 Nam
908 2951 1261 3005 commwnices
1296 2948 1617 3005 Ciceronem
1651 2966 1763 3005 non
1803 2950 2093 3020 scripsisse
2131 2951 2324 3019 potius

308 3034 480 3087 quam
497 3021 869 3087 (communica,
896 3022 1353 3091 communicabis)
1377 3022 1551 3089 velim,
1576 3023 1671 3089 fac
1694 3019 1782 3075 vel
1811 3021 1932 3075 sim.
1953 3022 2322 3089 communices,

309 3091 911 3216 ⁰⁰⁷²²3Z²⁴2553⁸0320⁹⁸⁴a⁶⁸2⁰
931 3091 1111 3216 1322?
1147 3090 1998 3217 3313313332⁶31³3¹²3032¹2ff5
2062 3096 2324 3218 ’332226

307 3231 616 3300 (Lehmann
651 3230 770 3287 Att.
806 3248 862 3302 p.
891 3235 998 3302 37),
1034 3205 1213 3288 είλὺηε
1249 3233 1424 3301 Crat,
1463 3204 1619 3302 quod’
1655 3205 1920 3287 ‘editores
1956 3232 2045 3287 vel
2078 3205 2326 3304 ’probant

307 3300 394 3355 vel
430 3301 634 3371 ferunt,
662 3305 837 3373 negat
870 3319 1063 3357 verum
1099 3304 1241 3358 esse’
1272 3303 1430 3358 Boot.
1486 3304 1660 3358 Recte
1687 3303 1929 3373 Tyr-rell:
1971 3303 2157 3358 ‘Some
2184 3305 2324 3358 such

305 3373 462 3427 word
508 3390 569 3427 as
614 3390 766 3444 royes
800 3377 954 3428 must
988 3374 1060 3429 be
1096 3374 1345 3428 inferred
1378 3374 1524 3430 from
1559 3376 1952 3431 commwnices’.
1989 3405 2059 3416 -
2097 3380 2164 3429 23
2193 3391 2323 3445 pos·

307 3446 438 3500 sint
479 3446 694 3499 adduci
737 3444 987 3514 Ernesti,
1050 3444 1313 3500 Wesenb.
1361 3476 1431 3486 —
1479 3445 1560 3500 Ib.
1616 3453 1785 3501 totum
1838 3447 1983 3501 enim
2035 3446 2178 3500 illud
2232 3447 2322 3502 de-

304 3523 578 3584 speratum
622 3516 684 3569 in
725 3516 982 3585 parenth.
1020 3515 1312 3584 Wesenb..
1363 3515 1599 3586 Tyn-cll.
1679 3516 1771 3570 Ad
1804 3535 1858 3587 p.
1883 3521 2072 3571 1614.
2127 3547 2196 3558 -
2253 3523 2324 3572 26
