2642 3923
317 197 591 252 CXXXV]
953 197 1374 252 ADNOTATIO
1415 195 1698 251 CRITICA

319 339 523 393 certius
562 339 776 406 scirem,
813 338 952 406 quid
986 338 1070 391 rei
1108 341 1269 392 esset.
1340 340 1357 403 ΙΙ
1422 337 1492 392 Ρ.
1523 336 1660 392 468.
1689 342 1722 389 4
1759 336 1858 390 IX
1890 336 2072 389 Ruete
2110 334 2330 388 dissert.

317 410 598 478 Marburg.
640 414 777 463 1883
812 427 866 478 p.
898 414 1097 474 21.18,
1146 408 1381 461 Schiche
1430 406 1804 461 ‘Festschrift'
1839 412 1975 460 1883
2022 424 2077 474 p.
2108 410 2210 458 233
2240 407 2333 474 (9),

319 479 379 533 Ο.
400 480 461 534 Ε.
494 480 747 534 Schmidt
772 478 1043 534 Fleckeis.
1065 478 1250 532 annal.
1276 484 1413 532 1884
1432 496 1486 547 p.
1509 484 1628 545 339,
1666 478 1826 542 Boot,
1855 475 2071 545 Tyrrell
2103 492 2186 544 ep.
2212 481 2330 542 734,

318 551 382 604 Χ
416 551 599 618 codd.,
637 550 785 620 vulg.
833 581 902 590 —
947 550 1026 604 Ib.
1064 549 1142 603 H.
1182 550 1244 603 X
1276 548 1585 602 Buecheler
1619 566 1758 602 mus.
1798 547 1973 600 Rhen.
2011 546 2088 599 XI
2122 564 2176 616 p.
2209 551 2332 613 531,

316 621 483 688 Boot,
531 620 770 689 Tyrrell,
816 620 953 674 IIX
993 620 1179 687 codd.,
1228 622 1365 674 hora
1410 620 1568 673 VIII
1604 618 1752 688 vulg.
1800 649 1868 658 —-
1918 623 1947 670 7
1997 618 2066 670 ab
2103 633 2161 670 eo
2199 617 2328 670 add.

316 690 717 760 Wesenbergio
769 693 1021 757 auctore,
1068 688 1166 757 qui
1202 708 1248 744 v.
1280 696 1311 743 6
1361 706 1463 743 scr.
1510 691 1546 759 †
1565 706 1742 758 quem,
1795 688 1916 741 sine
1961 704 2124 741 cruce
2167 686 2330 753 Boot,

317 779 454 830 qnae
506 761 731 827 Rosius,
785 761 1002 828 Baiter,
1057 760 1288 829 Tyrrell.
1346 791 1415 800 —·
1468 759 1548 813 Ib.
1596 759 1894 827 Rescripsi
1939 760 1998 812 et
2040 776 2088 812 v.
2120 763 2151 810 9
2199 757 2327 810 add.

316 833 504 885 datam
538 834 669 901 post
704 833 767 885 X
798 831 1078 896 Wesenb.,
1115 831 1259 884 Boot
1293 830 1524 899 probab.
1562 832 1874 897 utrumque.
1905 860 1974 869 —
2005 834 2071 880 10
2108 834 2158 882 et
2186 829 2329 896 ple-

314 903 523 956 niorem
558 900 747 970 Orelli,
774 902 982 969 Baiter,
1010 900 1271 955 Wesenb.
1310 901 1423 970 (hic
1460 903 1593 954 ante
1631 901 1796 953 laudo
1833 899 2070 952 lacunae
2107 897 2332 967 signum

275 979 280 982 ’
313 972 541 1041 posuit),
577 971 812 1041 Tyr-rell,
851 974 1143 1042 lonyiorem
1168 972 1350 1036 Klotz,
1389 972 1476 1026 De
1514 971 1717 1041 leyione
1753 971 1835 1024 M.
1865 969 2127 1038 (Martia)
2164 970 2331 1022 laudo

317 1042 457 1096 coni.
494 1042 652 1097 Boot.
681 1074 751 1083 —
782 1048 847 1095 13
878 1043 1046 1112 quod
1080 1043 1294 1111 quidem
1323 1040 1424 1108 Μ’,
1452 1040 1600 1110 vulg.
1633 1040 1757 1094 edd.
1787 1041 2011 1109 praeter
2037 1038 2328 1106 Bootium3

315 1114 407 1166 cui
449 1114 665 1182 quidem
707 1114 850 1168 idem
887 1114 1101 1181 placere
1144 1113 1338 1167 credo?
1388 1143 1457 1152 —
1506 1116 1570 1164 17
1592 1128 1711 1179 sqq.
1763 1112 1907 1165 rides
1943 1141 2012 1150 —
2043 1110 2234 1177 perfici
2268 1109 2329 1162 in

311 1183 569 1252 parenth.
596 1182 855 1238 Wesenb.
911 1183 999 1235 Ad
1032 1200 1086 1252 p.
1118 1187 1199 1236 16.
1234 1188 1315 1236 14.
1366 1214 1431 1223 -
1482 1187 1547 1235 18
1577 1194 1677 1250 aps
1713 1181 1961 1236 condoles
1994 1181 2070 1247 M,
2108 1181 2330 1234 abscon-

315 1255 465 1307 doleo
492 1254 549 1320 Z,
585 1255 728 1323 †abs
754 1255 1004 1309 condoleo
1032 1252 1309 1319 Wesenb.,
1348 1259 1434 1307 ast
1457 1253 1710 1306 condoleo
1738 1252 1945 1318 Baiter,
1975 1258 2033 1305 at
2060 1267 2152 1320 eqo
2179 1251 2330 1305 doleo

313 1323 585 1390 Lambin,
621 1324 780 1392 Boot,
816 1323 1049 1392 Tyrrell,
1087 1324 1233 1378 rides
1263 1320 1502 1377 Ἀττικόν
1538 1340 1587 1376 V.
1617 1322 1875 1388 ἀστικόν,·
1921 1323 2071 1376 doleo
2099 1320 2332 1390 Madvig

314 1395 453 1448 Adv.
482 1394 558 1446 ΙΠ
584 1412 639 1463 p.
673 1399 788 1448 190.
829 1426 896 1435 --
935 1399 1001 1447 26
1039 1395 1104 1448 de
1138 1400 1188 1447 te
1224 1393 1452 1462 Popma,
1490 1393 1634 1446 Boot
1670 1394 1755 1462 (de
1790 1399 1840 1447 te
1874 1393 2032 1446 celem
2066 1394 2149 1445 vis
2186 1391 2326 1446 coni.

314 1465 466 1518 idem
504 1462 727 1519 Observ,
754 1482 810 1534 p.
841 1466 947 1534 61),
984 1463 1218 1532 Tyrrell,
1255 1465 1291 1534 γ’·
1303 1470 1425 1532 pete
1450 1464 1642 1517 Baiter
1679 1465 1743 1531 (p
1771 1466 1829 1516 et
1863 1464 1901 1515 d
1937 1461 2162 1530 saepius
2202 1479 2328 1515 con-

313 1535 469 1601 fusa3
517 1536 591 1588 ad
626 1553 680 1604 p.
711 1541 760 1588 2.
782 1537 888 1604 23),
927 1541 1051 1602 peto
1089 1532 1330 1601 Corrad.,
1361 1551 1461 1602 per
1495 1541 1544 1588 te
1570 1533 1796 1599 Bosius,
1831 1534 2002 1587 hercle
2036 1532 2226 1600 Klotz,
2264 1534 2333 1587 de

312 1612 362 1660 te
398 1607 480 1659 vis
514 1605 756 1673 Kayser,
797 1606 938 1674 petis
975 1603 1035 1658 Ο.
1049 1604 1110 1658 Ε.
1151 1603 1405 1658 Schmidt
1439 1621 1578 1657 mus.
1616 1603 1794 1657 Rhen.
1835 1608 1972 1657 1880
2007 1621 2060 1672 p.
2091 1608 2211 1657 315.
2259 1635 2329 1644 -

316 1680 382 1728 27
429 1677 617 1758 roqari
659 1679 790 1744 post
833 1676 1014 1730 Bruto
1060 1676 1187 1729 add.
1216 1675 1450 1741 Brutus,
1496 1674 1714 1740 Baiter,
1763 1681 2014 1744 royatum
2048 1672 2330 1741 Wesenb.,

318 1746 457 1799 ‘Aut
490 1745 781 1800 intercidit
816 1746 1046 1814 aliquod
1072 1745 1450 1815 participium,
1486 1744 1642 1798 velut
1664 1762 1727 1799 ro
1764 1751 1931 1812 atum,
1961 1747 2062 1798 aut
2087 1744 2328 1797 scriben-

316 1817 450 1869 dum
487 1834 613 1869 cum
650 1815 909 1870 Graevio:
970 1817 1126 1886 Quod
1162 1818 1227 1871 cle
1263 1817 1443 1870 Bruto
1478 1816 1689 1870 scribis’
1779 1818 1888 1869 oot.
1953 1814 2195 1883 Ellipsin
2234 1815 2330 1868 de-

313 1886 499 1940 fendit
533 1886 821 1940 Lehmann
858 1885 1096 1951 Quaestt
1128 1905 1182 1956 p.
1215 1891 1244 1938 7
1277 1889 1337 1940 et
1371 1885 1606 1955 Tyr-rell,
1635 1885 1733 1954 qui
1763 1888 2049 1954 comparat
2074 1903 2128 1954 p.
2153 1890 2271 1938 355.
2296 1891 2331 1938 8

314 1975 424 2012 non
451 1956 619 2011 nimis
647 1957 846 2024 simile,
874 1959 942 2011 ut
965 1957 1107 2011 mihi
1133 1957 1368 2011 videtur.
1389 1989 1458 1998 —
1485 1956 1564 2011 Ib.
1579 1974 1658 2025 sq.
1688 1958 1751 2010 in
1775 1957 2142 2011 Tusculanum
2169 1973 2330 2010 essem

314 2035 600 2084 venturus
618 2028 656 2080 Z
677 2030 759 2099 (3³),
796 2031 930 2083 vett.
970 2028 1116 2096 edd.,
1143 2028 1425 2094 Wesenb.,
1457 2028 1616 2094 Boot,
1646 2058 1712 2067 ——-
1739 2028 1963 2094 futurus
1989 2026 2064 2091 M,
2092 2025 2329 2093 Tyrrell,

314 2101 378 2153 in
429 2100 745 2154 Tusculano
800 2116 961 2154 essem
1011 2100 1236 2166 futurus
1278 2098 1485 2152 Baiter.
1535 2130 1602 2138 —-
1650 2103 1718 2151 33
1764 2098 1897 2150 mihi
1938 2102 2068 2149 sunt
2110 2097 2329 2150 inclusa

313 2170 563 2224 medullis
605 2172 897 2237 tamquam
948 2184 983 2221 a
1026 2172 1195 2238 poeta
1242 2168 1432 2236 aliquo
1480 2170 1704 2237 sumpta
1749 2184 1850 2220 scr.
1897 2165 2137 2234 Tyrrell,
2189 2182 2329 2234 quae

314 2242 449 2293 mihi
482 2246 613 2295 sunt
645 2241 773 2294 imis
806 2241 986 2307 infixa
1019 2240 1269 2293 medullis
1303 2239 1488 2293 Moser
1522 2255 1706 2308 progr.
1743 2237 1872 2291 Ulm
1911 2242 2046 2289 1848
2081 2254 2134 2304 p.
2166 2242 2214 2290 5.
2310 2240 2328 2302 ’Ῑ

387 2309 457 2364 Ρ.
487 2308 626 2364 469.
655 2315 687 2363 3
736 2311 967 2379 aliquid
1018 2311 1086 2362 ut
1119 2328 1174 2378 p.
1204 2315 1324 2362 490.
1357 2316 1425 2362 20
1475 2311 1704 2363 recentt.
1754 2308 1878 2362 edd.
1925 2306 2330 2378 Wesenbergio

316 2382 560 2446 auctore,
588 2397 641 2449 p.
669 2385 786 2434 509.
818 2386 884 2433 32
914 2377 1332 2448 εΗροεκλείὸειον
1371 2381 1635 2434 Varronis
1661 2379 1939 2432 intactum
1965 2376 2325 2445 reliquerunt.

313 2450 403 2503 Ad
428 2468 483 2520 p.
517 2456 706 2518 10.24,
753 2457 933 2504 25.17.
986 2481 1051 2490 -
1098 2456 1127 2503 7
1165 2457 1413 2504 manant
1451 2450 1535 2517 M,
1589 2449 1880 2515 Wesenb.,
1925 2447 2167 2517 Tyrrell,
2214 2467 2328 2503 ma·

313 2528 445 2575 nent
481 2520 605 2588 alii,
641 2521 904 2586 Ernesti,
928 2521 1143 2588 Baiter,
1192 2520 1337 2575 Boot
1380 2537 1491 2574 non
1534 2519 1735 2573 melius
1775 2519 1845 2571 de
1880 2518 1988 2572 hoc
2022 2519 2144 2572 loco
2181 2518 2326 2571 iudi-

315 2609 447 2646 cans
498 2607 669 2660 quam
714 2592 783 2645 de
832 2591 962 2645 fam.
994 2591 1095 2644 XII
1125 2596 1171 2644 1.
1205 2598 1250 2645 1.
1298 2622 1368 2631 —
1417 2596 1624 2644 10—12
1661 2597 1724 2644 ut
1758 2621 1826 2629 —
1862 2591 2098 2644 honam-is
2133 2589 2190 2642 in
2227 2605 2325 2658 pa-

313 2663 491 2715 renth.
531 2662 740 2729 Baiter,
776 2661 1055 2728 Wesenb.,
1095 2662 1251 2715 Boot.
1327 2660 1416 2714 Ad
1450 2679 1503 2730 p.
1538 2665 1724 2714 16.14.
1799 2659 2091 2713 Assentior
2128 2659 2329 2713 Bootio

318 2732 613 2787 ‘excidisse
666 2738 885 2799 sectam,
940 2734 1281 2798 sententiam,
1328 2730 1417 2784 vel
1463 2731 1694 2799 aliquod
1740 2729 1859 2783 eius
1904 2731 2058 2783 modi
2101 2729 2323 2783 nomen’

316 2803 581 2857 censenti.
603 2834 670 2842 —
693 2808 758 2855 15
770 2819 851 2870 sq.
880 2804 1287 2857 rubeo—nolui
1304 2802 1365 2855 in
1382 2801 1637 2871 parenth.
1658 2800 1919 2854 Wesenb.
1957 2801 2047 2854 Ad
2065 2818 2118 2869 p.
2142 2806 2325 2854 16.14.

314 2905 384 2915 --
431 2879 497 2925 22
544 2872 729 2926 dedita
773 2888 974 2940 opera
1019 2871 1113 2925 vul
1156 2915 1194 2938 .,
1239 2874 1471 2926 recentt.
1522 2872 1646 2925 edd.
1694 2872 1856 2939 (Boot
1896 2871 2122 2924 Advers.
2153 2889 2207 2940 p.
2241 2873 2333 2939 61)

313 2947 538 3012 praeter
573 2941 923 3010 Tyrrellium.
996 2941 1061 2996 V.
1153 2942 1246 2996 alb
1288 2942 1533 2996 ‘Archiv’
1566 2941 1592 2994 Ι
1617 2960 1669 3011 p.
1701 2947 1794 3009 83,
1832 2940 2101 2995 Fleckeis.
2142 2940 2325 2995 annal.

317 3019 453 3066 1893
490 3030 543 3081 p.
569 3018 684 3066 780.
734 3044 803 3052 --
850 3018 916 3065 23
938 3030 1057 3080 sqq.
1103 3013 1422 3081 Epistulam
1466 3011 1589 3065 IVb
1634 3012 1773 3066 fecit
1823 3012 1967 3065 Boot
2014 3011 2332 3081 Mongaltio

317 3085 560 3148 auctore,
606 3082 786 3135 Ruete
824 3083 1042 3136 dissert.
1080 3083 1308 3136 Marbur
1352 3127 1362 3137 .
1405 3089 1540 3137 1883
1578 3100 1630 3151 p.
1662 3089 1727 3136 21
1751 3099 1849 3150 sq.,
1892 3079 1953 3135 O.
1974 3081 2034 3135 Ε.
2077 3081 2333 3136 Schmidt

316 3152 584 3206 Fleckeis.
628 3168 752 3206 ann.
796 3159 933 3206 1884
961 3172 1014 3222 p.
1038 3159 1139 3206 339
1162 3171 1260 3222 sq.,
1288 3101 1505 3222 'ffmell
1535 3169 1617 3222 ep.
1643 3158 1764 3220 735,
1791 3151 1937 3221 vulg.
1969 3152 2332 3206 continuatur

317 3242 401 3292 ep.
431 3222 520 3276 IV.
572 3254 639 3263 —-
696 3228 768 3276 30
800 3230 1140 3279 transverso
1186 3227 1349 3292 vett,
1396 3224 1564 3289 Boot,
1602 3222 1833 3292 Tyrrell.
1916 3226 1935 3292 ΙΙ
2033 3223 2101 3277 Ρ.
2129 3221 2265 3276 470.
2296 3229 2329 3275 2

316 3311 368 3346 V.
403 3293 657 3347 Schmidt
700 3292 786 3347 l.l.
832 3312 885 3363 p.
918 3299 1047 3361 350,
1094 3298 1184 3348 27.
1223 3296 1352 3349 oder
1385 3298 1477 3349 28.
1520 3295 1650 3348 Mai
1694 3294 1875 3347 Ruete
1922 3293 2141 3347 dissert.
2181 3293 2328 3345 Mar-

316 3364 474 3433 burg.
500 3369 635 3417 1883
674 3382 725 3433 p.
749 3369 799 3432 8,
837 3364 1055 3433 Tyrrell
1092 3380 1176 3433 ep.
1202 3369 1319 3431 737,
1358 3366 1422 3419 in
1448 3365 1670 3419 Atinati
1707 3371 1929 3418 exeunte
1965 3380 2137 3418 mense
2167 3364 2333 3417 Maio

315 3434 533 3500 Baiter,
584 3437 668 3502 (in
705 3434 990 3502 Antiati?)
1039 3452 1119 3489 ex.
1160 3435 1244 3488 M.
1285 3436 1447 3489 Maio
1483 3434 1743 3489 Wesenb.
1791 3466 1863 3476 —
1906 3440 1939 3486 4
1977 3451 2014 3488 a
2048 3433 2332 3502 Wesenb.,

317 3504 560 3574 Tyrrell,
610 3504 794 3558 ‘Prius
846 3512 897 3561 et
941 3504 1265 3572 delendum,
1311 3505 1400 3558 vel
1449 3512 1498 3560 et
1533 3523 1571 3560 a
1610 3504 1797 3560 Cassio
1835 3504 2189 3559 scribendum
2225 3506 2329 3573 est,
