2642 3923
555 214 1067 272 EPISTULARUM
1104 219 1201 272 AD
1239 218 1564 274 ATTIOUM
1598 220 1699 273 XV
1740 226 2009 275 16a-19.
2137 221 2268 286 483

256 354 591 422 Buciliano
653 356 934 423 Sestium
986 366 1148 444 puto
1201 383 1336 426 non
1388 362 1658 426 moleste
1712 364 1890 429 ferre.
1981 364 2153 449 Eg0‚
2212 364 2271 428 si

258 443 408 508 Tiro
454 446 531 508 ad
568 468 687 531 me,
732 448 948 531 cogito
988 450 1058 512 in
1093 448 1541 513 Tusculanum.
1615 450 1714 515 Tu
1750 474 1920 536 vero,
1966 452 2269 536 quicquid

257 533 400 618 erit,
447 534 618 617 quod
660 556 763 598 me
811 536 971 614 scire
1015 559 1132 621 par
1179 539 1281 623 sit,
1331 538 1568 603 statim.

1144 765 1384 832 XVIII.

201 904 228 947 5
342 900 454 956 Ser.
493 903 557 956 im
591 903 786 958 itincre
820 918 888 958 ex
923 903 1149 958 Antiati
1165 906 1273 1029 73:3³0
1288 905 1662 1043 Ίὲἔὲἒαῑαηωη
1698 905 1859 960 XVI
1889 907 1960 959 K.
1998 905 2182 975 Quint.

1073 992 1124 1028 a.
1436 1019 1447 1029 .

857 1112 1146 1169 CICERO
1180 1115 1472 1170 ATTICO
1507 1114 1672 1170 SAL.

383 1256 533 1301 XVII
578 1239 720 1303 Kal.
768 1239 890 1303 etsi
950 1241 1108 1303 satis
1154 1240 1417 1304 videbar
1464 1240 1795 1323 scripsisse
1841 1241 1920 1303 ad
1964 1245 2057 1327 te,
2112 1241 2266 1325 quid
2304 1259 2331 1307 1

252 1325 412 1389 mihi
478 1348 638 1409 opus
703 1331 900 1411 esset,
965 1332 1031 1392 et
1094 1328 1249 1411 quid
1312 1333 1378 1393 te
1446 1329 1652 1393 facere
1710 1328 1967 1414 vellem,
2031 1330 2088 1393 si
2141 1329 2264 1392 tibi

173 1449 226 1487 10
253 1415 657 1479 commodum
712 1419 910 1500 esset,
964 1420 1208 1501 tamen,
1261 1439 1405 1480 cum
1459 1418 1782 1499 profectus
1839 1439 2040 1481 essem
2086 1422 2151 1481 et
2194 1418 2265 1481 in

134 1499 139 1505 ’
252 1503 395 1566 lacu
438 1504 825 1588 navigarem,
871 1504 1171 1569 Tironem
1217 1506 1413 1567 sbassui
1465 1505 1543 1568 ad
1587 1509 1653 1569 te
1689 1527 1826 1569 esse
1862 1505 2265 1589 mittendum,

252 1595 325 1654 ui:
368 1591 450 1653 iis
486 1591 788 1675 negotiis,
835 1613 995 1675 quae
1033 1595 1393 1677 agerentur,
1437 1594 1796 1677 interessess,
1840 1598 2031 1678 atque
2068 1593 2263 1656 etiam

253 1677 480 1762 scripsi
534 1679 614 1743 ad
657 1677 1062 1743 Dolabellam
1116 1702 1217 1743 1116
1227 1732 1245 1765 ‚
1304 1680 1362 1744 si
1408 1681 1466 1745 ei
1511 1680 1858 1765 videretur,
1911 1682 2074 1745 velle
2118 1703 2261 1764 pro-

251 1766 478 1851 ficisci,
530 1767 815 1851 petiique
862 1768 941 1831 ab
989 1789 1064 1832 eo
1110 1767 1186 1831 de
1240 1768 1435 1831 mulis
1490 1772 1800 1833 vecturae.
1896 1767 1989 1835 Ut
2042 1770 2112 1833 in
2154 1768 2258 1832 his
2297 1788 2329 1834 2

171 1885 223 1927 15
252 1851 583 1938 (quoniam
627 1856 934 1941 inssellego
979 1859 1046 1921 te
1091 1856 1625 1919 distenhissimum
1671 1878 1808 1920 esse
1855 1878 1980 1939 qua
2024 1857 2100 1919 de
2135 1856 2258 1920 Bu-

251 1941 532 2029 11111011116,
579 1966 705 2027 qua
750 1944 828 2008 de
872 1942 1096 2029 Bruto,
1139 1944 1319 2008 cuius
1368 1944 1562 2007 etiam
1610 1944 1908 2009 ludorum
1954 1950 2261 2027 sumptuo-

249 2051 466 2095 sorum
519 2054 736 2096 curam
796 2037 861 2098 et
906 2033 1524 2096 administrationem
1570 2034 1860 2116 suspicor
1905 2056 1983 2098 ex
2029 2054 2262 2117 magna

250 2123 431 2202 parsse
478 2120 556 2183 ad
602 2124 669 2185 te
713 2119 1058 2207 pertinere)
1106 2126 1180 2185 ut
1224 2142 1378 2204 ergo
1420 2120 1489 2184 in
1525 2120 1663 2184 eius
1700 2121 1872 2185 modi
1910 2143 1977 2185 re
2013 2122 2260 2185 tribues

250 2207 438 2271 nobis
482 2208 744 2291 paulum
790 2231 1044 2292 operae3
1088 2231 1204 2272 nec
1248 2209 1418 2274 enim
1463 2210 1741 2273 multum
1788 2232 1947 2293 opus
1993 2214 2108 2274 est.

169 2329 223 2367 20
380 2294 546 2359 Mihi
608 2317 710 2360 res
766 2297 844 2360 ad
898 2298 1150 2361 caedem
1205 2301 1270 2360 eb
1327 2320 1465 2361 eam
1520 2298 1775 2382 quidem
1828 2299 2256 2381 propinquam

250 2387 535 2466 spectare
589 2384 887 2448 videtur..
947 2384 1143 2450 Vides
1186 2385 1506 2468 homines,
1566 2386 1740 2449 vides
1789 2409 1979 2450 arma.
2069 2385 2255 2450 Pror-

251 2494 360 2535 sus
417 2493 548 2537 non
590 2472 753 2536 mihi
797 2474 1015 2538 videor
1061 2495 1199 2537 esse
1244 2476 1442 2537 tutus.
1528 2472 1642 2537 Sin
1686 2478 1758 2537 tu
1806 2475 1992 2539 aliter
2038 2475 2258 2559 sentis,

248 2560 441 2623 velim
505 2559 584 2623 ad
641 2583 744 2626 me
810 2562 1067 2625 scribas.
1157 2559 1353 2625 Domi
1407 2562 1575 2624 6111111
1631 2583 1912 2648 manere,
1975 2563 2031 2626 si
2086 2567 2259 2627 recte

248 2669 530 2733 possum,
573 2650 779 2714 multo
825 2650 1011 2713 malo

165 2853 219 2894 25
1172 2822 1341 2888 ΧΙΧ.

283 2943 394 2999 Ser.
423 2945 486 2998 in
519 2944 829 2999 Tusculamo
863 2945 1006 2998 inter
1041 2962 1091 2998 a.
1121 2944 1174 2998 d.
1205 2943 1329 2997 XV
1357 2950 1408 2999 et
1441 2944 1544 2998 XI
1574 2945 1648 2998 K.
1682 2944 1865 3014 Quint.
1888 2963 1937 2998 a.
1963 2950 2070 3000 710
2090 2950 2226 3015 (44).

842 3065 1130 3122 CICERO
1163 3066 1456 3120 ATTICO
1492 3067 1658 3122 SAL.

380 3175 701 3252 Quidnam
755 3180 880 3259 est,
935 3175 1106 3258 quod
1166 3174 1482 3258 agendum
1536 3176 1808 3258 amplius
1856 3177 1931 3239 de
1977 3175 2252 3240 Buthro·
2293 3195 2318 3240 1
2409 3214 2410 3217 =

244 3265 356 3329 tiis
421 3265 546 3329 sit?
623 3263 738 3328 Sat
801 3264 1009 3349 egisse
1073 3263 1237 3327 enim
1305 3267 1372 3326 te
1435 3263 1677 3326 frustra
1740 3264 1984 3327 scribis,
2087 3263 2253 3339 Quid

161 3382 218 3423 ao
246 3357 459 3418 aulem
524 3373 591 3416 se
651 3352 847 3416 refer-12
909 3351 1195 3415 Brutus?
1267 3348 1473 3415 Doleo
1536 3351 1927 3415 mehercules
1989 3356 2054 3415 te
2118 3356 2252 3416 tam

244 3462 383 3506 esse
430 3440 799 3525 distentam,
845 3439 1017 3523 quod
1062 3440 1276 3503 decem
1311 3439 1680 3503 hominibus
1720 3439 2117 3503 referendum
2155 3444 2253 3503 esf,

245 3534 587 3613 accepssum.
691 3528 816 3593 Est
882 3528 1042 3592 illud
1105 3528 1362 3610 quidem
1419 3528 1729 3613 ἐργῶδες,
1804 3527 1914 3591 sed
1978 3527 2253 3592 ἀνεκτὸν

1829 3630 1934 3682 31*
