2642 3923
495 205 1011 260 EPISTULARUM
1048 206 1147 260 AD
1185 207 1513 262 ATTICUM
1549 207 1679 261 VIII
1717 214 1782 261 12
1794 208 1957 263 A-c
2119 209 2250 274 245

226 350 687 501 {emungerent
743 353 834 434 et,
893 350 1176 414 militum
1233 351 1408 434 quod
1460 350 1797 438 haberent,
1853 352 1932 415 ad
1984 373 2100 416 vos
2149 352 2250 417 de·

270 457 500 502 uceren
533 487 547 502 .

1207 562 1279 627 B.

432 681 544 736 Ser.
582 683 850 736 Luceriae
884 682 1000 736 HI
1027 688 1127 737 aut
1155 683 1304 751 prid.
1344 683 1432 739 Id.
1471 683 1634 738 Febr.
1673 701 1725 738 a.
1766 688 1875 740 705
1912 688 2050 753 (49).

168 818 197 859 6
353 804 464 860 CN.
501 804 806 860 MAGNUS
843 804 1135 860 PROCOS.
1179 805 1230 860 S.
1268 805 1334 861 D.
1374 807 1432 861 L.
1473 806 1781 861 DOMITIO
1818 807 2112 863 PROCOS.

357 913 561 978 Valde
605 915 807 978 miror
849 919 916 978 te
962 915 1042 978 ad
1086 935 1189 978 me
1232 915 1400 979 nihil
1447 915 1721 980 scribere
1774 915 1841 981 et
1894 916 2113 999 potius
2161 918 2242 982 ab
2283 936 2311 983 1

225 1001 370 1066 aliis
417 1025 608 1086 quam
656 1025 694 1066 a
728 1007 794 1067 te
831 1003 907 1066 de
944 1025 1014 1068 re
1057 1003 1315 1086 publica
1349 1026 1452 1068 me
1498 1005 1835 1069 certiorem
1879 1005 2034 1068 fieri.
2100 1002 2165 1068 N
2168 1026 2238 1070 os

225 1091 491 1155 disiecta
552 1113 748 1155 manu
805 1113 990 1174 pares
1051 1092 1415 1156 adversario
1477 1114 1616 1157 esse
1677 1115 1808 1157 non
1872 1115 2243 1178 possumus3

225 1179 571 1244 contractis
615 1180 858 1243 nostris
913 1180 1116 1263 copiis
1172 1202 1359 1263 spero
1415 1203 1534 1245 nos
1582 1185 1645 1245 et
1688 1182 1785 1245 rei
1839 1181 2132 1265 publicae
2178 1185 2243 1246 et

144 1296 198 1334 10
226 1269 548 1332 communi
594 1268 787 1332 saluti
833 1268 1135 1351 prodesse
1178 1290 1385 1351 posse.
1478 1267 1682 1345 Quam
1739 1270 1820 1334 ob
1874 1292 2037 1354 rem,
2098 1292 2243 1334 cum

226 1357 690 1442 constituisses,
734 1360 809 1419 ut
852 1355 1182 1420 Vibullius
1228 1357 1390 1420 mihi
1437 1358 1807 1440 scripserat,
1855 1381 1906 1422 a.
1956 1358 2010 1422 d.
2058 1377 2105 1423 v
2148 1358 2239 1422 Id.

225 1442 408 1509 Febr.
457 1443 739 1509 Corfinio
777 1445 1094 1527 proficisci
1131 1466 1274 1509 cum
1311 1446 1594 1510 exercitu
1632 1450 1695 1510 et
1744 1446 1826 1510 ad
1870 1469 1972 1511 me
2008 1447 2241 1531 venire,

224 1534 451 1619 miror,
511 1533 665 1616 quid
723 1554 948 1598 causae
1004 1534 1227 1619 fuerit,
1297 1554 1493 1617 quare
1552 1535 1891 1599 consilium
1949 1534 2239 1600 mutaris,

224 1619 394 1685 Nam
449 1621 564 1684 illa
622 1643 838 1705 causa,
902 1629 1093 1705 quam
1155 1621 1317 1685 mihi
1371 1622 1699 1687 Vibullius
1765 1623 2018 1709 scribit,
2079 1623 2240 1688 levis

141 1736 197 1776 15
227 1714 342 1792 est,
387 1713 452 1773 te
497 1713 835 1793 propterea
878 1715 1200 1774 moratum
1246 1730 1412 1795 esse,
1476 1711 1649 1794 quod
1694 1712 1968 1775 audieris
2017 1710 2240 1776 Caesa-

224 1820 361 1862 rem
384 1797 604 1862 Firmo
642 1818 1053 1883 progressum
1089 1799 1158 1861 in
1187 1796 1487 1862 Castrum
1513 1799 1937 1862 Truentinum
1974 1800 2237 1864 venisse.

226 1885 478 1964 Quanto
526 1885 695 1950 enim
738 1887 947 1972 magis
993 1887 1505 1971 appropinquare
1553 1887 1953 1951 adversarius
2010 1889 2239 1974 coepit,

226 1997 300 2041 eo
346 1976 470 2040 tibi
517 1975 782 2040 celerius
829 1976 1145 2060 agendum
1186 1980 1342 2059 erat,
1386 1980 1461 2039 ut
1497 1980 1563 2040 te
1607 1998 1854 2040 mecum
1901 1977 2240 2062 coniunge-

224 2086 345 2149 res,
389 2064 765 2147 priusquam
800 2061 1033 2127 Caesar
1079 2068 1190 2127 aut
1233 2068 1421 2127 tuum
1465 2063 1592 2128 iter
1634 2064 1943 2147 impedire
1980 2069 2092 2129 aut
2137 2088 2239 2130 me

145 2180 198 2218 20
227 2153 339 2216 abs
387 2158 452 2216 te
497 2152 827 2216 excludere
871 2156 1106 2235 posset.

358 2239 563 2316 Quam
600 2239 682 2305 ob
717 2262 853 2304 rem
891 2241 1086 2304 etiam
1120 2245 1300 2321 atque
1344 2243 1531 2305 etiam
1575 2245 1642 2304 te
1678 2262 1837 2327 rogo
1885 2246 1949 2305 et
1992 2241 2238 2327 hortor,
2276 2260 2308 2308 2

224 2329 292 2393 id
337 2328 507 2412 quod
558 2350 691 2392 non
744 2329 965 2392 destiti
1018 2328 1457 2411 superioribus
1516 2329 1755 2394 litteris
1813 2353 1850 2393 a
1894 2334 1962 2393 te
2004 2335 2238 2414 petere,

225 2421 299 2481 ut
352 2417 559 2500 primo
608 2438 862 2500 quoque
919 2416 1022 2481 die
1065 2416 1400 2481 Luceriam
1454 2418 1533 2481 ad
1586 2439 1682 2483 me
1733 2418 2012 2505 venires,
2066 2424 2238 2483 ante-

227 2527 419 2588 quam
447 2505 686 2591 copiae,
721 2527 879 2588 quas
917 2505 1206 2569 instituit
1233 2503 1467 2569 Caesar
1503 2505 1898 2591 contrahere,
1934 2507 2002 2570 in
2039 2529 2239 2572 unum

142 2621 196 2659 25
224 2594 438 2657 locum
482 2597 736 2657 coactae
779 2615 896 2657 vos
943 2617 980 2657 a
1023 2594 1213 2657 nobis
1259 2593 1638 2657 distrahant.
1732 2592 1883 2679 Sed,
1930 2596 1985 2659 si
2033 2600 2239 2681 erunt,

226 2682 338 2765 qui
382 2686 448 2745 te
493 2682 869 2766 impediant,
924 2686 998 2745 ut
1042 2681 1231 2745 villas
1279 2704 1426 2745 suas
1483 2686 1763 2767 servent,
1818 2704 2091 2767 aequum
2139 2689 2238 2748 est

224 2792 327 2834 me
373 2792 411 2834 a
453 2774 520 2834 te
572 2771 943 2855 impetrare,
1004 2774 1080 2833 ut
1140 2769 1465 2855 cohortes,
1526 2792 1685 2854 quae
1746 2792 1823 2835 ex
1880 2770 2113 2837 Piceno
2174 2778 2239 2837 et

225 2856 560 2923 Camerino
597 2862 927 2944 venerunt,
972 2879 1134 2941 quae
1169 2859 1462 2922 fortunas
1511 2881 1656 2923 suas
1694 2859 2112 2944 reliquerunt,
2158 2862 2240 2925 ad

224 2969 326 3011 me
372 2948 641 3010 missum
686 2947 899 3011 facias.

141 3115 193 3155 eo
1196 3085 1264 3151 O.

551 3208 664 3264 Ser.
702 3209 972 3264 Luceriae
1009 3209 1165 3263 XIV
1198 3210 1273 3263 K.
1314 3209 1487 3265 Mart.
1528 3228 1579 3263 a.
1622 3214 1730 3265 705
1768 3214 1907 3279 (49).

356 3331 465 3387 CN.
504 3331 808 3387 MAGNUS
845 3331 1137 3388 PROCOS.
1179 3333 1229 3388 S.
1268 3333 1335 3387 D.
1375 3333 1434 3388 L.
1473 3332 1782 3389 DOMITIO
1819 3334 2112 3390 PROCOS.

353 3440 634 3506 Litteras
671 3442 788 3506 abs
826 3445 892 3506 te
927 3440 1012 3505 Μ.
1044 3439 1344 3506 Calenius
1382 3442 1463 3505 ad
1498 3464 1601 3506 me
1638 3442 1862 3506 attulit
1899 3465 1951 3506 a.
1990 3443 2046 3507 d
2087 3460 2237 3506 xlm
2276 3460 2304 3513 1

220 3528 361 3593 Kal.
409 3530 703 3615 Martias3
761 3530 830 3594 in
877 3530 1112 3613 quibus
1157 3530 1396 3594 litteris
1445 3531 1670 3595 scribis
1727 3531 1849 3595 tibi
1909 3530 1979 3594 in
2023 3529 2234 3596 animo
