2642 3923
593 215 1106 273 EPISTULARUM
1141 217 1240 270 AD
1277 215 1603 272 ATTICUM
1637 216 1766 271 VIII
1802 221 1958 272 6—7.
2149 215 2276 281 231

403 357 649 425 Deinde
685 360 1025 445 supposuit
1060 360 1423 444 exemplum
1459 360 1770 443 epistulae
1805 357 2073 446 Domiti,
2109 359 2282 445 quod
2317 373 2350 424 8

270 447 537 601 {ffissmssd
553 447 1316 621 Ρξίεέἑῖἒῗωφῗὲζθῗὲῑ.
1361 446 2281 621 AEfiiffij'fgzlfffiassmfuffi?

271 646 416 688 rum
475 623 578 688 sit!
649 622 794 689 Hoe
850 628 1068 689 tamen
1112 645 1327 708 spere,
1383 644 1689 710 magnum
1734 645 1966 689 nomen
2009 624 2281 707 impera-

218 738 246 781 s
272 711 436 776 toris
471 712 628 796 fore,
671 732 975 797 magnum
1010 713 1079 776 in
1115 713 1394 777 adventu
1430 716 1758 777 terrorem.
1831 711 2033 796 Spero
2070 712 2282 796 etiam,

275 800 578 885 quoniam
640 799 847 864 adhue
916 799 1083 864 nihil
1134 800 1325 864 nobis
1389 800 1601 865 obfuit
1662 802 1707 885 †
1743 800 1908 865 nihil
1969 803 2283 864 mutasset

273 887 679 974 neglegentia
729 887 852 952 hoc
906 889 1078 973 quod
1130 909 1276 952 eum
1329 888 1586 953 fortiter
1640 894 1706 953 et
1758 888 2098 974 diligenter
2140 892 2283 953 tum

275 976 469 1041 etiam
522 974 896 1041 mehercule.
986 975 1182 1042 Modo
1237 975 1408 1041 enim
1453 976 1669 1041 audivi
1714 981 2092 1062 quartanam
2137 999 2174 1041 a
2217 980 2284 1041 te
2318 993 2353 1041 4

276 1063 658 1129 discessisse.
756 1063 1016 1148 Moriar,
1079 1064 1136 1129 si
1195 1063 1405 1150 magis
1459 1064 1826 1151 gauderem,
1889 1065 1948 1130 si
2001 1065 2069 1131 id
2121 1064 2284 1130 mihi

197 1180 250 1221 ιο
278 1152 628 1218 accidisset.
725 1151 927 1217 Piliae
987 1153 1089 1217 die
1150 1174 1283 1217 non
1336 1173 1477 1218 esse
1536 1174 1810 1237 aequum
1855 1174 1995 1218 eam
2041 1153 2284 1218 diutius

275 1238 511 1306 habere
562 1261 680 1305 nee
735 1240 804 1306 id
857 1261 992 1305 esse
1044 1244 1296 1306 vestrae
1354 1241 1740 1307 concordiae.
1831 1239 2132 1306 Tironem
2172 1263 2286 1306 no-
2322 1255 2353 1306 6

276 1333 484 1394 strum
542 1329 622 1394 ab
684 1328 884 1394 altera
936 1329 1234 1394 relietum
1287 1329 1494 1394 audio.
1600 1327 1725 1394 Sed
1778 1350 1925 1394 eum
1978 1330 2163 1395 video
2216 1330 2288 1394 in

274 1420 606 1500 sumptum
666 1417 746 1481 ab
793 1417 938 1482 aliis
982 1420 1376 1502 mutuatum;
1436 1437 1555 1503 ego
1601 1422 1814 1483 autem
1860 1415 2126 1483 Curium
2170 1440 2288 1484 no-

277 1509 503 1589 strum,
549 1505 604 1570 si
650 1504 807 1590 quid
852 1526 1013 1589 opus
1060 1509 1246 1589 esset,
1289 1524 1604 1591 rogaram.
1677 1505 1850 1570 Malo
1888 1504 2145 1571 Tironis
2180 1527 2288 1571 ve-

199 1622 253 1663 15
278 1593 645 1658 reeundiam
687 1593 753 1658 in
794 1594 981 1677 eulpa
1026 1613 1164 1658 esse
1210 1588 1403 1677 quam
1448 1593 1970 1659 inliberalitatem
2014 1592 2184 1659 Curi„

1211 1767 1358 1834 VII.

376 1889 490 1946 Ser.
519 1891 584 1944 in
623 1889 927 1944 Formiano
973 1890 1098 1943 VII
1126 1889 1199 1945 K.
1232 1889 1429 1956 Mart„
1463 1896 1528 1945 ut
1560 1891 1793 1957 videtur,
1828 1908 1881 1945 a.
1913 1893 2021 1947 ⁷05
2059 1895 2197 1960 (49).

916 2011 1170 2100 CICERO
1207 2011 1469 2068 ATTICO
1509 2012 1657 2068 SAL.

410 2119 629 2187 Unum
674 2121 869 2186 etiam
913 2125 1116 2186 restat
1157 2121 1361 2186 amieo
1397 2126 1624 2186 nostro
1662 2122 1743 2188 ad
1779 2142 1968 2187 omne
2002 2121 2289 2206 dedecus,
2329 2144 2355 2187 1

200 2238 252 2278 ιο
280 2214 354 2274 ut
405 2207 695 2275 Domitio
750 2230 881 2273 non
936 2207 1286 2274 subveniat.
1389 2208 1503 2274 ‘At
1556 2231 1742 2275 nemo
1796 2209 2079 2297 dubitat,
2133 2210 2289 2295 quin

281 2297 568 2363 subsidio
623 2301 930 2362 venturus
978 2297 1106 2361 sit.'
1195 2297 1342 2383 Ego
1386 2319 1520 2362 non
1564 2303 1739 2382 puto.
1831 2297 2121 2363 ‘Deseret
2165 2298 2289 2383 igi-

281 2392 388 2450 tur
431 2385 628 2451 talem
673 2385 876 2450 eivem
922 2388 987 2451 et
1033 2406 1170 2469 eos,
1225 2407 1387 2470 quos
1433 2407 1560 2449 una
1606 2386 1728 2451 seis
1775 2407 1930 2470 esse,
1987 2408 2131 2451 cum
2174 2385 2290 2450 ha-

280 2475 431 2539 beat
482 2473 861 2559 praesertim
917 2472 975 2537 is
1034 2473 1174 2556 ipse
1226 2472 1523 2538 cohortes
1577 2473 1915 2559 trigintaP'
1986 2472 2133 2539 Nisi
2186 2495 2288 2539 me

282 2563 498 2627 omnia
540 2561 803 2645 fallunt,
862 2562 1123 2626 deseret.
1212 2560 1684 2627 Incredibiliter
1728 2562 2080 2647 pertimuit,
2122 2562 2290 2627 nihil

201 2678 255 2718 25
284 2653 532 2735 spectat
586 2650 715 2714 nisi
766 2650 1003 2735 fugam.
1095 2647 1258 2725 Quoi
1317 2653 1393 2712 tu
1439 2649 1649 2735 (video
1696 2651 1896 2738 enim,
1949 2649 2103 2736 quid
2147 2673 2291 2716 sen-

280 2737 437 2824 tias)
482 2759 585 2803 me
629 2737 929 2803 comitem
972 2741 1164 2821 putas
1211 2735 1440 2802 debere
1475 2758 1630 2803 esse.
1703 2737 1847 2824 Ego
1883 2759 2055 2824 vere,
2100 2760 2289 2822 quem
2325 2758 2356 2805 2

282 2827 551 2912 fugiam,
602 2824 828 2911 habeo,
873 2845 1063 2911 quem
1110 2846 1358 2910 sequar,
1402 2847 1535 2890 non
1575 2824 1799 2892 habeo.
1889 2824 2075 2903 Quod
2120 2829 2290 2892 enim

283 2919 356 2979 tu
417 2935 632 2979 meum
692 2914 916 2979 laudas
975 2917 1041 2978 et
1092 2913 1573 2978 memorandum
1627 2914 1813 3001 dieis,
1872 2914 2064 2979 malle
2119 2916 2292 3000 quod

285 3002 552 3067 dixerim
605 3022 708 3067 me
761 3023 908 3066 eum
954 2999 1260 3084 Pompeio
1319 3001 1488 3066 vinei
1545 3024 1737 3087 quam
1779 3025 1925 3067 eum
1968 3002 2112 3067 istis
2159 3005 2292 3069 vin-

201 3119 257 3158 so
284 3111 423 3155 cere
431 3143 450 3177 ,
504 3110 622 3177 ego
668 3111 817 3154 vero
863 3089 1062 3174 male,
1118 3088 1229 3153 sed
1273 3110 1422 3154 eum
1463 3089 1580 3155 illo
1625 3089 1950 3177 Pompeio,
1994 3091 2107 3177 qui
2150 3096 2292 3157 tum

285 3182 447 3263 erat,
499 3182 611 3243 aut
658 3178 767 3262 qui
813 3178 975 3242 mihi
1021 3199 1158 3243 esse
1201 3176 1558 3264 videbatur,
1608 3200 1754 3244 eum
1796 3179 1921 3244 hoe
1963 3201 2134 3265 vero,
2180 3180 2292 3265 qui

283 3270 432 3332 ante
476 3266 674 3352 fugit,
732 3288 923 3351 quam
970 3266 1119 3351 seit,
1172 3269 1286 3330 aut
1333 3287 1522 3351 quem
1566 3267 1777 3352 fugiat
1822 3272 1932 3333 aut
1979 3290 2126 3353 que,
2182 3269 2291 3351 qui

281 3359 507 3419 nostra
551 3354 833 3440 tradidit,
878 3356 989 3439 qui
1034 3355 1309 3439 patriam
1350 3354 1631 3441 reliquit,
1675 3354 1930 3420 Italiam
1965 3356 2294 3442 relinquit,

283 3443 339 3508 si
390 3443 616 3526 malui,
678 3443 985 3528 contigit,
1042 3443 1250 3508 vietus
1307 3463 1467 3508 sum.
1568 3441 1751 3519 Quod
1803 3448 2121 3529 superest,
2175 3465 2294 3510 nee

202 3558 255 3599 εὖ
284 3532 410 3596 ista
454 3530 667 3596 videre
710 3551 993 3615 possum,
1040 3551 1202 3616 quae
1245 3552 1598 3615 numquam
1642 3530 1832 3595 timui
1875 3551 1956 3595 ne
1995 3531 2294 3617 viderem,
