2642 3923
400 217 531 284 356
1045 218 1120 272 Μ.
1160 216 1375 272 TULLI
1411 216 1787 273 CICERONIS

1347 448 1479 514 Vb.

598 573 710 628 Ser.
740 573 804 627 in
842 572 1157 627 Tusculano
1193 572 1307 628 III
1335 579 1433 626 aut
1467 570 1547 625 II
1573 572 1662 626 Id.
1691 572 1822 626 Iwn.
1853 590 1905 627 a.
1936 575 2046 628 709
2084 575 2221 641 (45).

1007 694 1297 750 CICERO
1332 694 1623 750 ATTICO
1658 694 1823 750 SAL.

228 821 289 879 (v
316 823 361 872 ο)
531 804 858 870 Tubulum
910 806 1273 887 praetorem
1331 802 1517 867 video
1563 800 1634 867 L.
1671 802 1963 889 Metello,
2024 803 2093 880 Q.
2133 804 2420 871 Maximo

398 893 788 959 consulibus.
879 888 1069 956 Nunc
1114 891 1334 975 velim,
1387 889 1455 955 P.
1505 888 1826 978 Scaevola,
1882 893 2173 976 pontifex
2218 895 2419 958 maxi-
2477 922 2504 962 ο

397 1003 560 1066 mus,
582 982 816 1066 quibus
854 979 1226 1045 consulibus
1264 979 1566 1044 tribunus
1601 980 1687 1063 pL
1742 980 2060 1064 Equidem
2087 985 2245 1065 puto
2272 1004 2420 1066 pro·

397 1071 609 1155 ximis,
638 1068 956 1153 Caepione
989 1073 1055 1133 et
1080 1066 1415 1152 Pompei03
1452 1072 1711 1151 praetor
1738 1069 1908 1132 enim
1934 1068 2008 1133 L.
2030 1067 2245 1154 Furi0,
2273 1069 2416 1136 Sex.

397 1158 622 1223 Atilio.
712 1156 914 1222 Dabis
961 1156 1163 1240 igitur
1209 1155 1615 1220 tribunatum
1662 1160 1743 1240 et,
1790 1156 1847 1221 si
1891 1157 2155 1242 poteris,
2201 1158 2418 1223 Tubu-

396 1247 500 1312 lus
548 1268 675 1331 quo
723 1246 1003 1310 crimine.
1094 1244 1184 1308 Et
1229 1243 1402 1328 vide,
1466 1266 1731 1329 quaese,
1783 1243 1852 1309 L.
1891 1244 2082 1330 Libo,
2142 1246 2254 1310 ille
2301 1247 2416 1332 qui

397 1335 475 1399 de
521 1333 652 1399 Ser.
692 1332 918 1419 Galba,
961 1330 1398 1397 Censorinone
1443 1337 1508 1396 et
1546 1331 1811 1398 Manilio
1859 1356 1942 1398 an
1985 1333 2055 1398 T.
2094 1333 2413 1421 QuinctiO,
2445 1364 2500 1403 10

393 1422 496 1487 M’.
533 1422 745 1487 Acilio
791 1420 1161 1487 consulibus
1206 1421 1510 1485 tribunus
1556 1421 1642 1505 pl.
1679 1422 1889 1486 fuerit.
1966 1387 2414 1489 Conturbabat

397 1512 566 1575 enim
611 1533 714 1576 me
761 1510 1069 1596 [epitome
1113 1508 1304 1573 Bruti
1349 1507 1632 1574 Fannian
1640 1508 1724 1594 a],
1782 1510 1853 1574 in
1896 1510 2086 1575 Bruti
2132 1513 2415 1595 epitoma

394 1599 871 1664 Fannianorum
909 1597 1193 1683 [scripsi]
1224 1597 1397 1681 quod
1433 1603 1571 1662 erat
1606 1598 1675 1662 in
1711 1602 2017 1684 extrem0,
2061 1599 2252 1684 idque
2289 1622 2410 1686 ego

397 1692 652 1754 secutus
687 1687 860 1752 hunc
894 1685 1229 1770 Fannium,
1271 1686 1385 1770 qui
1423 1687 1681 1769 scripsit
1717 1685 2076 1774 historiam,
2103 1709 2410 1774 generum

395 1797 534 1842 esse
598 1778 979 1860 scripseram
1023 1773 1216 1839 Laeli.
1312 1772 1439 1838 Sed
1500 1778 1574 1838 tu
1636 1796 1737 1839 me
1802 1788 2253 1861 γεωμετρικῶς
2317 1800 2492 1845 re-15

393 1866 665 1950 felleras,
701 1869 768 1929 te
804 1868 1018 1929 autem
1054 1884 1223 1927 nunc
1250 1860 1494 1927 Brutus
1532 1866 1596 1926 et
1632 1861 1931 1928 Fannius.
2007 1864 2151 1949 Ego
2190 1869 2411 1930 tamen

395 1954 471 2021 de
530 1953 700 2019 bono
759 1956 1046 2037 auctore,
1099 1949 1480 2037 Hortensio,
1536 1950 1628 2017 sic
1674 1974 2066 2038 acceperam,
2119 1957 2195 2017 ut
2240 1954 2406 2039 apud

392 2043 670 2108 Brutum
715 2048 831 2107 est.
920 2040 1112 2106 Hunc
1157 2040 1362 2125 igitur
1407 2039 1623 2105 locum
1673 2041 1983 2124 expedies.

1340 2214 1464 2281 Vc.

694 2338 808 2395 Ser.
837 2340 901 2394 in
939 2339 1253 2393 Tusculano
1283 2339 1435 2408 prid.
1463 2338 1553 2392 Id.
1582 2339 1712 2393 Iun.
1743 2356 1794 2392 a.
1827 2342 1939 2393 708
1966 2343 2106 2408 (46).
2435 2353 2488 2391 zo

998 2460 1287 2517 CICERO
1323 2459 1614 2516 ATTICO
1649 2460 1814 2516 SAL.

231 2594 287 2646 [v
313 2591 355 2641 4)
525 2571 668 2657 Ego
722 2571 873 2636 misi
916 2570 1218 2636 Tironem
1263 2569 1641 2635 Dolabellae
1696 2570 1968 2635 obviam.
2060 2570 2126 2636 Is
2183 2573 2264 2637 ad
2306 2596 2409 2638 me

390 2661 613 2726 Idibus
658 2664 1033 2725 revertetur.
1105 2657 1197 2723 Te
1234 2660 1617 2743 exspectabo
1656 2659 1982 2741 postridie.
2060 2659 2160 2726 De
2195 2660 2404 2725 Tullia

391 2772 533 2815 mea
585 2748 710 2814 tibi
764 2748 1287 2832 antiquissimum
1341 2768 1479 2812 esse
1534 2747 1745 2831 video,
1807 2747 2000 2832 idque
2045 2748 2141 2813 ita
2183 2752 2255 2813 ut
2297 2749 2403 2833 sit,

392 2842 457 2903 te
511 2836 917 2902 vehementer
970 2857 1147 2920 rogo.
1237 2835 1416 2921 Ergo
1474 2835 1533 2900 ei
1586 2835 1655 2899 in
1707 2835 1962 2920 integro
2010 2837 2250 2922 omnia3
2313 2837 2407 2902 sic
2437 2864 2492 2905 2⁵
2606 2864 2607 2889 1

394 2926 564 2992 enim
627 2925 872 2991 scribis.
971 2924 1161 3009 Mihi,
1226 2924 1350 2988 etsi
1402 2923 1726 2988 Kalendae
1788 2925 2084 2990 vitandae
2148 2925 2410 2991 fuerunt
2604 2936 2605 2993 1

392 3013 938 3098 Nicasionumque
998 3011 1330 3098 ἀρχέτυπα
1374 3011 1677 3098 fugienda
1720 3013 2272 3098 conficiendaeque
2316 3019 2410 3079 ta-

393 3103 599 3188 bulae,
642 3102 809 3167 nihil
850 3106 1069 3167 tamen
1112 3101 1299 3187 tanti,
1344 3105 1419 3165 ut
1464 3122 1502 3164 a
1544 3104 1612 3165 te
1656 3100 1964 3186 abessem,
2007 3102 2149 3167 fuit.
2243 3099 2409 3167 Cum

391 3191 636 3257 Romae
682 3212 885 3256 essem
931 3193 998 3255 et
1040 3193 1106 3254 te
1151 3189 1281 3254 iam
1327 3189 1580 3273 iamque
1625 3189 1916 3254 visurum
1951 3211 2056 3256 me
2090 3195 2411 3278 putarem,

393 3279 626 3345 cotidie
670 3283 887 3343 tamen
929 3277 1145 3381 horae,
1189 3277 1425 3361 quibus
1463 3277 1926 3365 exspectabam,
1970 3279 2202 3364 longae
2237 3279 2409 3343 vide-
2439 3308 2495 3348 so

392 3369 643 3433 bantur.
728 3367 864 3432 Scis
909 3387 1012 3431 me
1056 3365 1319 3430 minime
1365 3387 1504 3432 esse
1549 3365 1882 3452 blandum;
1926 3368 2145 3452 itaque
2191 3367 2407 3433 minus

393 3457 724 3539 aliquanto
773 3455 934 3540 dico,
979 3477 1173 3539 quam
1221 3455 1447 3522 sentio.
