2642 3923
585 227 1097 282 EPISTULARUM
1132 227 1232 281 AD
1270 225 1597 282 ATTICUM
1629 227 1735 317 *VII
1764 216 2009 283 'sl—23..
2171 226 2301 290 219

1174 455 1411 522 XXIII.

279 579 393 635 Ser.
424 580 487 634 in
514 579 820 634 Formiano
848 578 998 632 Vra.
1031 578 1192 634 Febr.
1221 594 1363 648 vesp.
1393 586 1495 635 aut
1519 580 1617 634 IV
1637 581 1727 634 Ια.
1756 540 1915 634 mane
1941 596 1993 633 a.
2024 582 2135 634 705
2162 582 2299 646 (49).

921 700 1178 757 CICERO
1213 701 1476 758 ATTICO
1514 702 1663 758 SAL.
1783 711 1788 716 ’

414 829 462 875 v
517 807 671 875 Idus
725 808 909 874 Febr.
955 810 1208 893 vesperi
1266 833 1304 875 a
1361 809 1715 876 Philotimo
1772 809 2025 875 litteras
2088 810 2302 892 accepi
2340 828 2367 876 1

232 925 259 966 ο
285 897 651 963 Domitium
698 898 1046 962 exercitum
1102 898 1361 962 firmum
1413 897 1677 985 habere,
1727 897 2023 964 cohortes
2079 918 2157 961 ex
2200 895 2302 961 Pi-

286 1008 440 1052 ceno
487 986 763 1051 Lentulo
811 990 878 1050 et
921 985 1198 1050 Thermo
1238 986 1617 1052 ducentibus
1662 1008 1808 1052 cum
1842 985 2095 1051 Domiti
2130 1007 2303 1050 exer·

285 1075 420 1141 citu
457 1074 830 1140 coniunctas
867 1095 1026 1160 esse,
1061 1071 1400 1140 Caesarem
1434 1075 1773 1139 intercludi
1807 1095 2000 1158 posse
2030 1094 2303 1157 eumque

285 1164 354 1228 id
398 1163 652 1249 timere,
704 1162 1022 1226 bonorum
1074 1162 1324 1228 animos
1377 1168 1697 1228 recreatos
1741 1161 2014 1250 Romae,
2065 1162 2302 1246 impro-

285 1252 406 1317 bos
470 1251 656 1336 quasi
713 1250 1058 1334 perculsos.
1137 1249 1339 1366 ,Haec
1402 1255 1622 1317 metuo
1680 1252 1974 1335 equidem
2029 1272 2112 1330 ne
2172 1250 2304 1315 sint

206 1369 261 1408 ¹⁰
287 1361 583 1492 efflue
622 1337 2174 1514 ffbffinpffffiffiffiantnffffisffiffl
2204 1336 2303 1492 «ἕξις

285 1516 356 1581 in
398 1513 772 1601 Formiano)
807 1513 1144 1580 Philotimi
1186 1516 1444 1582 litterae
1480 1515 1560 1581 ad
1594 1517 1795 1581 vitam
1830 1519 2302 1581 revocaverunt.

285 1604 433 1690 Ego
493 1607 710 1669 autem
768 1604 881 1668 illa
938 1608 1156 1668 metuo
1221 1625 1303 1670 ne
1362 1604 1614 1669 veriora
1676 1604 1835 1690 sint,
1896 1626 2017 1669 nos
2081 1626 2303 1669 omnes

289 1713 489 1776 paene
532 1692 662 1757 iam
708 1695 930 1776 captos
975 1713 1134 1777 esse,
1174 1690 1554 1776 Pompeium
1588 1690 1779 1757 Italia
1818 1693 2064 1777 cedere3
2112 1713 2301 1777 quem

209 1806 264 1847 15
291 1780 549 1864 quidem
615 1779 693 1867 (o
765 1801 901 1844 rem
973 1778 1331 1867 acerbaml)
1394 1780 1693 1865 persequi
1755 1778 1989 1845 Caesar
2052 1780 2301 1845 dicitur.

288 1867 595 1953 Persequi
640 1865 872 1933 Caesar
915 1866 1336 1952 Pompeium?
1393 1868 1590 1952 quid?
1644 1872 1719 1932 ut
1769 1868 2157 1933 interficiat?
2246 1866 2301 1932 Ο

287 1979 391 2024 me
434 1956 769 2022 miserum!
858 1954 950 2021 Et
992 1978 1127 2021 non
1180 1978 1401 2022 omnes
1452 1960 1679 2022 nostra
1723 1978 1994 2041 corpora
2038 1957 2304 2041 opponi-

288 2045 477 2110 mus‘?
567 2042 646 2111 In
692 2065 819 2129 quo
865 2048 941 2109 tu
987 2066 1244 2130 quoque
1287 2045 1673 2131 ingemiscis.
1747 2042 1871 2110 Sed
1917 2045 2072 2130 quid
2115 2045 2304 2111 facia-

289 2134 476 2198 mus‘?
564 2132 761 2218 Victi,
807 2135 1117 2218 oppressi,
1161 2133 1334 2217 capti
1379 2134 1569 2218 plane
1613 2154 1852 2198 sumus.

209 2248 262 2288 ιο
422 2222 567 2306 Ego
626 2224 846 2285 tamen
900 2220 1235 2285 Philotimi
1302 2221 1540 2286 litteris
1609 2220 1796 2286 lectis
1854 2220 2102 2286 mutavi
2160 2242 2305 2286 con-
2341 2238 2374 2287 2

291 2309 510 2374 silium
553 2309 632 2373 de
675 2309 1069 2374 mulieribus.
1148 2309 1338 2394 Quas,
1382 2314 1458 2374 ut
1503 2309 1880 2394 scripseram
1925 2310 2005 2373 ad
2047 2312 2134 2396 te,
2176 2308 2305 2373 Ro-

289 2420 462 2462 mam
507 2396 944 2483 remittebam3
1000 2398 1109 2462 sed
1155 2397 1316 2462 mihi
1359 2398 1537 2463 venit
1581 2398 1652 2462 in
1703 2401 1984 2463 mentem
2026 2397 2306 2462 multum

290 2486 429 2551 fore
492 2506 856 2551 sermonem
919 2507 1021 2550 me
1091 2485 1398 2550 iudicium
1468 2486 1596 2550 iam
1655 2485 1736 2550 de
1797 2507 1989 2550 causa
2048 2486 2306 2570 publica

290 2574 543 2660 fecisse3
589 2594 716 2658 qua
760 2572 1096 2657 desperata
1140 2573 1327 2657 quasi
1370 2573 1542 2639 hunc
1578 2574 1847 2659 gradum
1890 2573 2017 2639 mei
2059 2573 2303 2638 reditus

210 2686 263 2729 πε
292 2683 458 2748 esse,
511 2661 684 2746 quod
727 2661 1026 2727 mulieres
1080 2661 1512 2727 revertissent.
1601 2660 1701 2726 De
1755 2684 1857 2728 me
1902 2666 2118 2727 autem
2161 2663 2304 2746 ipso

289 2750 414 2814 tibi
443 2750 785 2834 adsentior,
817 2770 901 2814 ne
935 2772 1038 2814 me
1070 2748 1215 2814 dem
1251 2749 1532 2814 incertae
1569 2755 1635 2815 et
1670 2750 2064 2834 periculosae
2097 2751 2307 2836 fugae,

149 2895 158 2903 .
290 2860 436 2903 cum
479 2838 572 2903 rei
608 2837 903 2922 publicae
935 2837 1103 2901 nihil
1136 2836 1385 2921 prosim
1443 2837 1611 2901 nihil
1643 2836 1978 2922 Pompei03
2021 2859 2139 2922 pro
2178 2860 2307 2923 quo

292 2927 492 3078 etmori
507 3014 522 3028 .
537 2947 682 2990 cum
726 2926 831 3009 pie
875 2947 1142 3010 possum
1185 2928 1330 2991 tum
1371 2891 1686 2991 subenter.
1751 2925 2040 2991 ‘Manebo
2087 2926 2310 3013 igitur,

290 3036 326 3079 e
357 3036 414 3079 ει
459 3035 675 3079 vivere
729 3053 793 3060 —
808 3065 822 3079 .

210 3128 266 3169 so
427 3101 611 3179 Quod
656 3103 932 3188 quaeris,
974 3101 1084 3167 hic
1128 3101 1284 3186 quid
1330 3106 1579 3189 agatur,
1621 3105 1765 3167 tota
1809 3099 2029 3186 Capua
2073 3106 2140 3167 et
2177 3124 2308 3167 om-
2343 3119 2377 3168 8

290 3191 396 3255 nis
429 3190 538 3256 hic
573 3190 845 3256 dilectus
880 3190 1071 3275 iacet3
1119 3191 1456 3275 desperata
1489 3211 1593 3255 res
1630 3194 1748 3277 est,
1792 3191 1863 3255 in
1896 3191 2053 3276 fuga
2089 3211 2307 3256 omnes

292 3283 462 3363 sunt,
505 3278 635 3343 nisi
680 3278 793 3363 qui
841 3279 995 3343 deus
1041 3278 1298 3364 iuverit,
1342 3282 1418 3343 ut
1460 3277 1806 3363 Pompeius
1850 3278 2013 3343 istas
2057 3276 2308 3343 Domiti

289 3368 505 3451 copias
568 3388 715 3432 cum
788 3367 924 3431 suis
998 3367 1366 3452 coniungat.
1467 3363 1594 3432 Sed
1654 3366 2031 3431 videbamur
2093 3368 2308 3431 omnia

288 3454 485 3521 biduo
529 3455 827 3520 triduove
873 3455 1114 3520 scituri.
1199 3452 1491 3520 Caesaris
1535 3455 1900 3519 litterarum
1945 3455 2307 3538 exemplum

205 3568 259 3610 85
287 3543 413 3608 tibi
469 3543 645 3628 misi3
703 3564 967 3628 rogaras
1027 3543 1214 3608 enim.
1305 3541 1427 3607 Cui
1484 3564 1605 3608 nos
1649 3543 1834 3607 valde
1889 3542 2049 3606 satis
2099 3543 2307 3606 facere
