2642 3923
648 213 1160 268 EPISTULARUM
1197 214 1297 267 AD
1334 214 1639 269 BRUTUM
1674 215 1701 268 1
1738 222 1892 269 3-4.
2143 214 2275 278 525

257 357 518 444 occidit,
581 379 727 421 cum
791 357 1012 439 paucis
1077 357 1301 421 diebus
1367 361 1513 421 ante
1577 378 1810 443 magno
1875 358 2121 442 proelio
2185 358 2274 422 vi-

257 446 466 512 cisset.
558 444 730 511 Nam
773 444 984 510 Pansa
1029 447 1284 530 fugerat
1330 446 1702 511 vulneribus
1751 447 2025 530 acceptis
2038 499 2056 532 ,
2113 467 2274 529 quae

256 534 422 599 ferre
464 556 597 598 non
634 534 867 618 potuit.
949 533 1281 617 Reliquias
1329 532 1616 598 hostium
1663 534 1905 598 Brutus
1951 535 2274 619 persequi-

258 627 368 687 tur
441 627 506 688 et
578 620 826 687 Caesar.
934 621 1175 686 Hostes
1241 626 1456 686 autem
1522 645 1741 687 omnes
1806 622 2097 707 iudicati,
2163 623 2274 706 qui

204 738 230 778 5
257 710 342 775 M.
402 710 650 775 Antoni
720 714 959 775 sectam
1030 710 1231 774 secuti
1301 715 1479 794 sunt,
1553 711 1742 795 idque
1813 715 2072 776 senatus
2132 732 2276 775 con-

261 799 504 863 sultum
547 799 839 883 plerique
881 799 1394 883 interpretantur
1430 799 1624 863 etiam
1662 799 1743 864 ad
1777 804 1925 863 tuos
1965 800 2100 865 sive
2134 821 2274 882 cap-

260 888 429 952 tivos
472 888 605 952 sive
650 886 982 952 dediticios
1027 887 1362 971 pertinere.
1435 887 1753 971 Equidem
1803 888 1967 951 nihil
2004 886 2275 951 disserui

236 976 509 1061 durius,
578 997 723 1040 cum
786 975 1171 1040 nominatim
1235 975 1311 1038 de
1381 971 1449 1040 C.
1507 976 1791 1040 Antonio
1858 976 2275 1061 decernerem,

261 1064 430 1147 quod
485 1065 577 1129 ita
633 1067 1010 1147 statueram,
1067 1087 1105 1127 a
1157 1068 1223 1128 te
1267 1083 1650 1147 cognoscere
1697 1085 1952 1128 causam
1997 1065 2133 1129 eius
2180 1086 2273 1128 33-

177 1181 231 1220 10
259 1157 483 1216 natum
529 1157 842 1236 oportere.
939 1152 1012 1217 V.
1047 1150 1126 1216 Κ.
1165 1151 1387 1215 Maias.

1207 1326 1318 1393 IV.

478 1450 591 1505 Ser.
621 1450 905 1521 Dyrrachi
937 1451 1051 1503 III
1078 1455 1178 1503 aut
1204 1449 1355 1517 prid.
1384 1449 1471 1503 Id.
1504 1448 1650 1503 Mai.
1680 1467 1731 1502 a.
1763 1452 1866 1503 711
1907 1453 2044 1517 (43).

841 1570 1125 1626 BRUTUS
1164 1569 1504 1625 CICERONI
1540 1570 1687 1625 SAL.

395 1680 648 1757 Quanta
702 1680 824 1743 sim
878 1678 1127 1744 laetitia
1181 1679 1465 1744 adfectus
1526 1679 1802 1764 cognitis
1848 1681 2041 1744 rebus
2086 1680 2277 1745 Bruti
2316 1701 2337 1746 1

179 1797 232 1838 15
259 1770 469 1834 nostri
524 1773 589 1833 et
643 1767 995 1852 consulum,
1052 1768 1305 1831 facilius
1354 1771 1451 1831 est
1497 1767 1619 1831 tibi
1667 1767 2034 1832 existimare
2080 1791 2274 1852 quam

258 1858 421 1922 mihi
487 1857 779 1921 scribere.
873 1854 1036 1920 Oum
1101 1856 1227 1920 alia
1279 1855 1472 1918 laudo
1529 1859 1594 1919 et
1653 1857 1897 1939 gaudeo
1954 1857 2275 1945 accidisse,

257 1951 398 2012 tum
445 1945 614 2047 quod
661 1944 852 2009 Bruti
866 1944 1149 2046 eruptio
1196 1966 1329 2008 non
1374 1943 1584 2008 solum
1628 1944 1757 2027 ipsi
1795 1945 2096 2010 salutaris
2131 1946 2274 2031 fuit,

259 2036 370 2100 sed
441 2034 635 2099 etiam
712 2033 991 2098 maximo
1056 2033 1137 2098 ad
1199 2032 1534 2098 victoriam
1597 2033 1982 2098 adiumento.
2092 1998 2275 2110 Quod
2310 2054 2341 2101 2

259 2123 486 2189 scribis
549 2122 711 2186 mihi
763 2123 962 2186 trium
1017 2121 1451 2186 Antoniorum
1510 2143 1703 2185 unam
1758 2125 1951 2205 atque
2010 2122 2273 2187 eandem

176 2241 231 2280 20
259 2234 515 2276 causam
559 2232 722 2295 esse3
777 2210 931 2293 quid
977 2231 1095 2294 ego
1143 2211 1436 2295 sentiam,
1479 2210 1606 2273 mei
1653 2210 1873 2274 iudicii
1918 2232 2083 2276 3333·
2148 2217 2273 2276 313-

260 2305 373 2364 1110
409 2299 574 2363 nihil
609 2299 736 2363 nisi
771 2298 911 2382 hoc,
949 2302 1207 2362 senatus
1246 2302 1358 2361 aut
1393 2298 1628 2381 populi·
1654 2296 1932 2362 Romani
1968 2299 2273 2364 iudicium

260 2410 396 2452 esse
440 2388 518 2452 de
562 2387 644 2451 iis
682 2387 947 2470 civibuS,
993 2387 1105 2471 qui
1139 2390 1501 2470 pugnantes
1538 2408 1671 2449 non
1705 2387 2083 2452 interierint.
2159 2388 2276 2453 At

257 2477 381 2542 hoc
432 2475 690 2561 ipsum’,
745 2475 1026 2559 inquies,
1081 2474 1341 2575 ‘inique-
1367 2475 1555 2559 faciS,
1614 2476 1725 2558 qui
1770 2475 2029 2539 hostilis
2077 2477 2272 2541 animi

257 2566 327 2630 in
380 2586 517 2629 rem
561 2564 885 2648 publicam
940 2562 1230 2627 homines
1287 2563 1456 2627 cives
1505 2563 1803 2646 appelles.
1810 2563 1830 2590 '
1918 2563 2124 2629 Immo
2180 2566 2274 2629 iu-

178 2679 231 2720 35
260 2654 558 2717 3113311113.
633 2651 818 2728 Quod
863 2651 1032 2715 3111111
1076 2651 1360 2715 nondum
1408 2656 1665 2715 senatus
1713 2653 1959 2717 censuit
2002 2674 2120 2717 nec
2165 2676 2272 2736 po·

259 2741 450 2827 pulus
503 2739 834 2805 Romanus
887 2739 1106 2826 iussit,
1164 2739 1230 2803 id
1285 2740 1668 2824 adroganter
1718 2762 1851 2805 non
1911 2742 2272 2823 praeiudico

258 2850 466 2914 neque
517 2850 743 2893 revoco
797 2829 876 2892 ad
922 2828 1262 2892 arbitrium
1307 2851 1535 2892 meum.
1627 2826 1797 2892 Illud
1843 2830 2097 2912 quidem
2141 2853 2273 2895 non

261 2922 441 2982 muto
451 2969 469 3002 ,
516 2917 688 3000 quod
733 2917 810 3002 ei,
856 2938 1046 3000 quem
1090 2938 1193 2980 me
1239 2916 1525 2981 occidere
1568 2938 1671 2980 res
1718 2938 1848 2981 non
1894 2917 2123 3002 coegit,
2168 2941 2274 2982 ne-

262 3028 385 3090 que
441 3005 780 3069 crudeliter
835 3004 1176 3089 quicquam
1231 3004 1438 3087 eripui
1493 3026 1701 3088 neque
1746 3006 2057 3070 dissolute
2104 3008 2274 3090 quic-

179 3123 232 3161 30
261 3116 455 3178 quam
497 3093 716 3157 remisi
759 3092 1083 3176 habuique
1118 3093 1190 3157 in
1225 3115 1367 3156 mea
1403 3098 1741 3179 potestate,
1786 3095 1996 3177 quoad
2032 3094 2274 3159 bellum

259 3183 401 3247 fuit.
473 3181 683 3246 Multo
733 3181 1025 3265 equidem
1067 3181 1403 3246 honestius
1449 3181 1679 3266 iudico,
1722 3183 2057 3266 magisque
2102 3183 2274 3266 quod

258 3271 597 3336 concedere
640 3271 848 3354 possit
894 3291 994 3333 res
1039 3270 1314 3354 publica,
1358 3270 1742 3335 miserorum
1779 3271 2107 3334 :fortunam
2141 3293 2272 3335 non

246 3359 558 3424 insectari
613 3381 807 3442 quam
859 3358 1110 3422 infinite
1165 3358 1450 3422 tribuere
1506 3358 1879 3441 potentibus
1891 3409 1909 3442 ,
1965 3379 2127 3441 quae
2172 3381 2272 3423 cu-

258 3448 596 3532 piditatem
651 3451 715 3511 et
771 3446 1214 3531 adrogantiam
1270 3467 1450 3511 moen
1459 3445 1605 3509 dere
1658 3447 1928 3530 possint.
2022 3445 2161 3522 Qua
2204 3448 2273 3511 in
2311 3466 2340 3510 3

178 3560 232 3604 85
259 3559 346 3620 re,
393 3534 633 3621 Cicero,
679 3536 777 3599 vir
825 3535 1069 3618 optime
1105 3540 1298 3618 atque
1335 3534 1682 3598 fortissime
1718 3532 2005 3615 mihique
2040 3535 2272 3600 merito
