2642 3923
333 185 549 241 CXLVI
979 185 1400 241 ADNOTATIO
1439 152 1723 240 CRJTICA

332 358 398 367 —
436 327 515 382 Ib.
552 327 659 382 Dii
691 328 851 383 Boot.
916 327 1004 380 Ad
1040 345 1094 396 p.
1124 332 1245 380 460.
1278 333 1366 380 17.
1411 358 1476 367 -
1524 334 1590 381 12
1611 344 1692 396 sq.
1729 330 1913 397 flentes
1947 359 2017 369 —
2044 328 2347 397 probabam

331 401 490 451 extra
533 398 788 468 parenth.
835 398 1052 466 Baiter,
1172 398 1321 451 rrell.
1389 398 1478 452 Ad
1513 417 1566 467 p.
1600 404 1682 452 16.
1714 404 1798 453 14.
1850 429 1909 439 -
1962 404 2029 452 18
2074 400 2242 452 miras
2286 399 2347 452 in

330 470 467 522 miro
493 472 629 523 mut.
657 469 799 522 mire
817 468 1101 522 Baehrens
1166 468 1327 523 atull.
1358 474 1424 523 68
1437 467 1480 522 b.
1505 473 1605 522 105
1635 469 1776 538 (Hp.
1799 472 1939 539 532).
1976 469 2067 524 Ad
2127 510 2140 522 .
2164 474 2282 522 182.
2295 475 2347 524 9.

328 570 399 579 —-
435 546 504 593 20
540 542 806 608 speciosas
841 556 948 593 om.
986 538 1268 607 Wesenb.,
1307 539 1437 593 secl.
1475 538 1685 606 Baiter,
1721 540 1880 606 Boot,
1918 487 2153 608 Tymffi,
2182 557 2345 608 proe-

328 611 522 678 cipuas
564 609 851 664 Lehmann
896 608 1149 674 Quaestt.
1194 628 1249 678 p.
1282 615 1400 664 135.
1451 642 1518 650 -
1576 615 1644 663 26
1680 616 1743 664 ut
1780 609 2008 666 ZORPI.
2030 629 2078 664 v.
2099 628 2144 664 c.
2184 611 2347 679 (Leh-

328 698 497 734 mann
532 680 651 735 Att.
687 699 743 751 p.
774 687 867 748 35,
906 687 992 748 90,
1029 685 1115 748 98,
1154 683 1294 749 140),
1332 679 1613 749 Wesenb.,
1648 679 1809 749 Boot,
2025 680 2101 748 M,
2136 680 2350 748 Baiter,

327 750 561 819 Tyrrell.
608 783 675 805 —-.
730 757 798 805 28
842 758 894 806 et
930 751 1118 807 Cassio
1165 751 1295 805 add.
1325 750 1579 805 Lambin.
1607 769 1748 834 mrg.
1869 768 1942 822 go
1979 767 2093 805 non
2128 750 2346 820 dubito,

327 821 896 962 snppsssssfflzrt·
921 853 998 947 f
1023 820 1786 948 333..10...-......
1813 822 1885 945 ᾖ
1899 822 2345 963 penses.-

326 962 608 1032 Wesenb.,
644 964 804 1030 Boot,
841 962 1059 1031 Tyn-cll
1095 962 1329 1017 soloece.
1366 993 1437 1003 —
1475 968 1507 1017 3
1536 979 1709 1031 prope
1745 962 1967 1030 addidi,
2018 979 2124 1017 om.
2164 964 2344 1032 codd,

327 1033 494 1103 vulg„
549 1035 612 1087 in
657 1031 899 1100 Cori-ad„
944 1033 1206 1088 Wesenb.
1252 1064 1324 1074 —
1372 1039 1438 1086 10
1557 1034 1581 1086 i
1623 1040 1753 1088 sum
1795 1033 1985 1100 Klotz,
2030 1035 2225 1104 quiqui
2265 1034 2343 1102 M,

326 1106 423 1173 qui
459 1105 695 1159 Casilini
729 1111 779 1160 et
816 1103 1063 1158 Galatiae
1096 1110 1227 1158 sunt
1260 1102 1410 1174 vulg.
1423 1146 1437 1171 ,
1541 1104 1700 1171 aiter,
1737 1102 2018 1172 Wesenb.,
2053 1105 2344 1160 Andresen

329 1191 414 1244 ep.
455 1175 552 1228 sel.
584 1174 634 1229 V
663 1181 747 1242 12,
783 1174 819 1245 †
838 1176 1031 1244 quiqui
1077 1174 1313 1229 Casilini
1346 1181 1477 1229 sunt
1512 1181 1563 1229 et
1599 1174 1845 1229 Galatiae
1880 1175 2024 1229 Boot
2061 1175 2344 1230 ‘Fortasse

329 1244 711 1300 scribendum:
750 1248 845 1314 qui
880 1246 1095 1315 quidem
1133 1245 1254 1299 Cas.
1292 1252 1424 1300 smtt
1457 1252 1507 1300 et
1536 1244 1694 1300 Gal).
1723 1275 1793 1286 -
1823 1250 1886 1298 17
1925 1247 2007 1301 vel
2039 1263 2155 1301 non
2189 1247 2345 1316 lonys

326 1334 364 1371 a
416 1316 610 1385 Capua
655 1315 873 1370 delend.
923 1317 1115 1369 censet
1159 1312 1220 1370 Ο.
1241 1314 1303 1369 Ε.
1345 1314 1602 1369 Schmidt
1652 1314 1852 1369 Philol.
1885 1322 2022 1370 1896
2057 1334 2111 1386 p.
2144 1322 2245 1370 704
2283 1321 2345 1371 et

328 1392 447 1440 715.
527 1386 711 1440 Multa
756 1388 891 1440 sunt
932 1384 1213 1455 exempla,
1261 1385 1467 1454 quibus
1503 1384 1771 1456 probetur
1803 1402 1916 1440 non
1953 1386 2135 1441 solum
2168 1387 2228 1440 in
2265 1388 2339 1455 M,

327 1458 427 1511 sed
473 1456 647 1511 etiam
698 1456 760 1510 in
794 1459 898 1510 ΣΔ
952 1456 1161 1511 omissa
1217 1472 1340 1510 esse
1395 1456 1590 1524 verba,
1647 1457 1748 1511 sed
1800 1456 2018 1511 nullum
2062 1458 2344 1528 insignius

325 1526 466 1580 mihi
510 1527 731 1581 videtur
774 1542 944 1596 qnam
987 1527 1109 1582 hoc.
1193 1526 1259 1581 V.
1297 1526 1588 1581 Lehmann
1622 1527 1740 1581 Att.
1770 1546 1825 1597 p.
1857 1533 1950 1596 78,
1989 1533 2082 1595 98,
2122 1534 2239 1583 125.
2324 1530 2346 1602 Η

396 1598 467 1653 Ρ.
505 1597 643 1652 506.
687 1604 717 1652 2
773 1599 1049 1663 veniam,
1108 1615 1188 1652 an
1236 1598 1327 1652 hic
1380 1615 1653 1653 maneam
1701 1597 1962 1652 Wesenb.
2053 1599 2145 1653 Ad
2186 1598 2343 1654 Verr.

325 1686 378 1737 p.
412 1673 528 1721 196.
542 1673 626 1722 32.
675 1698 746 1710 -
792 1673 824 1721 3
852 1669 889 1738 †
907 1668 1155 1735 Romam,
1183 1684 1317 1721 nam
1349 1667 1519 1722 ‘nude
1545 1668 1779 1723 Romam
1805 1685 1837 1723 e
1869 1669 2144 1738 superiori
2172 1687 2342 1738 quae·

328 1737 508 1792 stione
535 1753 700 1808 posse
725 1738 922 1809 reponi
950 1738 1138 1808 nego’,
1165 1738 1355 1807 inquit
1379 1739 1536 1792 Boot.
1602 1735 1808 1804 ‘Quare
1835 1740 2089 1822 suspicor
2113 1741 2347 1795 verbum

326 1808 600 1863 excidisse
651 1812 719 1863 ut
761 1810 930 1876 malo,
995 1809 1147 1877 quod
1192 1813 1326 1863 ante
1370 1809 1604 1864 Romam
1649 1825 1687 1862 a
1730 1809 1976 1864 librariis
2022 1811 2344 1881 neglectum

325 1879 565 1933 fortasse
601 1879 662 1933 in
708 1882 900 1951 fuqam
936 1880 1054 1934 cod.
1093 1878 1193 1933 ΜΖ
1230 1896 1333 1949 pro
1377 1881 1414 1947 f
1492 1881 1503 1893 ‘
1577 1881 1721 1935 malo
1766 1880 1949 1935 latet)
1990 1913 2060 1923 —
2098 1887 2164 1935 15
2199 1884 2345 1937 nihil

326 1950 451 2005 edd.
472 1953 696 2021 praeter
712 1950 1001 2005 Baiterum
1024 1949 1263 2020 (Tyn-eil
1285 1967 1316 2005 e
1360 1993 1373 2005 .
1394 1949 1444 2004 V
1522 1949 1696 2005 -XV
1709 1951 1958 2006 nondum
1976 1952 2194 2022 edidit).
2252 1954 2347 2007 Ad

324 2040 377 2091 p.
391 2028 456 2075 17
462 2027 509 2075 3.
522 2028 605 2076 26.
619 2054 686 2062 -
709 2027 775 2075 18
787 2022 851 2076 Si
869 2038 973 2075 om.
996 2022 1071 2089 M,
1089 2021 1299 2089 Baiter,
1318 1969 1532 2076 {abent
1544 2022 1788 2091 vc.‚Z¹‘,l,
1800 2040 1838 2088 c,
1852 2022 2185 2091 (LehmAtt.
2200 2028 2342 2094 125),

324 2110 436 2147 non
461 2095 569 2148 sic.
604 2094 829 2148 Firmas
850 2092 1100 2161 ‘scripsit
1125 2089 1336 2159 Cicero,
1363 2093 1513 2147 unde
1541 2092 1756 2146 factum
1782 2093 1841 2147 in
1861 2093 1899 2146 Z
1918 2094 1984 2160 si,
2013 2094 2166 2160 quod
2191 2095 2346 2148 male

322 2162 556 2231 reliquis
592 2163 774 2217 verbis
813 2163 1057 2216 additur.
1131 2162 1225 2218 Sic
1260 2163 1471 2216 dicitur
1502 2179 1604 2233 pro
1642 2164 1792 2230 adeo,
1830 2164 2005 2218 valde’
2044 2163 2201 2217 Boot.
2252 2165 2342 2218 Ad

321 2252 375 2302 p.
390 2240 509 2287 443.
524 2240 605 2287 20.
643 2264 714 2274 —
767 2238 832 2287 19
880 2240 929 2288 et
974 2233 1081 2287 del.
1129 2233 1298 2300 Boot;
1341 2233 1460 2288 ‘cur
1497 2233 1837 2301 deleverim',
1874 2233 2086 2301 inquit,
2136 2235 2343 2303 ‘nem0,

324 2304 423 2371 qui
469 2301 748 2358 Ciceronis
795 2321 959 2358 usum
1003 2303 1183 2371 novit,
1230 2321 1344 2358 non
1387 2303 1583 2358 videt'.
1667 2304 1894 2358 Scilicet
1927 2322 2102 2358 unum
2142 2305 2345 2360 vitium

324 2374 563 2428 alterum
591 2374 779 2428 traxit.
811 2406 878 2415 —
908 2379 975 2428 28
995 2391 1075 2443 sq.
1111 2381 1410 2429 statueram
1439 2406 1504 2415 —
1534 2375 1766 2429 Romam
1794 2378 1915 2428 etv.
1940 2381 2006 2428 33
2028 2392 2109 2444 sq.
2138 2394 2345 2447 mayna

322 2446 466 2499 enim
483 2463 567 2500 res
583 2452 661 2500 est
687 2445 747 2498 in
771 2445 1029 2515 parenth.
1053 2445 1331 2510 Wesenb.,
1345 2446 1504 2500 Boot.
1542 2445 1632 2499 Ad
1649 2463 1703 2514 p.
1719 2451 1801 2500 16.
1817 2450 1899 2499 14.
1920 2478 1990 2486 -—
2010 2451 2078 2500 30
2107 2446 2345 2502 Ver-tam

324 2515 602 2582 Wesenb.,
640 2515 796 2586 prob.
840 2515 999 2571 Boot.
1046 2547 1114 2556 —
1161 2522 1227 2569 31
1269 2516 1602 2571 Minna-nis
1639 2516 1764 2569 edd.
1829 2516 1920 2569 Ad
1945 2522 2230 2586 p.130.32.
2323 2519 2341 2588 Η

392 2586 463 2642 Ρ.
493 2586 629 2642 507.
658 2592 693 2640 4
728 2604 756 2642 e
791 2586 1124 2642 Sinuessano
1160 2585 1421 2641 Wesenb.
1483 2584 1548 2639 V.
1589 2587 1664 2639 ad
1698 2603 1752 2655 p.
1776 2591 1957 2643 77.15.
2013 2618 2082 2627 -
2135 2592 2201 2641 12
2239 2589 2342 2641 mi-

319 2659 506 2713 niatas
539 2657 746 2711 Baiter.
800 2688 873 2698 —
928 2663 995 2712 13
1031 2664 1155 2712 asta
1191 2674 1256 2711 ea
1282 2657 1385 2723 M¹,
1423 2656 1639 2711 Gurlitt
1663 2656 1807 2710 Phil.
1841 2662 1978 2712 1898
2006 2675 2058 2726 p.
2079 2662 2183 2711 403
2197 2674 2341 2725 sqq.,

321 2745 447 2782 cum
474 2743 636 2783 cruce
664 2728 807 2795 edd.,
834 2728 995 2783 hasta
1020 2746 1086 2783 ea
1111 2727 1214 2795 Μ’,
1241 2727 1329 2781 Fr.
1351 2727 1607 2781 Schmidt
1630 2745 1714 2797 pr.
1725 2727 1914 2782 Wurc.
1929 2733 2064 2781 1892
2092 2746 2146 2797 p.
2160 2733 2227 2781 32
2239 2745 2341 2796 sq.,

319 2799 353 2851 i.
378 2815 422 2853 e.
454 2797 644 2870 ὀβελὸς
679 2795 1137 2869 περιεστιγμένος,
1192 2805 1304 2853 aste
1338 2800 1461 2866 (aut
1497 2801 1601 2857 ast)
1638 2798 1695 2865 Z,
1758 2799 1999 2853 Asturae
2034 2796 2092 2864 C,
2151 2800 2230 2855 At
2263 2802 2345 2854 st!

317 2868 536 2938 Bosius,
589 2887 627 2924 a
651 2868 840 2923 Fadia
866 2867 1139 2937 Lambin„
1167 2868 1399 2939 Madvig
1423 2865 1561 2922 Adv.
1579 2869 1655 2921 HI
1678 2886 1733 2938 p.
1748 2873 1867 2936 192,
1921 2868 2079 2923 Heus
2109 2876 2171 2923 tu
2199 2870 2341 2926 coni.

317 2939 477 3006 Boot,
537 2939 609 2995 ab
644 2940 753 2994 ista
789 2936 918 2994 obs.
947 2958 1001 3009 p.
1016 2945 1102 3006 62,
1156 2957 1190 2994 a
1230 2938 1391 2994 Staia
1424 2938 1713 2993 Lehmnmn
1752 2938 2027 2993 ‘Jahrcsn
2058 2940 2156 2993 des
2201 2940 2343 3010 phil.

326 3009 574 3064 Vereins'
607 3014 745 3064 1888
772 3027 825 3079 p.
858 3015 977 3065 286.
1009 3041 1078 3051 -
1116 3016 1182 3064 16
1210 3012 1402 3079 φαλλῷ
1431 3009 1646 3064 Gurlitt
1669 3009 1815 3065 Phil.
1836 3014 1974 3064 1898
2004 3027 2059 3079 p.
2080 3015 2187 3063 404
2202 3028 2344 3079 sqq.,

317 3081 463 3135 vallo
500 3080 686 3147 codd,
724 3080 942 3148 Baiter,
982 3098 1108 3134 cum
1147 3096 1308 3135 cruce
1344 3080 1635 3147 Wesenb.,
1672 3080 1833 3147 Boot,
1867 3081 1999 3146 velo,
2035 3080 2176 3146 sillo,
2211 3083 2345 3150 sale,

317 3149 499 3223 ὕθλῳ,
535 3149 702 3233 ῧλλῳ,
737 3152 888 3219 selle,
925 3152 1055 3218 bile,
1099 3152 1276 3206 libello
1315 3150 1430 3205 alii.
1469 3182 1538 3192 —
1578 3157 1644 3206 19
1681 3151 1882 3275 †guod
1917 3148 2200 3218 Wesenb.,
2238 3169 2347 3221 quo

315 3222 528 3289 fuerint
562 3220 651 3275 illi
677 3222 792 3276 III
807 3223 918 3277 viri
942 3222 983 3275 I.
1004 3222 1091 3275 Fr.
1116 3221 1372 3290 Gronov„
1406 3238 1519 3276 non
1545 3222 1702 3292 prob.
1778 3224 1890 3275 oot.
1921 3252 1990 3262 —
2018 3226 2088 3276 20
2116 3224 2342 3288 moriar,

316 3293 430 3350 nisi
464 3293 635 3359 tacete
668 3291 730 3346 in
765 3293 1023 3362 parenth.
1062 3291 1343 3359 Wesenb.,
1381 3292 1539 3347 Boot.
1576 3292 1696 3348 ,Ad
1729 3308 1785 3361 p.
1806 3298 1985 3346 16.14.
2026 3323 2095 3333 -
2141 3297 2209 3346 33
2255 3294 2342 3345 in-

316 3363 698 3433 dignissimum
725 3370 803 3418 est
827 3362 916 3430 Zb,
954 3366 1087 3419 vett.
1112 3364 1256 3432 edd.,
1283 3363 1445 3432 Boot,
1483 3364 1771 3434 imdiym'us
1797 3380 1903 3418 esse
1921 3363 1997 3429 M,
2027 3380 2152 3416 cum
2180 3379 2345 3416 cruce

316 3433 527 3500 Baiter,
563 3434 1214 3505 nonneindiqnissimum
1240 3442 1317 3488 est
1341 3433 1616 3503 Lambin,
1648 3432 1908 3489 Wesenb.
1973 3437 1994 3502 ss
2055 3433 2126 3487 P.
2152 3432 2288 3488 508.
2308 3440 2343 3486 4

313 3504 551 3559 Librum
596 3504 754 3560 illwm
799 3521 975 3562 meum
1016 3507 1213 3572 (meum
1256 3506 1435 3575 illum)
1482 3504 1611 3559 add.
1654 3507 1786 3560 ante
1814 3521 1847 3561 o
1878 3505 1999 3559 Tite
2034 3521 2080 3573 c,
2108 3503 2147 3571 1,
2176 3503 2232 3569 Ζ,
2272 3503 2345 3557 L²
