2642 3923
612 197 1121 252 EPISTULARUM
1156 199 1256 252 AD
1294 198 1621 253 ATTICUM
1657 198 1760 252 XV
1796 208 1846 266 4,
1883 205 1977 254 4a.
2157 198 2289 262 469

271 340 496 426 Egone
541 344 614 404 ut
662 363 801 405 eam
846 363 1121 426 causam,
1168 364 1360 425 quam
1406 343 1463 405 is
1510 342 1810 425 scripsit?
1857 349 1997 426 ego'
2016 342 2289 406 scribam

270 451 400 493 non
446 433 711 512 rogatus
758 430 839 493 ab
888 430 1007 493 eo?
1096 430 1296 494 Nulla
1341 435 1843 514 παρεγχείρησις
1888 430 2028 494 fieri
2074 433 2291 513 potest

271 517 809 581 contumeliosior.
906 516 1058 599 ‘At’,
1113 519 1355 602 inquis,
1406 519 1930 599 “Ηρακλει’δειον
1988 517 2289 601 aliquod?

270 604 421 669 Non
475 627 697 669 recuso
761 606 828 669 id
894 607 1178 692 quidem,
1243 607 1354 671 sed
1419 612 1482 670 et
1544 607 2050 690 componendum
2105 627 2288 690 argu-

218 718 242 758 5
269 698 558 757 mentum
622 697 720 757 est
793 697 856 757 et
916 694 1230 758 scribendi
1294 695 1788 778 exspectandum
1848 699 2101 777 tempus
2161 717 2289 757 ma-

270 782 495 845 turius
587 782 764 846 Licet
812 782 979 845 enim
1025 783 1101 846 de
1146 804 1273 867 me,
1327 786 1402 846 ut
1447 783 1635 867 libet,
1689 783 2016 847 existimes
2065 781 2289 868 (velim

271 871 527 953 quidem
575 891 766 953 quam
812 869 1108 955 optime),
1164 871 1220 934 si
1256 834 1421 934 llaec
1466 871 1559 934 ita
1602 876 1895 955 manant,
1953 874 2028 933 ut
2076 870 2289 934 viden-

270 962 377 1021 tur
432 956 652 1043 (force,
707 958 876 1059 quod
923 956 1184 1045 dicam),
1229 981 1333 1022 me
1385 958 1537 1022 Idus
1593 958 1864 1023 Martiae
1916 980 2050 1022 non
2094 958 2289 1022 delec-

267 1050 426 1110 tant.
518 1043 636 1110 Ille
681 1047 851 1113 enim
904 1068 1257 1130 numquam
1301 1048 1696 1131 revertisset,
1740 1069 1861 1111 nos
1906 1047 2103 1110 timor
2146 1068 2290 1111 con-

195 1162 243 1198 ιο
269 1134 523 1198 firmare
567 1134 702 1198 eius
748 1139 889 1198 acta
931 1157 1063 1198 non
1099 1136 1431 1221 coegisset,
1476 1140 1606 1220 aut,
1651 1139 1726 1199 ut
1770 1136 1840 1199 in
1885 1132 2103 1199 Saufei
2149 1156 2288 1198 eam

266 1223 749 1306 relinquamque
821 1221 1211 1287 Tusculanas
1283 1187 1781 1309 disputationes,
1853 1222 1931 1286 ad
1995 1245 2153 1307 quas
2215 1226 2290 1285 tu

269 1311 463 1374 etiam
515 1310 890 1375 Vestorium
951 1311 1260 1397 hortaris,
1324 1312 1417 1376 ita
1480 1312 1752 1396 gratiosi
1816 1333 2066 1376 eramus
2122 1311 2289 1393 apud

267 1399 478 1484 illum,
532 1420 717 1482 quem
766 1399 832 1462 di
885 1403 1213 1463 mortuum
1266 1400 1594 1482 perduint!
1651 1404 1725 1463 ut
1768 1403 2028 1464 nostrae
2074 1400 2289 1485 aetati,

269 1488 572 1569 quoniam
649 1487 985 1551 interfecto
1058 1488 1316 1551 domino
1377 1488 1565 1551 liberi
1636 1509 1769 1552 11011
1836 1510 2056 1551 sumus
2067 1539 2084 1572 ,
2157 1509 2291 1550 non

192 1599 241 1640 ιε
267 1574 463 1639 fuerit
509 1574 806 1638 dominus
850 1575 959 1638 ille
995 1575 1353 1659 fugiendus.
1444 1574 1691 1661 Rubeo,
1736 1576 1896 1640 mihi
1932 1576 2131 1659 crede,
2178 1576 2289 1639 sed

267 1663 396 1725 iam
442 1663 846 1746 scripseram3
893 1663 1101 1726 delere
1144 1663 1341 1727 nolui.

398 1748 496 1813 De
567 1749 937 1814 Menedemo
1013 1750 1239 1814 vellem
1311 1773 1533 1815 verum
1595 1752 1851 1836 fuisset,
1926 1752 2003 1816 de
2066 1753 2289 1837 regina
2323 1769 2356 1815 4

267 1837 459 1902 velim
504 1859 726 1901 verum
774 1838 875 1902 sit.
968 1836 1195 1903 Cetera
1250 1861 1491 1925 coram,
1547 1844 1611 1903 et
1657 1841 1930 1903 maxime
1977 1841 2133 1924 quid
2174 1862 2287 1904 no-

270 1925 423 1990 stris
487 1926 846 1991 faciendum
909 1927 1022 2013 sit,
1087 1927 1242 2011 quid
1301 1928 1496 1991 etiam
1557 1928 1776 2014 nobis,
1850 1928 1905 1993 si
1962 1928 2285 1994 Antonius

189 2042 242 2081 ρο
267 2015 585 2078 militibus
635 2015 1011 2079 obsessurus
1058 2020 1157 2080 est
1204 2025 1512 2080 senatum.
1604 2016 1787 2081 Hanc
1843 2018 2184 2100 epistulam
2231 2018 2288 2082 si

266 2103 441 2167 illius
505 2103 842 2168 tabellario
908 2104 1246 2188 dedissem,
1310 2105 1552 2168 veritus
1617 2128 1786 2187 sum,
1849 2128 1929 2169 ne
1995 2106 2285 2170 solveret.

264 2190 492 2274 Itaque
536 2192 684 2255 misi
730 2192 958 2257 dedita.
1049 2192 1213 2256 Erat
1260 2194 1432 2256 em'm
1478 2193 1953 2257 rescribendum
1997 2195 2146 2258 tuis,

1198 2331 1294 2397 IV
1304 2357 1357 2397 a.

583 2435 694 2490 Ser.
724 2437 789 2489 in
828 2436 1141 2491 Tusculano
1187 2436 1278 2489 VI
1307 2436 1380 2490 K.
1411 2438 1539 2491 Ium.
1579 2455 1632 2492 a.
1664 2441 1772 2492 710
1811 2440 1948 2506 (44).

184 2534 236 2574 25
869 2523 1159 2579 CICERO
1194 2524 1483 2578 ATTICO
1519 2525 1683 2579 SAL.

397 2630 603 2705 Quam
630 2631 858 2695 vellem
886 2631 1091 2695 Bruto
1130 2632 1415 2696 studium
1454 2637 1639 2695 tuum
1674 2655 1907 2697 navare
1935 2635 2282 2717 potuisses!
2304 2651 2362 2703 (5)

264 2717 408 2819 Ego
456 2719 658 2802 igitur
704 2719 785 2782 ad
828 2740 974 2783 eum
1018 2720 1287 2785 litteras,
1381 2720 1486 2784 Ad
1531 2720 1935 2785 Dolabellam
1986 2721 2285 2786 Tironem

266 2807 412 2869 misi
457 2828 600 2870 cum
646 2807 963 2872 mandatis
1013 2812 1077 2871 et
1129 2808 1386 2872 litteris
1458 2808 1630 2872 Eum
1668 2809 1748 2872 ad
1792 2814 1857 2874 te
1897 2810 2156 2874 vocabis
2201 2815 2284 2896 et,

267 2895 321 2957 si
387 2894 541 2978 quid
605 2894 892 2981 habebis,
944 2897 1115 2979 quod
1174 2896 1448 2980 placeat,
1505 2897 1758 2961 80111108.
1851 2898 2014 2963 Ecce
2071 2903 2284 2962 autem

184 3012 237 3049 κο
264 2983 340 3045 (10
376 2986 663 3046 traverso
702 2982 771 3047 L.
810 2982 1044 3049 Caesar
1080 2988 1154 3048 ut
1189 2985 1441 3048 veniam
1489 2986 1567 3048 ad
1605 3007 1672 3049 se
1708 2991 1894 3070 rogat
1931 2986 1998 3049 in
2037 2985 2281 3051 Nemus

264 3074 377 3134 aut
423 3071 713 3154 scribam,
761 3093 886 3154 quo
936 3093 1002 3135 se
1049 3073 1263 3136 venire
1301 3072 1520 3157 velim3
1567 3072 1770 3138 Bruto
1820 3075 1989 3138 enim
2036 3075 2281 3157 placere

265 3180 331 3222 se
377 3180 414 3221 a
459 3180 561 3222 me
598 3160 939 3223 conveniri.
1034 3159 1086 3224 Ο
1125 3183 1257 3225 10111
1299 3161 1586 3224 odiosam
1632 3166 1696 3225 et
1742 3162 2280 3263 inexplicabilem!

259 3245 427 3311 Puto
474 3269 576 3311 me
622 3267 773 3331 ergo
821 3247 1066 3312 iturum
1122 3253 1186 3312 et
1231 3249 1380 3312 inde
1425 3248 1725 3335 Romam,
1777 3251 1903 3313 nisi
1950 3251 2101 3333 quid
2150 3273 2283 3313 mu-

260 3339 420 3399 tato,
498 3333 877 3399 Summatim
917 3336 1121 3400 adhuc
1167 3337 1244 3400 ad
1282 3341 1374 3421 te3
1419 3336 1735 3402 nihildum
1773 3339 1940 3401 enim
1980 3360 2017 3401 a
2057 3337 2278 3401 Balbo.

179 3450 232 3491 35
260 3423 429 3486 Tuas
486 3423 688 3507 igitur
745 3429 1044 3507 exspecto
1097 3446 1214 3488 nec
1278 3432 1567 3489 actorum
1623 3426 1860 3509 solum,
1925 3425 2033 3488 sed
2087 3426 2280 3489 etiam

256 3512 639 3575 futurorum.
