2642 3923
561 186 1076 242 EPISTULARUM
1108 187 1207 242 AD
1245 187 1574 243 ATTICUM
1609 188 1711 241 VH
1752 193 1834 257 13,
1876 193 1942 242 13
1960 205 2008 242 a.
2166 187 2296 251 209

274 333 445 395 enim
490 331 570 394 ad
624 328 783 417 me),
838 331 994 415 quid
1051 331 1334 417 faciatis,
1388 332 1729 396 videndum
1787 335 1901 397 est.
2004 328 2070 396 Is
2129 331 2293 395 enim

274 419 575 503 splendor
631 423 730 483 est
782 423 1098 504 vestrum,
1151 424 1225 483 ut
1286 420 1502 484 eadem
1560 420 1969 503 postulentur
2026 442 2063 483 a
2113 419 2295 483 vobis

275 529 438 592 quae
493 507 573 571 ab
621 508 1038 591 amplissimis
1086 508 1354 573 civibus.
1448 506 1574 573 Sed
1622 509 1698 572 de
1743 508 1866 573 hoc
1911 513 1984 572 tu
2032 507 2298 591 videbis,

276 597 513 680 quippe
568 617 714 660 cum
769 596 846 660 de
900 617 1002 660 me
1064 596 1207 681 ipso
1275 617 1351 661 ac
1414 597 1491 662 de
1556 597 1714 660 meis
1775 600 1842 662 te
1896 596 2325 662 considerare-

219 707 247 749 s
275 684 484 749 velim.

409 771 754 856 Reliquum
812 777 938 859 est,
990 777 1092 857 ut,
1151 776 1216 837 et
1263 773 1419 857 quid
1464 776 1722 873 agatur,
1780 773 1992 858 quoad
2035 774 2298 857 poteris,
2332 788 2366 837 4

278 860 569 944 explores
617 860 986 944 scribasque
1033 824 1112 925 ad
1155 882 1276 948 me,
1324 866 1388 925 et
1434 861 1644 946 quid
1626 882 1765 945 lpse
1801 862 2165 926 coniectura
2202 882 2296 925 as-

279 970 570 1033 sequare,
630 949 802 1033 quod
847 949 1042 1014 etiam
1088 972 1125 1013 a
1169 953 1236 1014 te
1281 949 1487 1034 magis
1536 953 1847 1033 exspecto
1939 947 2109 1013 Nam
2156 953 2297 1013 acta

278 1038 576 1102 omnibus
630 1036 1081 1102 nuntiantibus
1139 1060 1176 1102 a
1221 1043 1285 1102 te
1333 1042 1633 1120 exspecto
1680 1039 1917 1101 futura.
2013 1038 2296 1113 ‘Mam-⁶9

199 1151 250 1190 ιο
281 1124 338 1190 δ’
389 1128 657 1210 ἄριστος
711 1124 840 1190 -’.
929 1124 1372 1210 Loquacitatb
1386 1127 1698 1211 ignosces,
1747 1147 1910 1209 quae
1954 1132 2020 1191 et
2066 1147 2168 1191 me
2211 1126 2296 1190 le-

278 1217 388 1278 vat
451 1214 531 1278 ad
594 1218 658 1277 te
725 1214 982 1297 quidem
1039 1179 1451 1279 scribentemt>
1480 1219 1543 1278 et
1598 1213 1771 1279 elicit
1826 1219 1971 1278 tuas
2026 1214 2295 1279 litteras.

277 1302 594 1387 Aenigma
641 1299 1023 1386 [Oppiorum
1071 1324 1147 1366 ex
1185 1302 1399 1387 Velia]
1445 1303 1635 1387 plane
1670 1324 1803 1367 non
1837 1303 2154 1388 intellexi3
2200 1307 2297 1367 est
2335 1320 2366 1366 5

280 1391 450 1455 enim
505 1399 770 1455 numero
824 1389 1116 1455 Platonis
1165 1391 1515 1455 obscurius.

1169 1566 1329 1632 XIII
1340 1589 1391 1631 a.

201 1699 251 1739 ω
613 1685 727 1742 Sor.
759 1687 1079 1743 Meum-nis
1123 1651 1284 1742 Vm
1314 1688 1388 1742 K.
1420 1687 1580 1742 Febr.
1610 1706 1661 1743 a.
1692 1691 1803 1744 705
1841 1689 1978 1756 (49).

884 1809 1172 1865 CICERO
1206 1809 1498 1865 ATTICO
1533 1810 1697 1865 SAL.

412 1917 549 1983 Iam
585 1918 874 1984 intellexi
911 1923 1124 2004 tuum3
1170 1916 1417 2004 Oppios
1456 1920 1625 1984 enim
1663 1919 1739 1984 de
1776 1918 1964 1984 Velia
2000 1940 2297 1984 saccones
2337 1938 2363 1985 1
2405 1935 2464 1988 (5)

282 2008 456 2073 dicis.
548 2007 624 2072 In
679 2029 755 2072 eo
810 2009 1096 2073 aestuavi
1158 2009 1283 2072 diu.
1377 2006 1515 2085 Quo
1564 2013 1785 2091 aperto
1833 2009 2080 2092 reliqua
2123 2012 2299 2093 pate-

280 2096 438 2161 bant
492 2101 557 2161 et
616 2118 760 2160 cum
815 2095 1149 2162 Terentiae
1196 2118 1446 2161 summa
1491 2096 1970 2181 congruebant„
2036 2096 2107 2161 L.
2146 2094 2298 2161 Cae-
2335 2115 2366 2161 2
2404 2114 2466 2164 (6)

202 2212 255 2251 20
284 2206 492 2249 sarem
545 2184 677 2248 vidi
723 2183 1085 2249 Menturnis
1146 2207 1200 2250 a.
1240 2186 1295 2250 d.
1336 2204 1462 2249 vm
1508 2185 1650 2250 Kal.
1689 2184 1872 2250 Febr.
1917 2207 2104 2251 mane
2150 2206 2295 2251 cum

283 2273 759 2337 absurdissimis
804 2273 1151 2357 mandatis,
1203 2295 1337 2338 non
1382 2274 1725 2358 hominem,
1771 2273 1881 2339 sed
1926 2295 2149 2357 scopas
2198 2294 2295 2337 so-

282 2362 479 2446 lutas,
542 2366 615 2425 ut
674 2362 738 2425 id
796 2362 1009 2444 ipsum
1055 2361 1215 2425 mihi
1261 2363 1373 2426 ille
1417 2362 1709 2427 videatur
1755 2361 2060 2427 irridendi
2105 2382 2297 2426 causa

282 2450 528 2536 fecisse,
571 2450 684 2534 qui
727 2449 928 2513 tantis
973 2450 1049 2514 de
1093 2450 1285 2515 rebus
1333 2449 1483 2515 huic
1526 2451 1830 2518 mandata
1863 2450 2133 2534 dederit·
2169 2449 2296 2520 nisi

284 2539 449 2603 forte
511 2560 642 2603 non
705 2537 905 2622 dedit,
964 2543 1028 2602 et
1089 2537 1195 2603 hic
1250 2559 1541 2603 sermone
1594 2539 1811 2656 aliquo
1867 2543 2123 2623 arrepto
2177 2559 2295 2622 pro

203 2654 254 2693 25
285 2627 598 2691 mandatis
647 2625 884 2691 abusus
930 2630 1042 2690 est.

415 2713 754 2798 LabienuS,
798 2714 898 2778 vir
934 2735 1075 2779 mea
1111 2716 1431 2779 sententia
1468 2736 1760 2801 magnus,
1796 2713 2082 2780 Teanum
2117 2715 2295 2779 venit
2332 2734 2363 2781 3
2402 2732 2466 2783 (⁷)

286 2826 338 2867 a.
386 2803 441 2867 d.
488 2820 639 2866 vnn
693 2766 833 2867 K'al.
923 2802 1027 2867 Ibi
1072 2802 1451 2887 Pompeium
1507 2804 1926 2887 consulesque
1981 2804 2293 2868 convenit.

286 2889 408 2966 Qui
463 2912 670 2955 sermo
725 2891 945 2975 fuerit,
1001 2895 1066 2955 et
1121 2891 1276 2975 quid
1331 2896 1543 2956 actum
1599 2891 1712 2977 sit,
1768 2892 2043 2957 scribam
2089 2892 2169 2956 ad
2214 2896 2295 2976 te,
2376 2958 2380 2962 ,

287 3001 433 3043 cum
478 2983 720 3044 certum
770 2979 982 3044 sciam.
1072 2978 1417 3064 Pompeius
1464 3002 1502 3044 a
1548 2979 1762 3045 Teano
1808 2979 2117 3044 Larinum
2163 3002 2295 3044 ver-

204 3095 258 3135 ιο
287 3089 396 3131 sus
433 3067 755 3150 profectus
792 3072 892 3132 est
927 3090 979 3131 a.
1009 3067 1065 3131 d.
1094 3086 1220 3131 vm
1254 3067 1398 3132 Kal.
1471 3067 1571 3132 Eo
1609 3068 1711 3132 die
1746 3068 1985 3132 mansit
2015 3068 2294 3133 Venafri.

283 3154 424 3220 Iam
460 3155 859 3240 aliquantum
896 3156 1092 3229 animi
1128 3156 1381 3221 videtur
1415 3157 1605 3221 n'obis
1635 3157 1931 3221 attulisse
1958 3155 2294 3220 Labienus.

170 3247 173 3250 ’
286 3241 410 3308 Sed
455 3264 575 3330 ego
619 3244 902 3308 nondum
945 3244 1170 3328 habeo,
1215 3245 1388 3328 quod
1432 3245 1512 3309 ad
1556 3249 1621 3309 te
1668 3267 1744 3309 ex
1789 3244 1893 3309 his
1938 3245 2097 3310 locis
2146 3246 2296 3310 scri-

283 3333 460 3417 bam3
524 3333 651 3396 ista
701 3333 908 3417 magis
963 3337 1288 3418 exspecto,
1342 3333 1498 3418 quid
1543 3333 1708 3397 illim
1754 3333 2106 3417 adferatur,
2166 3354 2294 3417 quo

283 3425 471 3503 pacto
519 3421 596 3485 de
631 3419 913 3484 Labieno
960 3420 1142 3505 ferat,
1188 3421 1342 3505 quid
1388 3425 1538 3505 agat
1573 3420 1899 3486 Domitius
1940 3422 2009 3485 in
2045 3420 2296 3505 MarsiS,

206 3534 255 3574 ss
282 3507 472 3593 Iguvi
516 3508 847 3591 Thermus,
891 3506 958 3572 P.
999 3509 1218 3574 Attius
1267 3508 1545 3594 Cinguli,
1594 3532 1755 3593 quae
1801 3509 1889 3573 sit
1933 3508 2157 3592 populi
2195 3531 2294 3571 ur-

394 3622 484 3663 Cic.
514 3622 644 3670 epist.
673 3622 732 3662 ΙΙ.
1913 3617 1978 3663 14
