2642 3923
348 189 572 244 LXXIV
982 189 1136 242 ADN
1147 187 1412 244 OTATIO
1450 186 1734 243 CRITICA

348 332 444 400 (ad
488 347 543 401 Ρ.
575 335 660 384 40.
690 332 806 399 30),
862 329 1011 384 ‘cum
1057 331 1253 384 eodem
1296 329 1443 384 libro
1490 338 1540 385 et
1584 333 1717 385 ante
1763 330 1829 385 de
1873 329 2119 385 Domitio
2166 328 2373 398 abieci,

349 403 409 455 et
453 400 513 454 in
560 400 803 470 epistola
850 403 1097 455 extrema
1142 417 1197 455 se
1240 402 1437 455 habeat
1480 401 1680 524 scriplai
1723 418 1825 471 pro
1862 403 2057 456 habeat
2090 401 2165 455 ω’
2206 400 2370 455 Boot.

347 471 554 525 Melius
593 474 716 525 erat
750 489 798 525 v.
832 478 861 525 7
901 486 968 525 ex
1008 472 1204 526 eodem
1240 471 1375 526 Rav.
1408 474 1466 526 et
1504 475 1561 526 Σ
1589 478 1608 541 (
1657 472 1898 526 ehmann
1938 473 2053 526 Att.
2081 489 2136 541 p.
2157 473 2246 536 48)
2285 473 2374 525 ad

348 543 719 596 Brundisium
762 541 1026 612 recipere.
1074 573 1144 582 —
1193 548 1260 597 14
1308 544 1424 597 iam
1467 545 1599 612 post
1633 543 1988 597 Brundisina
2024 542 2153 595 add.
2187 541 2371 610 Klotz,

348 611 584 682 Tyrrell,
620 613 773 667 Nam
812 613 1087 667 ‘deletum
1124 628 1159 666 a
1193 613 1379 683 prima
1413 614 1606 667 manu’
1647 612 1721 667 M,
1752 644 1821 654 —
1850 618 1918 667 26
1955 613 2119 668 thesis
2145 614 2204 667 et
2222 613 2371 682 poli-

351 687 490 738 ticae
544 683 750 739 Baiter.
807 714 876 724 —
932 689 999 737 29
1053 680 1508 754 τυραννουμένης
1562 685 1734 753 αὐτῆς
1790 701 1845 751 e,
1903 683 2193 737 Lehmann
2247 683 2370 738 Att.

347 772 403 824 p.
436 759 537 808 142
560 771 658 821 sq„
696 754 1146 823 τυραννουμένης
1184 751 1240 807 δ’
1276 756 1449 824 αὐτῆς
1487 754 1564 822 Μ’,
1610 752 1960 823 τυραννουμέ
2042 774 2064 822 ,·
2101 754 2204 825 (sic
2236 757 2375 824 post

350 840 540 879 omnes
568 825 673 878 has
702 824 961 893 obliquas
989 824 1459 895 interrogationes
1489 827 1637 895 edd.)
1655 774 2105 894 vvpoevvovaffvm
2124 822 2179 877 δ’
2196 827 2373 893 αὐτῆς

352 896 476 949 edd.
507 927 575 936 —
612 901 680 949 32
720 893 754 964 ἢ
785 895 1118 968 εὐλαβητέον
1156 896 1297 950 coni.
1318 896 1490 964 Wes.,
1520 913 1621 950 aer.
1643 895 1800 966 Tyrr.
1822 912 1907 966 ep.
1929 902 2031 950 361
2060 894 2294 965 probab.
2350 897 2373 968 ΙΙ

422 966 492 1020 P.
514 965 650 1022 259.
675 972 702 1020 1
745 966 806 1020 εἰ
832 966 928 1019 διὰ
958 967 1135 1032 codd,
1163 969 1297 1022 vett.
1321 967 1466 1034 edd,
1494 967 1701 1021 Baiter.
1733 998 1800 1008 —-
1831 972 1863 1021 8
1891 986 1950 1021 τε
1977 966 2168 1037 potius
2197 982 2373 1033 quam

351 1033 414 1090 δὲ
463 1037 648 1104 codd„
696 1036 904 1104 Baiter,
941 1036 1173 1106 Tyrrell.
1211 1068 1280 1078 —
1321 1042 1388 1091 10
1428 1037 1487 1091 εἰ
1522 1036 1751 1107 ἐφετέον
1791 1037 1969 1105 codd„
2004 1036 2171 1103 Bait„
2207 1037 2368 1092 Boot.

350 1139 420 1149 —
450 1113 515 1162 17
527 1125 607 1175 sq.
630 1108 1020 1163 ambulaverit
1047 1140 1115 1148 —
1142 1109 1365 1163 incidet
1390 1125 1513 1176 ser„
1533 1110 1978 1162 ambulaverit—
1997 1109 2195 1163 incidit
2217 1107 2369 1175 MR,

351 1177 562 1249 vulgo’,
599 1178 808 1247 Baiter,
836 1178 995 1247 Boot,
1024 1180 1325 1233 ambulavit
1350 1210 1420 1220 -
1449 1180 1648 1234 incidit
1675 1178 1776 1232 alii
1803 1178 1981 1245 codd„
2010 1177 2181 1246 Wes„
2208 1178 2367 1246 Tyrr.

352 1249 441 1303 Ad
483 1267 538 1319 Ρ.
577 1255 661 1304 87.
692 1255 775 1304 33.
815 1279 884 1290 ——
922 1254 990 1303 20
1028 1247 1090 1304 Ο.
1119 1248 1182 1304 Ε.
1213 1247 1469 1303 Schmidt
1506 1248 1639 1304 ‘Der
1663 1248 1907 1304 Briefw.’
1950 1254 2051 1304 148
2070 1248 2165 1316 in..
2212 1248 2367 1303 VId.

351 1320 516 1387 Bait„
552 1319 705 1374 Wes.
726 1351 795 1361 —
823 1326 890 1373 22
921 1319 1199 1443 έΝαταῖὶ]
1233 1319 1543 1391 Sternkopf
1562 1321 1693 1375 diss.
1714 1319 1945 1374 Marbur
1987 1364 1997 1374 .
2038 1324 2178 1374 1884
2202 1336 2258 1389 p.
2282 1324 2370 1387 61,

352 1390 569 1460 Tyn-cll
615 1407 700 1461 ep.
731 1396 834 1444 359
885 1406 919 1443 a
959 1391 1188 1444 modum
1228 1390 1489 1460 probab.,
1536 1392 1734 1446 Fatali
1768 1388 1828 1445 O.
1850 1390 1912 1445 E.
1983 1389 2199 1444 ehmidt
2234 1389 2373 1444 ‘Der

350 1461 595 1516 Briefw?
635 1479 689 1531 p.
721 1466 838 1514 149.
868 1491 937 1501 -
975 1467 1045 1514 34
1074 1461 1323 1516 Curtium
1354 1461 1478 1515 ‘alii
1506 1461 1659 1532 apud
1686 1459 2030 1529 Corradum’‚
2066 1459 2159 1515 vul
2202 1503 2233 1528 .,
2269 1478 2373 1515 cur

353 1539 468 1586 tum
494 1531 596 1598 M1,
626 1530 756 1585 secl.
785 1531 930 1585 Boot
963 1528 1114 1600 (Oba.
1135 1549 1189 1601 p.
1213 1535 1319 1602 54),
1357 1532 1419 1586 in
1446 1548 1557 1599 quo
1586 1532 1724 1599 quid
1749 1532 1947 1598 lateat,
1985 1531 2155 1586 diffie·
2183 1547 2216 1586 e
2243 1547 2370 1586 ease

355 1603 511 1656 dictu
558 1602 643 1656 ait
676 1601 908 1671 Madvig
941 1600 1079 1655 Adv.
1107 1601 1185 1655 III
1218 1619 1273 1672 p.
1305 1608 1424 1657 181.
1489 1602 1552 1658 V.
1582 1603 1870 1658 Lehmann
1910 1602 2249 1657 ‘Jahsesben
2267 1602 2368 1657 des

391 1671 548 1727 hilol.
577 1671 833 1726 Vereins'
879 1675 1016 1726 1888
1061 1689 1114 1741 Ρ.
1147 1677 1267 1729 283.
1323 1676 1343 1742 fl
1395 1673 1467 1728 P.
1498 1673 1633 1728 260.
1668 1679 1699 1726 5
1736 1691 1818 1728 me
1862 1674 2027 1728 inser.
2057 1675 2188 1743 post
2224 1675 2370 1728 enim

399 1741 684 1810 asaubon„
729 1742 937 1809 Baiter,
981 1742 1140 1811 Boot,
1176 1742 1412 1813 Tyrren,
1449 1747 1582 1799 ante
1617 1751 1827 1799 movent
1866 1743 2122 1798 Wesenb.
2180 1741 2261 1799 Cf.
2294 1744 2371 1798 ad

353 1832 409 1883 Ρ.
429 1819 550 1868 379.
566 1819 632 1867 21
664 1815 723 1867 et
748 1819 869 1867 478.
886 1819 971 1881 24,
999 1813 1287 1868 Lehmann
1315 1813 1565 1880 Quaeatt.
1580 1832 1636 1885 p.
1657 1820 1741 1883 17,
1770 1815 1898 1869 add.
1916 1814 2064 1868 infra
2132 1820 2280 1870 .467.
2300 1820 2367 1868 17

356 1884 453 1954 (ad
495 1901 549 1955 Ρ.
591 1889 672 1938 11.
714 1886 817 1954 11).
874 1915 943 1925 -
1008 1890 1076 1938 10
1121 1886 1382 1940 Aliensis
1430 1885 1576 1940 Boot
1621 1886 1868 1940 ‘secutus
1913 1884 2099 1939 Niebu
2140 1903 2181 1941 r.
2219 1884 2367 1940 Hist.

355 1955 510 2011 Rom.
533 1954 585 2009 Π
620 1973 674 2025 Ρ.
696 1956 844 2023 598’,
881 1953 1163 2024 Ἦοεοῑιὶ).,
1198 1956 1494 2012 Alliencis
1520 1955 1699 2026 codd,
1735 1959 1803 2012 ut
1827 1956 2064 2025 videtur,
2104 1958 2163 2011 et
2187 1955 2368 2027 vulg.;

354 2028 500 2082 Boot
544 2026 747 2082 Mnem.
780 2032 916 2081 1892
960 2044 1014 2096 p.
1046 2033 1149 2081 122
1192 2027 1396 2081 laudat
1430 2027 1682 2083 Momma.
1712 2024 1821 2083 0.I.
1851 2028 1877 2082 1
1911 2046 1964 2098 p.
1995 2033 2114 2081 397.
2171 2058 2241 2068 -
2299 2034 2368 2083 20

354 2101 468 2154 nisi
500 2097 791 2165 Wesenh„
844 2097 1031 2165 Klotz,
1086 2098 1256 2166 Boot,
1301 2097 1544 2167 Tyn-all,
1590 2116 1755 2168 quam
1789 2101 1949 2166 vett,
1994 2098 2203 2152 Baiter.
2279 2099 2370 2153 Ad

355 2168 495 2223 Rab.
524 2169 679 2240 perd..
708 2186 763 2238 p.
786 2173 904 2223 235.
926 2174 1065 2221 2.-
1094 2173 1159 2222 21
1191 2168 1252 2223 Ε
1283 2185 1314 2223 o
1343 2168 1525 2237 Klotz,
1554 2169 1712 2237 Boot,
1741 2168 1976 2239 Tyrrell,
2005 2170 2090 2223 Fr.
2113 2168 2371 2224 Schmidt

354 2256 538 2310 progr.
547 2238 795 2294 Norimb.
815 2243 952 2292 1879
970 2256 1025 2308 p.
1036 2244 1122 2306 30,
1139 2238 1199 2292 Ο.
1263 2238 1544 2294 ,Schmidt
1559 2257 1698 2294 mus.
1719 2240 1895 2294 Rhen.
1913 2245 2050 2295 1897
2077 2257 2132 2309 Ρ.
2151 2245 2252 2294 147
2266 2256 2367 2308 sq„

356 2328 415 2365 eo
446 2309 623 2378 codd„
664 2309 829 2377 Bait,
865 2308 1053 2363 Lehm.
1088 2309 1362 2364 ‘Jahresb.
1396 2311 1494 2364 des
1570 2310 1668 2365 hil.
1697 2309 1954 2365 Vereins’
1994 2316 2133 2365 1888
2168 2327 2223 2380 p.
2245 2316 2367 2379 258,

358 2398 484 2435 eum
520 2397 681 2435 cruce
707 2379 858 2434 Wee,
889 2410 957 2421 -
996 2379 1073 2434 Ib.
1102 2382 1246 2436 sicut
1279 2382 1372 2436 ille
1409 2379 1469 2436 Ο.
1529 2410 1553 2435 -.
1577 2380 1831 2436 Schmidt
1857 2381 1892 2436 l.
1915 2382 1971 2450 l.,
2006 2382 2149 2437 sicut
2175 2379 2366 2449 Orelli,

356 2455 406 2507 si
441 2453 575 2522 quid
611 2452 799 2518 codd,
847 2468 972 2506 eum
1010 2467 1171 2506 cruce
1206 2450 1374 2520 Bait„
1419 2451 1581 2520 Boot,
1616 2454 1668 2507 si
1703 2453 1917 2522 quidem
1951 2451 2153 2519 Ursin„
2192 2451 2367 2521 Tyra,

356 2525 406 2578 si
440 2524 671 2592 quidem,
699 2523 795 2592 qui
820 2521 1011 2575 Lehm.
1039 2521 1077 2576 l.
1094 2521 1132 2576 1.
1161 2552 1231 2563 —
1261 2528 1329 2575 27
1352 2537 1432 2590 aq.
1464 2521 1637 2592 quid?
1662 2553 1732 2564 —
1761 2521 1985 2593 agenti?
2018 2522 2080 2576 in
2106 2522 2363 2593 parenth.

355 2595 511 2648 Boot.
579 2594 667 2646 Ad
702 2598 872 2664 p.16.
907 2598 988 2646 14.
1044 2623 1113 2633 -
1170 2598 1237 2646 29
1274 2594 1569 2647 mercanda
1605 2589 1663 2662 Ο,
1717 2594 1885 2663 vulg„
1942 2593 2183 2661 officiam
2229 2595 2365 2663 (effi-

356 2667 516 2734 ciam)
563 2667 613 2718 ci
656 2664 898 2719 candida
933 2663 1052 2717 fere
1088 2662 1266 2731 codd„
1301 2664 1647 2733 rependenda
1683 2667 1784 2718 aut
1811 2664 2102 2734 pensanda
2137 2663 2368 2734 Madvig

357 2736 494 2791 Adv.
522 2734 600 2787 111
639 2739 765 2802 181,
814 2749 946 2786 nam
985 2734 1255 2788 ‘Mercari
1299 2735 1487 2802 officia
1521 2750 1704 2802 neque
1740 2735 1879 2803 quid
1915 2734 2014 2800 sit,
2063 2734 2366 2803 intelligo’,

354 2805 557 2873 inquit,
607 2805 702 2871 ‘et,
742 2804 791 2858 si
826 2804 888 2857 id
925 2803 1222 2873 signifieat,
1261 2805 1414 2873 quod
1450 2822 1623 2858 unum
1659 2805 1977 2874 significare
2011 2820 2178 2875 posse
2215 2806 2364 2859 vide-

355 2880 463 2943 tur,
501 2874 687 2929 officia
722 2877 1013 2943 tamquam
1038 2890 1278 2929 mercem
1305 2875 1557 2943 aliquam
1586 2891 1925 2946 comparare,
1962 2875 2366 2930 alienissimum

358 2951 445 3001 est
472 2947 545 3000 ab
572 2945 678 2999 hoc
704 2944 868 3000 loeo’.
906 2945 1095 3000 Lehm,
1116 2946 1234 3001 Aa.
1254 2964 1310 3016 p.
1332 2952 1434 3000 201
1465 2946 1535 3002 cf.
1554 2945 1711 3002 Verr.
1730 2946 1781 3000 V
1801 2953 1851 3003 9.
1873 2952 2020 3001 2361
2054 2977 2124 2987 -
2152 2952 2218 2999 35
2248 2948 2367 3001 alia

354 3016 636 3084 Lambin.,
681 3017 792 3087 †ea
827 3015 975 3085 vulg.
1006 3017 1159 3081 edd.,
1205 3034 1324 3071 mea
1358 3016 1470 3084 Μ’,
1516 3016 1619 3071 νέα
1656 3017 1891 3088 Tyrrell,
1931 3016 2244 3072 ‘Sententia
2278 3033 2365 3070 re·

355 3088 530 3156 quirit
564 3088 707 3154 alia,
751 3087 914 3141 nova’
956 3086 1059 3156 (eie
1094 3087 1278 3157 Klotz)
1319 3087 1431 3141 ‘vel
1465 3088 1715 3157 meliora,
1762 3090 1914 3157 quod
1948 3087 2186 3142 fortasse
2220 3085 2369 3142 latet

353 3160 412 3212 in
441 3156 781 3212 correctione
800 3156 919 3211 cod.
940 3156 1000 3210 M
1017 3159 1154 3211 mea’
1177 3158 1348 3224 Boot3
1378 3174 1450 3211 an
1467 3159 1680 3228 reliqua
1696 3160 1941 3242 <relica)?
2000 3161 2019 3228 ΙΙ
2083 3158 2152 3212 P.
2174 3157 2313 3212 261.
2334 3163 2366 3211 2

352 3248 401 3284 v.
425 3228 486 3284 Ο.
506 3228 570 3284 Ε.
592 3227 846 3282 Schmidt
885 3227 1018 3281 ‘Der
1044 3227 1458 3283 Briefweehsel’
1498 3247 1553 3299 p.
1586 3235 1687 3282 148
1706 3247 1800 3297 m.,
1837 3248 1888 3285 a.
1910 3231 1962 3284 d.
1983 3230 2080 3283 IV
2092 3230 2181 3283 Id.
2200 3228 2366 3296 Bait,

352 3299 504 3355 Wes.
533 3330 602 3340 —
633 3304 664 3351 5
687 3306 894 3367 putare
923 3297 1100 3366 codd„
1138 3298 1303 3367 Bait,
1341 3299 1499 3367 Boot,
1537 3299 1691 3369 Tyrr.
1715 3316 1800 3370 ep.
1820 3306 1942 3355 360.
1980 3299 2071 3353 Ad
2141 3305 2259 3355 .57.
2281 3304 2365 3355 28.

353 3402 421 3412 -
476 3375 508 3424 8
591 3371 684 3425 via
761 3369 980 3438 Baiter,
1036 3386 1142 3425 om.
1171 3369 1281 3437 M1,
1337 3369 1572 3440 Tyrrell.
1626 3401 1696 3411 —
1753 3377 1818 3425 13
1866 3371 2045 3440 apud
2128 3386 2368 3426 acsarem

351 3442 525 3511 Tyn-e
575 3486 585 3496 .
712 3441 749 3494 d
785 3457 838 3509 Ρ.
870 3445 990 3496 229.
1020 3445 1070 3506 6,
1110 3445 1229 3496 375.
1261 3445 1346 3496 12.
1375 3471 1444 3481 -
1475 3447 1541 3495 15
1570 3441 1664 3496 Ac
1697 3448 1878 3496 tamen
1914 3440 2055 3496 coni.
2085 3439 2370 3510 wesenb,
2397 3474 2402 3480 -

353 3530 454 3569 scr.
484 3512 644 3578 Boot,
680 3509 914 3580 Tyrrell,
953 3510 1229 3565 Sectamen
1255 3513 1408 3581 (post
1430 3514 1479 3581 ε)
1506 3511 1609 3579 Μῑ,
1636 3513 1730 3567 aed
1756 3520 1935 3567 tamen
1961 3511 2131 3581 vulg„
2158 3511 2371 3578 Baiter,
