2642 3923
350 214 490 281 500
998 217 1071 271 M.
1104 217 1316 272 TULLI
1355 217 1731 274 CICERONIS

350 383 482 444 que
539 382 606 424 se
660 360 1012 444 postulare,
1069 365 1141 424 ut
1199 361 1421 424 statim
1478 362 1761 425 crederes
1772 415 1788 447 ,
1844 363 1978 446 sed,
2036 385 2180 427 cum
2233 365 2384 447 ipse

357 449 809 533 perspexisses,
854 452 995 511 tum
1040 452 1113 511 ut
1161 471 1228 512 se
1275 471 1536 512 amares.
1617 449 1928 524 Quodnisi
1974 451 2166 515 fidem
2209 453 2383 516 mihi

359 537 630 620 fecisset,
684 537 1188 620 iudicassemque
1241 536 1391 623 hoc,
1456 537 1626 621 quod
1682 538 1850 620 dico,
1904 539 2163 603 firmum
2215 541 2384 623 fore,

347 646 490 689 non
534 625 824 689 fecissem
869 625 953 708 id,
1009 625 1182 708 quod
1227 625 1514 688 dicturus
1562 648 1718 689 sum.
1811 625 1985 690 Duxi
2032 629 2197 691 enim
2244 651 2381 692 me-

350 735 496 777 cum
556 713 1021 777 adulescentem
1075 713 1154 776 ad
1208 712 1498 776 Brutum.
1593 713 1696 777 Sic
1750 714 1809 777 ei
1863 716 2205 797 probatum
2253 722 2381 798 est,
2440 747 2471 785 5

352 801 529 885 quod
584 802 663 865 ad
722 805 786 864 te
834 801 1073 884 scrib0,
1128 805 1200 864 ut
1245 802 1382 883 ipse
1429 801 1791 885 crediderit,
1845 825 1945 866 me
1991 825 2381 888 sponsorem

354 890 638 972 accipere
691 889 973 952 noluerit
1028 911 1298 972 eumque
1353 890 1617 953 laudans
1676 891 2056 954 amicissime
2102 894 2381 956 mentio-

356 1000 501 1042 nem
573 978 672 1041 tui
742 978 989 1061 fecerit,
1071 978 1436 1077 complexus
1511 979 1963 1062 osculatusque
2035 980 2375 1044 dimiserit.

360 1064 562 1140 Quam
627 1066 707 1129 ob
773 1088 936 1152 rem,
999 1066 1122 1128 etsi
1179 1065 1385 1149 magis
1453 1071 1576 1149 est,
1644 1066 1815 1149 quod
1873 1068 2159 1151 gratuler
2223 1069 2377 1155 tibi,

359 1177 550 1238 quam
598 1154 770 1237 quod
813 1158 878 1217 te
923 1174 1172 1236 rogem,
1226 1157 1441 1216 tamen
1488 1154 1683 1217 etiam
1728 1175 1908 1239 rogo,
1963 1159 2056 1240 ut,
2102 1157 2156 1219 si
2203 1177 2375 1239 quae
2409 1187 2465 1224 10

356 1242 569 1305 minus
634 1246 821 1306 antea
882 1246 1146 1324 propter
1204 1242 1644 1305 infirmitatem
1703 1243 1932 1306 aetatis
1997 1248 2377 1308 constanter

358 1331 438 1393 ab
486 1352 559 1393 eo
605 1330 744 1393 fieri
790 1329 1184 1412 videbantur,
1231 1351 1303 1392 ea
1340 1330 1579 1393 iudices
1616 1330 1798 1394 illum
1836 1331 2140 1395 abiecisse
2176 1332 2374 1396 mihi-

358 1439 479 1501 que
525 1419 740 1482 credas
786 1418 1061 1481 multum
1109 1418 1448 1481 allaturam
1495 1419 1595 1480 vel
1638 1418 1983 1502 plurimum
2028 1420 2249 1503 potius
2290 1422 2375 1484 ad

358 1506 530 1569 illius
576 1506 882 1569 iudicium
926 1506 1431 1569 confirmandum
1476 1507 1924 1570 auctoritatem
1970 1512 2165 1571 tuam.

287 1613 317 1659 3
488 1593 692 1657 Bruto
738 1616 882 1657 cum
927 1616 1113 1677 saepe
1149 1593 1508 1658 iniecissem
1548 1594 1623 1657 de
1661 1595 2004 1679 ὁμοπλοίᾳ,
2059 1617 2189 1658 non
2227 1618 2374 1678 per·
2404 1626 2459 1664 15

357 1682 529 1768 inde,
592 1686 783 1765 atque
837 1702 955 1765 ego
1000 1686 1316 1767 putaram,
1376 1681 1651 1764 arripere
1695 1683 1871 1746 visus
1919 1689 2033 1747 est.
2124 1683 2373 1748 Existi·

357 1771 607 1834 mabam
652 1772 1135 1854 μετεωρότερον
1180 1791 1338 1853 esse,
1384 1775 1447 1834 et
1490 1770 1747 1834 hercule
1794 1775 1930 1834 erat
1975 1776 2040 1834 et
2084 1772 2372 1836 maxime

358 1859 434 1921 de
479 1858 664 1922 ludis.
745 1858 836 1921 At
880 1858 1060 1943 mihi,
1104 1880 1248 1921 cum
1294 1821 1369 1921 a⁷d
1418 1858 1638 1921 villam
1682 1859 2003 1940 redissem,
2050 1857 2163 1922 Gn
2202 1859 2369 1923 Luc-

357 1947 554 2033 ceiuS,
608 1947 719 2032 qui
763 1946 1037 2011 multum
1082 1946 1290 2010 utitur
1334 1945 1569 2032 BrutO,
1621 1947 1905 2011 narravit
1951 1947 2135 2010 illum
2180 1950 2369 2012 valde

356 2037 593 2100 morari
651 2058 785 2099 non
828 2036 1386 2119 tergiversantem,
1440 2035 1550 2098 sed
1595 2040 2094 2119 exspectantem,
2150 2037 2205 2100 si
2250 2039 2366 2120 qui
2401 2067 2456 2104 20

354 2125 520 2189 forte
577 2146 773 2188 casus.
865 2122 1094 2206 Itaque
1150 2123 1402 2206 dubit0,
1458 2144 1540 2186 an
1585 2122 1935 2187 Venusiam
1994 2124 2251 2188 tendam
2298 2131 2368 2188 et

353 2213 447 2275 ibi
501 2217 860 2295 exspectem
901 2212 992 2276 de
1047 2210 1426 2295 legionibus.
1519 2210 1589 2275 Si
1634 2211 1930 2296 aberunt,
1985 2216 2058 2275 ut
2106 2213 2363 2294 quidam

353 2301 765 2384 arbitrantur,
822 2299 1247 2386 Hydruntem,
1301 2300 1356 2363 si
1399 2303 1700 2363 neutrum
1746 2300 1866 2363 erit
1913 2300 2220 2385 ἀσφαλές,
2267 2323 2371 2366 eo-

353 2390 495 2453 dem
540 2392 835 2453 revertar.
910 2387 1113 2452 Iocari
1158 2411 1259 2452 me
1305 2388 1539 2470 putas?
1613 2387 1870 2470 Moriar,
1917 2388 1974 2451 si
2019 2388 2367 2472 quisquam

351 2500 452 2541 me
507 2480 682 2540 tenet
738 2481 990 2559 praeter
1044 2480 1125 2539 te.
1215 2475 1477 2539 Etenim
1532 2475 1972 2561 circumspice,
2029 2477 2140 2540 sed
2186 2482 2368 2541 ante·
2394 2503 2445 2543 25

284 2583 317 2629 4
357 2588 548 2649 quam
593 2565 912 2629 erubesco.
1004 2562 1057 2628 Ο
1106 2564 1238 2627 dies
1284 2564 1353 2625 in
1401 2564 1701 2646 auspiciis
1747 2563 1970 2646 Lepidi
2018 2564 2213 2645 lepide
2263 2565 2368 2628 de-

356 2653 628 2736 scriptos
684 2657 749 2716 et
808 2656 956 2736 apte
1011 2652 1090 2715 ad
1144 2652 1484 2715 consilium
1527 2652 1770 2716 reditus
1814 2652 2050 2716 nostri!
2124 2652 2369 2737 Magna

356 2741 523 2826 ροπὴ
571 2741 649 2804 ad
695 2739 1220 2823 proficiscendum
1255 2741 1327 2802 in
1362 2740 1493 2803 tuis
1532 2740 1785 2804 litteris,
1857 2740 2073 2824 Atque
2110 2742 2367 2805 utinam

354 2834 419 2892 te
464 2829 623 2892 illic!
689 2827 810 2892 Sed
857 2832 931 2891 ut
976 2828 1321 2891 conducere
1366 2829 1641 2911 putabis

286 2935 316 2980 5
486 2916 759 3001 Nepotis
798 2916 1141 2998 epistulam
1177 2921 1490 2999 exspecto.
1558 2914 1841 2999 Cupidus
1879 2915 1988 2979 ille
2025 2918 2369 2981 meorum?
2399 2947 2456 2985 30

355 3006 466 3088 qui
525 3027 625 3090 ea,
689 3004 920 3087 quibus
981 3003 1254 3068 maxime
1310 3015 1593 3088 γαυριῶ,
1656 3003 1920 3087 legenda
1971 3025 2104 3067 non
2158 3008 2365 3086 putet.

353 3093 441 3156 Et
488 3093 580 3156 ais
629 3090 777 3176 ‘aaz'
824 3092 1178 3175 ἀμύμοναἘ
1252 3091 1351 3155 Tu
1389 3113 1538 3155 vero
1569 3091 1910 3175 (ἀμύμωνζ
1956 3091 2065 3155 ille
2104 3091 2367 3174 quidem

354 3179 744 3266 ‘oiussoovog’.
818 3179 1105 3244 Mearum
1152 3180 1571 3263 epistularum
1615 3180 1792 3243 nulla
1838 3183 1936 3242 est
1982 3184 2369 3265 συναγωγή;

353 3270 461 3333 sed
513 3270 707 3332 habet
764 3268 915 3331 Tiro
973 3270 1180 3332 instar
1225 3268 1658 3352 septuaginta3
1714 3272 1778 3331 et
1824 3267 2078 3350 quidem
2125 3272 2278 3331 sunt
2326 3291 2368 3332 a

351 3362 418 3421 te
474 3357 782 3440 quaedam
836 3357 1193 3421 sumendae.
1285 3355 1417 3419 Eas
1474 3378 1594 3440 ego
1651 3360 1906 3439 oportet
1961 3356 2365 3440 perspiciam,
2399 3386 2458 3425 :35

353 3446 684 3529 corrigam.
776 3444 940 3508 Tum
986 3445 1256 3528 denique
1303 3445 1588 3509 edentur.
