2642 3923
563 220 1074 276 EPISTULARUM
1102 221 1200 275 AD
1238 221 1561 276 ATTICUM
1600 222 1726 276 XVI
1763 226 1952 276 8—11.
2140 220 2266 285 507

253 369 367 429 est.
459 364 611 428 Tria
669 369 820 429 sunt
880 369 1122 447 autem,
1178 387 1550 429 maneamne
1599 366 1828 448 Arpini
1875 388 1959 428 an
2004 365 2270 449 propius

255 453 541 517 accedam
589 474 671 517 an
717 454 970 517 veniam
1017 452 1303 517 Romam.
1400 452 1583 528 Quod
1630 454 1977 538 censueriS,
2024 454 2268 517 faciam.

255 539 378 606 Sed
460 563 652 624 quam
725 541 1020 624 primum.
1132 541 1337 605 Avide
1412 546 1710 624 exspecto
1783 545 1928 605 tuas
2002 541 2269 606 litteras,

252 646 328 693 vl
370 628 524 693 Idus
569 651 755 693 mane
800 630 870 692 in
917 627 1323 693 Sinuessano.

199 830 224 870 ε
1201 802 1307 868 ΧΙ.

616 925 728 981 Ser.
758 928 821 979 in
858 925 1163 979 Puteolano
1199 925 1348 979 Non.
1375 925 1515 979 Nov.
1549 943 1600 980 a.
1633 929 1741 980 710
1779 930 1916 994 (44).

858 1047 1147 1102 CICERO
1182 1047 1475 1103 ATTICO
1511 1048 1673 1103 SAL.

385 1154 594 1221 Nonis
642 1157 853 1239 accepi
900 1179 938 1220 a
982 1160 1047 1221 te
1094 1156 1251 1221 duas
1299 1156 1628 1242 epistulas,
1687 1179 1956 1240 quarum
2003 1157 2269 1221 alteram

253 1244 394 1309 Kal.
435 1245 715 1331 dederaS,
760 1246 1029 1308 alteram
1073 1244 1296 1328 pridie.
1386 1243 1600 1329 Igitur
1644 1247 1821 1328 prius
1868 1246 1947 1309 ad
1991 1246 2269 1328 superio-

177 1361 227 1399 10
253 1355 403 1398 rem.
495 1332 811 1397 Nostrum
859 1355 1019 1415 opus
1067 1333 1190 1396 tibi
1234 1334 1499 1418 probari
1535 1333 1765 1418 laetor·
1812 1356 1886 1397 ex
1902 1356 2054 1435 ‘quo
2093 1335 2268 1416 ἄνθη

253 1422 395 1505 ipsa
440 1421 733 1505 posuisti.
808 1420 982 1495 Quae
1026 1421 1186 1484 mihi
1233 1421 1611 1486 florentiora
1658 1427 1809 1486 sunt
1853 1422 1991 1485 visa
2027 1426 2141 1486 tuo
2180 1423 2270 1485 iu-

255 1510 447 1595 dicio3
494 1510 738 1573 cerulas
777 1510 946 1572 enim
980 1512 1126 1572 tuas
1164 1509 1535 1574 miniatulas
1574 1509 1718 1573 illas
1758 1511 2266 1575 extimescebam.

254 1597 350 1662 De
396 1562 579 1662 Sicca
629 1597 724 1661 ita
778 1601 904 1682 est,
959 1601 1032 1660 ut
1088 1597 1344 1681 scribis,
1389 1601 1530 1661 asta
1575 1619 1648 1661 ea
1693 1620 1882 1683 aegre
1925 1621 2028 1663 me
2072 1600 2268 1662 tenui.

254 1683 482 1769 Itaque
544 1685 976 1768 perstringam
1034 1684 1170 1748 sine
1234 1685 1368 1748 ulla
1433 1687 1819 1750 contumelia
1880 1685 2094 1750 Siccae
2157 1692 2269 1750 aut

177 1799 226 1840 15
258 1771 629 1857 Septimiae,
700 1777 954 1837 tantum
1026 1776 1100 1836 ut
1174 1773 1379 1836 sciant
1454 1774 1705 1849 παῖδες
1780 1775 2059 1840 παίδων
2133 1775 2269 1838 sine

256 1867 487 1949 φαλλῷ
523 1860 854 1924 Luciliano
901 1883 1045 1925 eum
1094 1882 1171 1925 ex
1210 1859 1276 1925 G.
1308 1859 1465 1924 Fadi
1502 1861 1636 1925 filia
1673 1862 1910 1925 liberos
1947 1862 2266 1927 habuisse.

257 1949 472 2035 Atque
527 1950 777 2014 utinam
823 1972 968 2014 eum
1014 1949 1180 2013 diem
1226 1949 1504 2034 videam,
1560 1972 1702 2014 cum
1751 1951 1877 2014 ista
1923 1950 2130 2015 oratio
2177 1951 2271 2016 ita

254 2040 454 2104 libere
515 2043 814 2124 vagetur,
876 2044 946 2103 ut
1010 2039 1204 2102 etiam
1258 2039 1326 2101 in
1383 2037 1596 2102 Siccae
1620 2058 1624 2062 ’
1651 2039 1911 2103 domum
1965 2040 2269 2104 introeat!

258 2126 381 2192 Sed
447 2127 561 2191 illo
625 2130 911 2227 tempore
970 2148 1131 2209 opus
1192 2130 1315 2210 est,
1382 2127 1554 2209 quod
1608 2128 1734 2190 fuit
1786 2127 1917 2191 11113
1973 2145 2051 2191 111
2095 2128 2267 2191 viris

175 2243 228 2281 20
256 2214 526 2301 Moriar,
578 2215 706 2279 nisi
752 2215 979 2278 facete!
1051 2214 1149 2278 Tu
1206 2236 1356 2278 vero
1402 2215 1576 2301 leges
1626 2214 1821 2280 Sexto
1870 2217 2131 2299 eiusque
2177 2216 2270 2280 iu-

256 2267 526 2368 dicium⁷
562 2302 722 2366 mihi
784 2303 1155 2387 perscribes.
1257 2294 1403 2378 Εἷς
1472 2301 1615 2387 ἐμοὶ
1679 2304 1924 2388 μύριοι.
1930 2305 1950 2332 ’
2051 2301 2266 2368 Caleni

256 2392 692 2456 interventum
737 2395 800 2455 et
846 2389 1157 2455 Calvenae
1202 2391 1470 2455 cavebis.

389 2479 572 2555 Quod
617 2479 880 2562 vereriS,
933 2501 1014 2543 ne
1062 2478 1416 2563 ἀδόλεσχος
1460 2478 1621 2543 1111111
1667 2484 1758 2564 tu,
1819 2482 1964 2563 quis
2010 2481 2267 2545 minus?

256 2565 404 2654 Oui,
466 2572 540 2631 ut
596 2566 1015 2651 Aristophani
1068 2566 1439 2631 Archilochi
1492 2567 1772 2651 iambus,
1842 2568 1934 2632 sic
1991 2570 2269 2652 epistula

173 2682 227 2722 25
257 2662 366 2721 tua
408 2655 783 2740 longissima
830 2676 1119 2739 quaeque
1166 2656 1409 2738 optima
1453 2656 1721 2720 videtur.
1795 2654 1974 2731 Quod
2023 2679 2124 2720 me
2165 2657 2268 2721 ad-

254 2765 505 2828 mones,
558 2748 632 2807 tu
685 2765 834 2808 vero
882 2744 1133 2807 etiamsi
1179 2744 1616 2830 reprendereS,
1670 2765 1801 2808 non
1846 2745 2038 2808 modo
2085 2745 2269 2809 facile

254 2836 523 2916 paterer,
568 2832 678 2895 sed
722 2833 917 2896 etiam
961 2831 1252 2917 laetarer,
1296 2832 1533 2915 quippe
1571 2853 1716 2895 cum
1753 2832 1823 2896 in
1858 2835 2269 2915 reprensione

256 2920 342 2984 sit
386 2920 727 3003 prudentia
771 2941 915 2984 cum
963 2919 1281 3005 εὐμενείᾳ.
1354 2919 1456 2984 Ita
1500 2920 1776 2984 libenter
1827 2942 1900 2984 ea
1937 2922 2272 3006 corrigam,

257 3029 418 3091 quae
455 3031 494 3072 a
529 3012 595 3072 te
630 3008 1067 3071 animadversa
1106 3013 1275 3091 sunt,
1297 3008 1541 3072 ‘eodem
1578 3008 1719 3072 iure
1755 3031 1882 3092 quo
1913 3009 2270 3074 Rubriana'

174 3123 228 3163 :30
256 3097 472 3179 potius
521 3118 712 3180 quam
752 3097 902 3180 ‘quo
942 3094 1302 3179 Scipionis',
1350 3100 1415 3160 et
1453 3096 1529 3160 de
1563 3096 1861 3160 laudibus
1898 3095 2271 3162 Dolabellae

257 3184 515 3249 deruam
570 3185 909 3248 cumulum.
1000 3183 1096 3248 Ac
1150 3189 1364 3248 tamen
1424 3189 1521 3248 est
1578 3184 1705 3248 isto
1750 3184 1894 3248 loco
1940 3185 2138 3270 bella,
2197 3191 2270 3250 ut

252 3273 414 3337 mihi
460 3272 739 3357 videtur,
794 3275 1115 3357 εἰρωνεία,
1164 3272 1335 3357 quod
1381 3295 1526 3336 eum
1571 3277 1672 3336 ter
1717 3276 1941 3336 contra
1988 3274 2155 3337 cives
2202 3274 2269 3338 in

254 3361 401 3425 acie.
491 3359 661 3426 Illud
717 3362 909 3424 etiam
965 3360 1162 3425 malo:
1225 3360 1769 3446 ‘indignissimum
1824 3365 1923 3423 est
1967 3361 2139 3425 hunc
2183 3361 2270 3424 vi-

172 3562 227 3604 as
256 3538 377 3602 tibi
419 3537 681 3622 probari
727 3558 859 3600 non
903 3536 1168 3600 moleste
1212 3536 1377 3619 fer03
1436 3559 1474 3600 a
1520 3558 1646 3616 quo
1694 3536 1900 3600 adhuc
1935 3535 2275 3620 “Ηρακλεί-
