2642 3923
592 217 1107 274 EPISTULARUM
1144 218 1243 272 AD
1281 217 1608 274 ATTIOUM
1643 217 1721 272 IV
1760 223 1845 288 17,
1885 223 1968 273 18.
2171 218 2297 281 125

274 383 387 426 rus
430 383 563 427 non
606 361 832 427 fecisse
877 362 1190 426 videntur.
1290 361 1447 426 Tres
1493 362 1812 427 candidati
1865 362 2003 427 fore
2048 362 2141 425 rei
2187 384 2299 445 pu-

273 450 605 533 tabantur,
669 449 998 514 Domitius
1056 473 1092 514 a
1147 449 1479 535 Memmio,
1546 449 1849 515 Messalla
1904 472 1942 513 a
1997 448 2067 526 Q.
2113 448 2299 514 Pom—

274 538 419 621 peio
467 536 655 622 Rufo,
703 537 977 603 Scaurus
1024 561 1060 602 a
1098 537 1347 603 Triario
1397 543 1509 602 aut
1555 561 1593 603 a
1638 536 1706 602 L.
1747 535 2033 604 Caesare.
2111 537 2299 614 ‘Quid

278 626 565 710 poteris’‚
609 626 883 712 inquies,
929 626 1068 709 ‘pro
1116 627 1197 690 iis
1245 626 1528 691 dicere‘?'
1617 625 1720 691 Ne
1761 627 1989 710 vivam,
2033 627 2093 691 si
2138 627 2299 711 scio3

222 743 247 779 s
282 717 342 777 in
389 714 519 778 illis
581 714 837 799 quidem
893 714 1101 779 tribus
1159 713 1372 799 libris,
1434 737 1595 798 quos
1641 719 1716 779 tu
1762 715 2050 779 dilaudas
2058 766 2075 799 ,
2133 714 2299 778 nihil

280 824 540 885 repeno.

410 888 741 975 Cognosce
801 895 1026 955 cetera.
1129 890 1232 955 Ex
1302 891 1524 955 fratris
1593 891 1831 956 litteris
1903 890 2302 955 incredibilia
2333 907 2520 955 15(le
2549 909 2615 958 1³)

278 978 588 1061 quaedam
634 979 709 1044 de
748 976 1040 1044 Caesaris
1077 979 1147 1042 in
1183 1002 1283 1043 me
1323 1001 1537 1045 amore
1573 980 1865 1065 cognovi,
1911 1001 2108 1063 eaque
2147 983 2299 1042 sunt

280 1067 480 1149 ipsius
527 1064 818 1132 Caesaris
863 1067 1205 1132 uberrimis
1261 1068 1498 1131 litteris
1556 1069 1945 1133 confirmata.
2047 1065 2299 1131 Britan-

201 1182 249 1221 ιο
276 1155 403 1218 nici
450 1154 604 1219 belli
652 1156 859 1220 exitus
921 1159 1353 1242 exspectatur3
1412 1160 1667 1221 constat
1725 1156 1893 1220 enim
1948 1156 2159 1220 aditus
2205 1156 2298 1219 in·

276 1242 454 1307 sulae
500 1264 638 1308 esse
680 1244 967 1309 munitos
1012 1244 1301 1308 mirificis
1348 1244 1644 1309 molibus.
1719 1244 1936 1308 Etiam
1973 1244 2134 1307 illud
2169 1244 2300 1308 iam

276 1331 606 1416 cognitum
652 1335 777 1416 est,
836 1353 1043 1416 neque
1089 1333 1340 1417 argenti
1389 1332 1736 1415 scripulum
1794 1354 1931 1397 esse
1976 1331 2180 1395 ullum
2228 1332 2297 1396 in

276 1420 388 1483 illa
422 1420 636 1484 insula
660 1441 868 1504 neque
910 1421 1110 1484 ullam
1139 1442 1316 1504 spem
1355 1422 1621 1504 praedae
1658 1420 1785 1485 nisi
1823 1442 1898 1485 ex
1935 1420 2297 1504 mancipiis3

278 1529 353 1570 ex
400 1507 635 1592 quibus
678 1509 893 1573 nullos
941 1514 1097 1592 puto
1145 1513 1210 1572 te
1254 1510 1492 1573 litteris
1540 1514 1652 1573 aut
1705 1508 1964 1573 musicis
2011 1509 2294 1573 eruditos

197 1622 247 1661 ιε
278 1600 660 1679 exspectare.
732 1595 971 1661 Paulus
1016 1596 1087 1661 in
1130 1597 1339 1661 medio
1384 1598 1526 1662 foro
1564 1597 1890 1661 basilicam
1928 1598 2056 1660 iam
2093 1619 2292 1680 paene
2332 1614 2360 1660 7
2391 1612 2518 1664 (xv1
2545 1616 2614 1657 ιι)

278 1684 500 1748 refecit
557 1684 759 1749 isdem
819 1685 1100 1769 antiquis
1161 1685 1474 1749 columnis
1482 1737 1499 1769 ,
1568 1685 1741 1748 illam
1805 1689 2045 1770 autem,
2104 1707 2296 1768 quam

277 1771 531 1856 locavit,
575 1772 730 1837 facit
776 1773 1491 1857 magnificentissimam.
1575 1771 1739 1848 Quid
1785 1774 2037 1857 quaeris
2053 1773 2086 1837 ‘P
2132 1773 2296 1837 nihil

278 1860 526 1944 gratius
571 1861 684 1925 illo
729 1865 1164 1945 monumento,
1208 1861 1375 1925 nihil
1420 1862 1780 1946 gloriosius.
1873 1861 2099 1944 Itaque
2144 1859 2295 1925 Cae-

279 1948 436 2013 saris
484 1948 698 2033 amici,
754 1971 855 2014 me
901 1949 1041 2015 dico
1090 1953 1152 2015 et
1199 1948 1505 2034 Oppium,
1561 1949 1943 2033 dirumparis
1991 1949 2165 2034 licet,
2224 1952 2296 2015 in

197 2065 248 2103 κο
276 2043 763 2102 monumentum
819 2038 1015 2123 illud,
1075 2039 1246 2122 quod
1292 2044 1366 2102 tu
1410 2039 1636 2102 tollere
1681 2039 1978 2102 laudibus
2025 2038 2296 2124 solebaS,

276 2130 351 2191 ut
406 2126 617 2190 forum
677 2126 1036 2191 laxaremus
1095 2131 1160 2190 et
1225 2148 1429 2211 usque
1502 2127 1580 2191 ad
1651 2127 1886 2191 atrium
1946 2125 2296 2191 Libertatis

277 2213 759 2298 explicaremus,
804 2215 1303 2299 contempsimus
1344 2215 1693 2279 sexcenties
1731 2212 1868 2300 HS3
1915 2236 2058 2279 cum
2087 2216 2296 2298 priva-

276 2302 363 2366 tis
421 2324 554 2367 non
609 2307 864 2386 poterat
924 2303 1197 2388 transigi
1256 2304 1502 2368 minore
1549 2304 1832 2387 pecunia.
1923 2303 2294 2367 Efficiemus

276 2412 411 2454 rem
456 2390 1014 2476 gloriosissimam3
1060 2414 1210 2455 nam
1253 2393 1326 2455 in
1369 2414 1592 2475 campo
1634 2390 1869 2455 Martio
1918 2395 2139 2474 saepta
2181 2393 2295 2455 tri·

196 2507 248 2545 25
278 2478 453 2542 butis
500 2479 779 2543 comitiis
825 2501 1179 2544 marmorea
1225 2501 1446 2543 sumus
1493 2485 1557 2543 et
1602 2484 1773 2544 tecta
1816 2480 2051 2544 facturi
2096 2500 2295 2562 eaque

276 2567 605 2651 cingemus
644 2566 891 2632 excelsa
927 2569 1199 2652 porticu,
1243 2573 1316 2632 ut
1353 2568 1528 2632 mille
1563 2590 1866 2651 passuum
1903 2567 2293 2632 conficiatur.

278 2652 484 2720 Simul
513 2655 896 2741 adiungetur
934 2656 1082 2720 huic
1119 2657 1297 2739 operi
1324 2657 1479 2720 villa
1516 2657 1709 2720 etiam
1738 2655 2008 2739 publica.
2073 2655 2295 2720 Dices:

279 2741 467 2819 ‘Quid
529 2744 688 2808 mihi
746 2742 871 2809 hoc
932 2748 1417 2808 monumentum
1477 2744 1760 2829 proderit
1771 2744 1828 2808 ‘P'
1917 2745 1963 2828 †
1991 2742 2094 2808 Ad
2140 2744 2294 2828 quid

275 2831 342 2895 id
403 2831 771 2896 laboramus
834 2854 936 2897 res
995 2830 1334 2896 Romanas,
1427 2830 1577 2896 Non
1638 2832 1807 2897 enim
1866 2836 1933 2896 te
1992 2836 2152 2915 puto
2218 2832 2294 2896 de

194 2948 247 2987 ω
276 2920 502 3005 lustro,
549 2921 719 3004 quod
765 2921 891 2984 iam
935 2921 1337 3004 desperatum
1382 2925 1498 3005 est,
1544 2924 1657 2984 aut
1693 2921 1769 2985 de
1815 2919 2084 3005 iudiciis,
2131 2942 2295 3005 quae

276 3008 414 3094 lege
457 3010 505 3094 †
542 3006 766 3074 Coctia
810 3009 989 3096 fiant,
1036 3030 1338 3093 quaerere

1163 3166 1401 3232 XVIII.

710 3272 824 3328 Ser.
865 3272 1072 3327 Romae
1107 3288 1187 3328 ex.
1225 3289 1293 3325 m.
1339 3271 1448 3326 Oct.
1488 3289 1538 3325 α.
1581 3276 1690 3326 700
1728 3274 1866 3339 (54).

878 3358 1166 3414 CICERO
1201 3357 1494 3412 ATTICO
1529 3358 1694 3413 SAL.

193 3478 247 3518 ⁸⁶
406 3449 446 3492 ²¹²
470 3449 509 3491 *
535 3448 575 3491 *
600 3451 647 3533 †
674 3447 863 3514 Nunc
900 3454 973 3513 ut
1002 3450 1370 3534 opinionem
1411 3448 1648 3513 habeas
1686 3469 1917 3531 rerum,
1962 3448 2290 3512 ferendum
2331 3467 2356 3511 1
2388 3464 2515 3512 (XVI
2542 3464 2584 3515 ⁹)

276 3543 388 3604 est.
494 3537 784 3622 Quaeris,
853 3558 972 3623 ego
1041 3560 1142 3602 me
1210 3542 1285 3602 ut
1356 3538 1679 3623 gesserim.
1781 3533 2169 3601 Constanter
2227 3542 2291 3598 et
