2642 3923
368 183 499 247 416
915 230 920 235 .
1009 183 1082 239 Μ.
1121 184 1338 252 frum
1375 183 1754 241 CICERONIS

53 349 85 394 4
107 346 278 393 ‹xx1x
312 348 354 395 ι)
506 325 647 391 Hoc
700 349 894 392 manu
947 349 1105 392 mea.
1200 325 1364 393 Cum
1421 328 1606 412 quasi
1665 328 1825 393 alias
1871 349 1973 393 res
2021 348 2397 412 quaererem

371 413 447 478 de
501 415 850 501 philologis
906 438 940 480 e
994 414 1209 502 Nicia,
1273 416 1615 481 incidimus
1661 418 1731 480 in
1776 415 2058 481 Talnam.
2149 414 2268 479 Ille
2315 415 2397 479 de

371 504 630 588 ingenio
687 503 852 568 nihil
887 504 1097 589 nimie,
1143 505 1507 569 modestum
1544 509 1608 569 et
1644 506 1835 590 frugi.
1911 504 2035 569 Sed
2068 505 2194 569 hoc
2228 504 2396 568 mihi

368 612 504 656 non
542 592 801 675 placuit.
878 591 960 658 Se
1007 594 1169 658 scire
1205 594 1418 658 aiebat
1454 593 1534 659 ab
1579 615 1653 658 eo
1691 615 1895 677 nuper
1931 593 2201 678 petitam
2241 591 2396 658 Cor-

369 680 669 765 nificiam,
717 679 787 756 Q.
834 680 1054 768 filiam,
1097 681 1382 746 vetulam
1430 704 1581 746 sane
1627 686 1693 746 et
1736 681 2087 746 multarum
2132 682 2396 764 nuptia·
2456 706 2484 747 5

370 790 540 852 rum3
602 790 735 832 non
781 791 920 834 esse
965 770 1313 853 probatum
1359 770 1757 855 mulieribus,
1804 770 1976 854 quod
2020 772 2115 835 ita
2159 770 2398 853 reperi·

369 859 540 940 rent,
603 878 738 922 rem
792 879 925 922 non
979 858 1286 923 maiorem
1342 874 1538 923 Dccc.
1630 857 1773 924 Hoc
1830 858 2053 943 putavi
2109 862 2173 923 te
2231 858 2396 922 scire

373 949 692 1029 oportere.

1169 1130 1178 1139 -
1264 1086 1498 1151 XXIX.

700 1189 814 1246 Ser.
844 1191 908 1244 in
948 1191 1262 1246 Tusculano
1309 1191 1400 1245 VI
1428 1191 1503 1245 K.
1530 1192 1662 1246 Iun.
1692 1210 1744 1246 a.
1776 1195 1887 1246 709
1925 1194 2062 1260 (45).
2427 1203 2483 1241 ιο

968 1296 1258 1352 CICERO
1294 1296 1586 1351 ATTICO
1623 1296 1786 1351 SAL.

208 1407 235 1453 1
273 1405 336 1456 (⁸)
507 1385 605 1451 De
665 1386 874 1452 hortis
938 1408 1017 1452 ex
1080 1388 1212 1451 tuis
1266 1388 1507 1452 litteris
1565 1388 1838 1472 cognovi
1892 1391 1957 1453 et
2014 1384 2395 1472 Chrysippo.

371 1474 451 1541 In
502 1475 684 1559 villa,
748 1475 928 1540 cuius
982 1475 1416 1540 insulsitatem
1470 1476 1633 1540 bene
1676 1496 1936 1562 noram,
1997 1476 2181 1540 video
2227 1477 2395 1541 nihil

374 1567 487 1628 aut
531 1585 733 1647 pauca
776 1567 1054 1648 mutata3
1098 1563 1428 1629 balnearia
1471 1568 1691 1629 tamen
1732 1564 1953 1628 laudat
1997 1564 2270 1652 maiora,
2318 1566 2393 1630 de

372 1651 735 1717 minoribus
790 1652 883 1717 ait
935 1652 1208 1717 hiberna
1264 1652 1431 1717 effici
1477 1674 1683 1737 posse.
1774 1650 1972 1717 Tecta
2017 1653 2220 1738 igitur
2266 1676 2394 1718 am-
2424 1680 2478 1720 ιε

371 1740 816 1805 bulatiuncula
888 1740 1261 1823 addendastz,
1334 1762 1527 1824 quam
1600 1745 1675 1805 ut
1747 1744 1998 1805 tantam
2060 1742 2391 1827 faciamus,
2602 1800 2603 1803 ,

375 1832 681 1914 quantam
724 1829 794 1893 in
840 1827 1200 1894 Tusculano
1245 1829 1532 1913 fecimus,
1576 1850 1777 1914 prope
1823 1829 2085 1895 dimidio
2122 1831 2390 1895 minoris

374 1918 701 1984 constabit
745 1918 874 1983 isto
920 1916 1081 1984 loco.
1154 1917 1258 1982 Ad
1294 1917 1362 1982 id
1398 1922 1631 2003 autem,
1676 1917 1847 2002 quod
1883 1918 2201 2003 volumus,
2246 1918 2392 2004 ἀφί-

374 2008 594 2092 δρυμα
635 2007 805 2071 1111111
849 2008 1064 2091 aptius
1109 2007 1362 2071 videtur
1408 2028 1601 2090 quam
1636 2007 1837 2092 lucus,
1882 2029 2071 2091 quem
2117 2028 2236 2092 ego
2282 2031 2394 2073 no·

373 2117 541 2181 ram3
600 2095 711 2159 sed
755 2094 1191 2160 celebritatem
1234 2095 1482 2159 nullam
1526 2100 1668 2159 tum
1710 2094 2018 2182 habebat,
2069 2118 2241 2161 nunc
2284 2119 2394 2160 au·
2421 2123 2475 2162 no

375 2184 480 2248 dio
535 2183 894 2248 maximam.
985 2181 1170 2247 Nihil
1224 2187 1351 2267 est,
1409 2182 1580 2268 quod
1634 2204 1753 2268 ego
1810 2184 2049 2248 malim.
2139 2182 2215 2249 In
2269 2184 2394 2249 hoc

374 2273 492 2337 τὸν
545 2273 764 2355 τῦφόν
808 2296 939 2355 μου
983 2273 1150 2357 πρὸς
1192 2278 1378 2337 θεῶν
1422 2274 1949 2357 τροποφόρησον.
2044 2271 2392 2357 Reliquum

374 2364 491 2445 est,
537 2360 593 2424 si
628 2359 938 2424 Faberius
984 2360 1175 2425 nobis
1220 2381 1458 2425 nomen
1492 2360 1654 2424 illud
1691 2360 1984 2446 explicat,
2028 2360 2167 2426 noli
2204 2383 2393 2446 quae-

372 2470 540 2535 rere,
603 2448 856 2534 quanti3
920 2446 1242 2512 Othonem
1302 2449 1521 2513 vincas
1578 2448 1744 2513 volo.
1836 2446 1972 2513 Nec
2028 2453 2246 2513 tamen
2299 2451 2392 2513 in·

373 2538 735 2602 saniturum
790 2536 973 2600 illum
1018 2540 1206 2621 puto;
1268 2558 1462 2601 nosse
1507 2536 1679 2601 enim
1724 2536 1886 2601 mihi
1930 2538 2257 2602 hominem
2301 2539 2393 2602 vi·
2419 2563 2475 2603 25

374 2626 542 2690 deor.
623 2623 726 2689 Ita
769 2625 935 2689 male
980 2629 1193 2689 autem
1240 2625 1429 2689 audio
1477 2625 1689 2709 ipsum
1735 2647 1871 2690 esse
1907 2629 2273 2711 tractatum,
2317 2630 2392 2690 ut

371 2713 533 2777 1111111
576 2713 687 2778 ille
732 2718 982 2797 emptor
1026 2735 1159 2778 non
1203 2735 1343 2779 esse
1387 2713 1697 2778 videatur.
1778 2711 1948 2789 Quid
1993 2715 2208 2779 enim?
2280 2738 2387 2798 pa-

205 2819 237 2868 2
275 2818 336 2872 (ε)
373 2802 662 2866 teretur?
736 2799 860 2866 Sed
919 2801 1073 2886 quid
1138 2801 1597 2887 argumentor?
1672 2801 1741 2867 Si
1796 2800 2225 2867 Faberianum
2288 2825 2390 2866 ex-

368 2891 588 2976 plicas,
635 2911 920 2954 emamus
964 2891 1066 2954 vel
1102 2910 1367 2975 magn03
1412 2890 1467 2954 si
1503 2890 1734 2974 minus,
1778 2912 1860 2955 ne
1895 2911 2095 2976 parvo
2135 2890 2392 2975 quidem

372 3000 729 3063 possumus.
825 2976 1112 3043 Clodiam
1157 2979 1378 3064 igitur.
1467 2977 1529 3041 A
1574 3000 1701 3062 qua
1745 2978 1888 3063 ipsa
1933 2979 2017 3043 ob
2064 3000 2204 3044 eam
2249 3001 2392 3043 cau·
2420 3005 2477 3044 ³0

375 3088 512 3133 sam
568 3087 824 3150 sperare
878 3066 1123 3150 videor,
1179 3067 1354 3151 quod
1412 3071 1479 3131 et
1523 3067 1731 3132 multo
1776 3067 2045 3132 minoris
2093 3072 2273 3154 sunt,
2327 3071 2395 3132 et

337 3154 747 3242 ,Dolabellae
808 3176 1045 3220 nomen
1102 3161 1237 3219 tam
1295 3155 1664 3239 expeditum
1723 3156 2003 3241 videtur,
2065 3160 2139 3221 ut
2195 3155 2393 3221 etiam

374 3243 960 3326 repraesentatione
1007 3243 1338 3308 confidam.
1422 3241 1520 3308 De
1562 3243 1772 3308 hortis
1821 3245 1993 3308 satis.
2075 3243 2231 3309 Cras
2280 3248 2395 3309 aut

373 3348 440 3395 te
492 3340 605 3394 aut
650 3352 930 3432 causam3
977 3353 1170 3416 quam
1207 3332 1466 3416 quidem
1504 3333 1738 3415 confido
1775 3332 2061 3398 futuram
2097 3332 2393 3398 Faberia-

372 3439 541 3482 nam.
634 3417 775 3501 Sed,
820 3418 876 3482 si
919 3423 1184 3503 poteris.
2420 3446 2479 3487 aa

70 3521 99 3567 3
128 3521 277 3567 (xxx
307 3527 346 3575 1)
514 3503 835 3571 Ciceronis
883 3508 1225 3590 epistulam
1269 3508 1394 3572 tibi
1439 3508 1670 3573 remisi.
1746 3471 1800 3572 Ο
1838 3513 1902 3572 te
1939 3509 2231 3594 ferreum,
2277 3507 2392 3592 qui
