2642 3923
325 183 448 247 124
960 181 1032 235 M.
1073 181 1285 235 TULLI
1324 179 1699 235 CICERONIS

317 326 497 390 idem.
587 323 773 389 Nihil
820 346 971 388 sane
1019 325 1312 388 iacturae.
1407 322 1751 388 Corruerat
1810 324 1975 388 alter
2020 329 2084 388 et
2129 325 2337 410 plane,

243 433 276 482 8
318 416 604 498 inquam,
660 413 923 477 iacebat.
1016 412 1357 477 Memmius
1418 417 1631 477 autem
1688 412 2004 497 dirempta
2058 414 2336 477 coitione

91 611 217 660 (XVI
243 612 284 656 6)

36 2371 293 2422 4(XV1⁷)

37 3511 68 3557 ὅ
97 3511 225 3561 (XVI
249 3512 292 3563 8)

316 503 518 567 invito
558 500 825 566 Calvino
863 501 1051 584 plane
1097 501 1432 566 refrixerat
1478 505 1544 565 et
1590 522 1665 565 eo
1706 502 1912 585 magis
1950 523 2119 565 nunc
2154 505 2333 565 totus

315 592 506 675 iacet,
574 589 744 672 quod
802 589 928 652 iam
999 589 1529 673 intellegebamus
1592 590 2095 653 enuntiationem
2154 589 2332 653 illam

315 678 575 742 Memmi
635 677 815 741 valde
876 675 1131 741 Caesari
1194 677 1541 760 displicere.
1633 676 1933 741 Messalla
1991 682 2210 741 noster
2267 681 2331 741 et
2386 703 2416 741 ⁵

315 768 451 832 eius
510 765 836 829 Domitius
906 764 1288 850 competitor
1359 765 1642 829 liberalis
1714 766 1780 829 in
1847 766 2087 849 populo
2149 765 2331 829 valde

315 855 457 920 fuit.
540 852 724 918 Nihil
769 854 1036 938 gratius.
1110 851 1287 917 Certi
1334 858 1515 917 erant
1560 853 1869 917 consules.
1944 851 2034 917 At
2072 858 2331 917 senatus

316 943 619 1025 decrevit,
680 946 754 1006 ut
813 942 1080 1005 tacitum
1140 941 1447 1005 iudicium
1506 945 1655 1006 ante
1714 941 1977 1005 comitia
2021 941 2205 1005 fieret
2249 941 2329 1005 ab

317 1031 395 1095 iis
443 993 748 1115 consiliis,
794 1051 955 1112 quae
1000 1033 1182 1093 erant
1226 1030 1272 1113 †
1300 1029 1599 1093 omnibus
1648 1030 1879 1093 sortita
1925 1030 1995 1093 in
2041 1029 2331 1114 singulos

316 1119 700 1184 candidatos.
774 1117 1050 1202 Magnus
1097 1118 1293 1181 timor
1339 1118 1837 1181 candidatorum.
1911 1114 2033 1182 Sed
2071 1118 2331 1201 quidam
2363 1144 2417 1181 ιο

316 1207 573 1292 iudices,
617 1206 686 1270 in
729 1205 833 1270 his
871 1204 1183 1290 Opimius,
1228 1203 1522 1291 Veiento,
1564 1204 1870 1291 Bantius,
1912 1205 2209 1270 tribunos
2247 1206 2330 1288 pl.

318 1295 748 1379 appellarunt,
811 1315 894 1357 ne
939 1294 1189 1357 iniussu
1234 1293 1457 1377 populi
1504 1293 1871 1357 iudicarent.
1963 1292 2091 1357 Res
2139 1293 2333 1379 cedit3

317 1384 576 1448 comitia
620 1382 818 1446 dilata
863 1403 939 1445 ex
987 1385 1246 1445 senatus
1294 1382 1619 1464 consulto,
1664 1382 1816 1445 dum
1860 1382 1962 1445 lex
2010 1382 2087 1445 de
2131 1382 2330 1446 tacito

317 1471 549 1535 iudicio
587 1471 877 1534 ferretur.
949 1468 1145 1533 Venit
1188 1470 1318 1554 legi
1356 1469 1506 1534 dies.
1580 1469 1917 1534 Terentius
1954 1469 2330 1533 intercessit.

319 1557 649 1644 Consules,
695 1559 806 1642 qui
852 1557 1011 1621 illud
1046 1557 1173 1621 levi
1218 1557 1482 1622 brachio
1523 1557 1824 1643 egissent,
1870 1580 2003 1622 rem
2040 1558 2120 1622 ad
2157 1578 2331 1621 sena·
2366 1583 2418 1623 ιο

317 1652 458 1711 tum
503 1646 885 1710 detulerunt.
974 1644 1098 1709 Hic
1138 1646 1395 1709 Abdera
1437 1668 1570 1710 non
1614 1651 1862 1710 tacente
1907 1667 2023 1710 me.
2113 1645 2332 1710 Dices:

319 1735 581 1799 ‘Tamen
615 1738 690 1798 tu
716 1755 850 1798 non
878 1734 1221 1816 quiescis?'
1284 1732 1573 1819 Ignosce,
1609 1734 1716 1798 vix
1755 1755 2035 1817 possum.
2090 1733 2332 1798 Verum

321 1828 534 1888 tamen
593 1822 744 1905 quid
804 1827 939 1885 tam
997 1822 1378 1886 ridiculum?
1471 1819 1742 1886 Senatus
1802 1822 2191 1906 decreverat,
2253 1844 2334 1885 ne

317 1911 497 1997 prius
543 1910 803 1976 comitia
845 1909 1285 1996 haberentur,
1319 1932 1510 1994 quam
1556 1911 1657 1975 lex
1704 1910 1837 1975 lata
1881 1914 2076 1995 esset3
2121 1910 2175 1975 si
2222 1910 2329 1995 qui

317 2001 806 2083 intercessisset,
887 2021 988 2064 res
1060 1999 1313 2084 integra
1385 2000 1745 2064 referretur.
1864 1997 2108 2083 Coepta
2179 1999 2332 2064 ferri
2364 2026 2416 2064 ιο

318 2090 570 2171 leviter,
624 2088 1042 2152 intercessum
1084 2108 1218 2151 non
1260 2088 1510 2172 invitis,
1564 2109 1668 2152 res
1715 2087 1795 2151 ad
1840 2091 2147 2151 senatum.
2238 2085 2335 2151 De

318 2199 393 2242 ea
436 2198 505 2242 re
549 2177 642 2240 ita
686 2180 1097 2258 censuerunt,
1152 2176 1414 2239 comitia
1466 2175 1676 2259 primo
1738 2197 1994 2260 quoque
2049 2181 2336 2259 tempore

316 2265 540 2329 haberi
587 2285 723 2328 esse
767 2285 802 2327 e
848 2285 918 2328 re
962 2227 1235 2347 publica.

456 2351 749 2437 Scaurus,
786 2352 899 2436 qui
934 2356 1071 2415 erat
1107 2351 1326 2434 paucis
1364 2350 1590 2415 diebus
1626 2350 1758 2415 illis
1797 2351 2153 2435 absolutuS,
2191 2372 2330 2415 cum

320 2461 439 2525 ego
475 2445 723 2524 partem
750 2440 886 2503 eius
917 2439 1323 2503 ornatissime
1351 2438 1787 2522 defendissem,
1833 2439 2332 2504 obnuntiationi
2367 2466 2417 2505 2⁵

320 2530 442 2594 bus
496 2550 610 2612 per
656 2526 1021 2607 Scaevolam
1081 2527 1482 2610 interpositis
1544 2527 1815 2611 singulis
1862 2527 2086 2591 diebus
2132 2549 2338 2610 usque

320 2618 401 2683 ad
442 2639 537 2701 pr.
581 2615 724 2681 Kal.
772 2601 1027 2680 Octobr.
1013 2665 1047 2699 .,
1093 2636 1220 2698 quo
1267 2634 1387 2700 ego
1433 2615 1587 2679 haec
1624 2615 1724 2680 die
1771 2615 2015 2699 scripsi,
2062 2616 2336 2680 sublatis

319 2705 599 2791 populo
606 2703 904 2768 tributim
950 2704 1121 2768 domi
1178 2725 1329 2767 suae
1385 2704 1542 2767 satis
1589 2703 1841 2767 fecerat.
1935 2703 2058 2768 Sed
2103 2708 2336 2787 tamen,

319 2795 442 2859 etsi
498 2794 757 2858 uberior
813 2791 1167 2856 liberalitas
1226 2791 1446 2875 huius,
1506 2792 1753 2876 gratior
1810 2813 1945 2856 esse
2000 2792 2336 2856 videbatur

320 2904 558 2965 eorum,
605 2880 715 2963 qui
761 2884 1159 2963 occuparant.
1236 2878 1549 2963 Cuperem
1585 2879 1837 2943 vultum
1872 2879 2087 2943 videre
2132 2884 2334 2962 tuum,
2365 2907 2419 2945 πο

318 2992 463 3036 cum
516 2970 672 3033 haec
730 2968 1002 3053 legeres3
1054 2990 1205 3032 nam
1259 2968 1547 3051 profecto
1608 2989 1788 3050 spem
1841 2967 2037 3032 habes
2089 2968 2335 3032 nullam

319 3058 474 3123 haec
519 3057 778 3142 negotia
820 3056 1171 3120 multarum
1206 3055 1639 3119 nundinarum
1679 3056 1833 3120 fore.
1908 3055 2029 3120 Sed
2075 3062 2336 3120 senatus

317 3146 508 3211 hodie
583 3146 793 3210 fuerat
858 3145 1142 3228 futurus,
1219 3144 1284 3207 id
1355 3148 1452 3208 est
1514 3143 1656 3208 Kal.
1717 3142 2133 3229 Octobribus3
2207 3145 2336 3209 iam

320 3236 489 3299 enim
531 3234 802 3298 luciscit.
892 3231 993 3296 Ibi
1048 3231 1349 3315 loquetur
1400 3239 1654 3316 praeter
1699 3231 1971 3297 Antium
2025 3237 2090 3297 et
2136 3231 2335 3297 Favo-

316 3323 497 3386 nium
540 3321 743 3385 libere
785 3340 999 3403 nem03
1057 3341 1207 3384 nam
1252 3318 1415 3384 Cato
1473 3323 1780 3405 aegrotat.
1872 3318 1971 3384 De
2023 3341 2125 3384 me
2170 3319 2335 3384 nihil
2364 3344 2418 3387 ³⁶

316 3409 627 3490 timueris,
673 3408 784 3473 sed
827 3412 1042 3471 tamen
1086 3409 1397 3490 promitto
1443 3408 1623 3484 nihil.

453 3495 619 3570 Quid
665 3495 915 3577 quaeris
962 3495 1178 3559 aliud?
1252 3495 1508 3580 Iudicia,
1555 3495 1755 3561 credo.
1829 3494 2099 3581 DrusuS,
2147 3493 2335 3561 Scau-
