2642 3923
572 219 1086 275 EPISTULARUM
1123 221 1221 274 AD
1259 221 1587 276 ATTIOUM
1623 221 1754 276 XIII
1790 227 1999 276 45—47
2013 239 2062 276 a.
2190 221 2320 285 429

298 364 554 448 signata
614 364 733 428 hac
781 365 1059 448 epistula
1102 370 1300 430 noctu
1348 366 1723 429 tabellarius
1768 369 1990 430 noster
2034 366 2211 429 venit
2257 369 2322 429 et

299 451 825 606 ἰξεῂξὲθξὲξθταε
872 453 1214 539 diligenter
1260 455 1534 538 scriptas
1582 453 1804 518 attulit
1849 458 1916 518 et
1961 454 2323 537 exemplum

1183 699 1444 765 XLVII.

245 831 270 872 5
679 820 793 877 Ser.
823 821 886 874 in
926 821 1237 876 Tusculano
1272 821 1362 876 Id.
1392 820 1536 876 Sext.
1566 839 1617 876 a.
1650 824 1762 877 709
1800 824 1937 890 (45).

904 944 1194 999 CICERO
1229 944 1523 999 ATTICO
1559 944 1723 999 SAL.

432 1050 978 1166 ‘Posteaquam
1050 1053 1183 1117 abs
1244 1058 1347 1137 te,
1419 1052 1943 1139 Agamemno',
2012 1075 2146 1118 non
2204 1054 2320 1118 ‘ut

298 1139 668 1204 venirem'
731 1138 910 1226 (nam
964 1140 1029 1204 id
1085 1163 1343 1225 quoque
1395 1142 1713 1224 fecissem,
1766 1142 1896 1205 nisi
1950 1142 2318 1226 Torquatus

297 1225 522 1314 esset),
587 1229 698 1293 sed
753 1233 828 1293 ut
881 1230 1253 1314 scriberem,
1307 1229 1615 1315 tetigit
1681 1251 1905 1294 aures
1968 1231 2318 1315 nuntius,

217 1343 270 1383 10
299 1317 720 1399 extemplo'
765 1317 1070 1382 instituta
1107 1317 1325 1403 omisi3
1370 1339 1461 1401 ea,
1489 1340 1652 1402 quae
1688 1319 1759 1381 in
1793 1318 2091 1383 manibus
2127 1318 2319 1383 habe·

295 1403 461 1488 bam,
500 1405 724 1489 abieci,
762 1405 987 1488 quod
969 1427 1267 1489 iusseras,
1304 1406 1570 1471 edolavi.
1644 1406 1743 1470 Tu
1778 1406 1969 1471 velim
2007 1430 2041 1471 e
2075 1406 2317 1472 Pollice

295 1514 643 1578 cognoscas
715 1494 999 1558 rationes
1061 1499 1319 1558 nostras
1386 1495 1836 1578 sumptuarias,
1939 1495 2152 1580 Turpe
2217 1500 2317 1561 est

296 1582 467 1647 enim
510 1581 700 1645 nobis
748 1582 959 1665 illum,
1016 1582 1497 1665 qualiscumque
1543 1587 1669 1665 est,
1723 1583 1847 1647 hoc
1890 1583 2098 1668 primo
2145 1605 2314 1649 anno

296 1691 500 1755 egere.
598 1668 757 1733 Post
821 1670 1295 1734 moderabimur
1361 1671 1750 1755 diligentius.
1849 1669 2028 1736 Idem
2089 1671 2313 1737 Pollex

218 1783 267 1823 16
295 1757 719 1822 remittendus
781 1762 907 1840 est,
969 1763 1045 1822 ut
1099 1758 1209 1822 ille
1263 1762 1495 1822 cernat.
1586 1758 1780 1822 Plane
1824 1758 2127 1825 Puteolos
2180 1782 2316 1825 non

295 1846 421 1910 fuit
468 1845 747 1910 eundum
793 1867 936 1910 cum
983 1847 1066 1910 ob
1105 1869 1197 1929 ea,
1243 1869 1406 1930 quae
1452 1846 1532 1910 ad
1569 1851 1634 1910 te
1672 1848 1919 1933 scripsi,
1961 1852 2104 1912 tum
2141 1849 2313 1932 quod

295 1932 529 2000 Caesar
592 1934 787 2000 adest.
892 1934 1229 2000 Dolabella
1290 1935 1517 2000 scribit
1577 1957 1645 2000 se
1703 1935 1785 2000 ad
1842 1958 1944 2002 me
2002 1936 2313 2022 postridie

293 2022 464 2088 Idus,
556 2021 610 2087 O
657 2023 1039 2109 magistrum
1083 2025 1454 2089 molestum!

1151 2216 1398 2282 XLVII
1409 2242 1461 2283 a.

214 2350 265 2388 20
701 2338 817 2395 Ser.
845 2338 1086 2394 Asturae
1119 2340 1233 2393 HI
1262 2339 1337 2393 Κ.
1367 2338 1511 2394 Sext.
1541 2357 1592 2393 a.
1625 2343 1736 2395 709
1775 2343 1912 2409 (45).

896 2461 1187 2518 CICERO
1220 2462 1511 2518 ATTICO
1544 2462 1710 2518 SAL.

423 2569 703 2654 Lepidus
767 2570 848 2635 ad
900 2592 1002 2634 me
1055 2570 1196 2635 heri
1241 2571 1498 2672 ‘vesperi
1549 2571 1801 2636 litteras
1855 2572 2034 2637 misit
2091 2570 2311 2639 Antio.
2352 2589 2379 2637 1
2420 2591 2481 2642 (2)

291 2656 463 2724 Nam
508 2659 602 2723 ibi
647 2663 801 2723 erat.
892 2658 1108 2723 Habet
1155 2660 1326 2723 enim
1369 2660 1651 2745 domum,
1705 2681 1898 2743 quam
1942 2682 2063 2725 nos
2099 2661 2313 2726 vendi-

294 2747 521 2811 dimus.
613 2746 828 2833 Rogat
882 2768 1119 2832 magno
1177 2768 1397 2833 opere,
1453 2751 1528 2812 ut
1579 2749 1702 2812 sim
1745 2748 1889 2814 Kal.
1942 2750 2015 2813 in
2059 2754 2314 2836 senatu3

213 2861 266 2902 ιε
292 2856 395 2901 me
451 2839 515 2899 et
569 2834 695 2900 sibi
749 2838 815 2900 et
864 2833 1120 2899 Caesari
1174 2836 1581 2901 vehementer
1626 2841 1884 2921 gratum
1930 2858 2068 2903 esse
2113 2839 2315 2903 factu-

292 2945 454 2988 rum.
551 2921 719 2988 Puto
785 2924 1077 3006 equidem
1138 2924 1305 2988 nihil
1365 2946 1519 2989 esse.
1616 2923 1906 2990 Dixisset
1963 2926 2135 2990 enim
2187 2926 2313 2992 tibi

293 3012 569 3076 fortasse
637 3011 882 3096 aliquid
941 3010 1214 3096 Oppius,
1274 3013 1581 3096 quoniam
1638 3011 1882 3077 Balbus
1942 3018 2042 3079 est
2105 3036 2309 3118 aeger.

294 3099 419 3165 Sed
473 3102 690 3165 tamen
748 3100 947 3164 malui
1002 3101 1219 3165 venire
1271 3102 1518 3165 frustra
1575 3122 1769 3186 quam
1823 3102 2192 3186 desiderari,
2253 3103 2311 3168 si

293 3208 457 3272 opus
503 3191 686 3253 esset.
759 3187 1031 3253 Moleste
1067 3190 1301 3253 ferrem
1338 3194 1579 3272 postea.
1650 3189 1888 3292 Itaque·
1912 3191 2105 3255 hodie
2131 3191 2311 3276 Anti,

212 3303 266 3345 so
293 3298 432 3340 cras
488 3279 638 3341 ante
680 3276 1011 3342 meridiem
1057 3276 1248 3341 domi.
1349 3277 1448 3342 Tu
1492 3278 1711 3364 velim,
1764 3278 1891 3343 nisi
1937 3284 2003 3343 te
2046 3280 2310 3364 impedi·

290 3364 463 3448 visti,
509 3364 681 3448 apud
722 3386 843 3429 nos
889 3387 981 3448 pr.
1019 3365 1160 3429 Kal.
1200 3388 1345 3430 cum
1388 3365 1571 3430 Pilia.

424 3454 516 3534 Te
570 3474 755 3536 spero
813 3474 959 3517 cum
1011 3452 1292 3518 Publilio
1352 3455 1711 3519 confecisse.
1802 3453 2121 3538 Equidem
2156 3454 2299 3520 Kal.
2339 3474 2371 3522 2
2408 3472 2470 3523 (³)

290 3543 359 3606 in
397 3540 829 3607 Tusculanum
871 3563 1221 3628 recurram3
1264 3564 1369 3607 me
1406 3543 1574 3608 enim
1612 3542 1877 3607 absente
1914 3542 2127 3606 omnia
2163 3563 2307 3608 cum
