2642 3923
1125 206 1185 261 P.
1217 214 1515 263 229—236.
2156 211 2332 266 LXIX

281 360 417 399 'non
459 348 523 399 ta
602 361 652 401 o.
712 377 776 388 —-
836 351 901 400 17
920 362 970 402 v,
999 344 1064 402 Ο.
1092 347 1154 401 Ε.
1186 347 1445 402 Schmidt
1492 348 1627 404 ‘Der
1660 349 2080 406 Briefweohsol’
2161 394 2173 406 .
2208 358 2331 422 145,

305 435 356 471 a.
377 418 428 471 d.
470 416 561 471 VI
624 416 757 472 Kal.
789 416 964 472 Mart.
983 416 1196 485 Baiter,
1235 421 1379 474 inter
1424 419 1550 474 VII
1559 426 1611 475 et
1636 420 1835 476 VKal.
1860 421 2034 479 Mart.
2063 369 2336 483 wpeaeub,

309 520 370 527 -—
422 493 489 541 23
533 489 584 542 is
627 485 1014 542 Hirschfelder
1056 488 1329 544 Fleckeis.
1363 490 1548 545 annal.
1583 496 1715 545 1871
1755 509 1811 562 p.
1842 497 1965 559 203,
2001 492 2039 548 i.
2062 508 2109 548 e.
2138 492 2327 549 Domi-

303 559 442 625 tius,
490 557 649 613 cuius
685 573 889 613 nomen
923 562 1058 629 post
1090 560 1325 630 triqinta
1361 561 1581 615 addunt
1616 562 1774 616 codd.
1804 566 2033 633 praeter
2067 563 2128 619 M
2165 563 2326 635 (Leh-

302 644 476 682 mann
511 629 629 684 Att.
657 646 711 700 p.
741 636 828 697 44,
868 632 1019 700 160),
1064 647 1133 686 0oe
1167 630 1348 698 codd„
1384 637 1436 687 et
1472 632 1623 699 edd.;
1682 632 2028 689 coniecersm
2062 633 2201 689 olim
2236 652 2326 692 σω-

299 700 530 771 peditas.
568 731 629 740 —
661 704 730 754 28
758 700 936 755 illud
961 717 1137 756 meum
1162 700 1334 770 Wes,
1370 718 1454 758 mc
1477 701 1623 757 Boot
1649 700 1893 773 (Observ.
1923 721 1977 775 p.
2000 707 2105 774 53),
2133 705 2325 762 nescio

300 773 433 824 uter
473 769 662 841 peius,
707 785 811 824 nec
854 769 1054 826 melius
1101 771 1210 826 del.
1241 769 1418 827 Cobet
1462 771 1664 828 Mnem
1695 773 1824 828 VHI
1865 791 1920 846 p.
1939 779 2046 830 464
2084 778 2145 830 et
2177 774 2244 830 N.
2270 776 2324 834 S.

307 839 434 894 vm
459 858 512 910 p.
537 846 639 894 197
676 841 821 913 quod
854 842 1090 897 dixerim
1125 845 1228 896 sut
1260 859 1365 898 scr.
1394 843 1540 908 Boot
1562 843 1766 899 Boosio
1795 847 2025 902 auctore
2051 846 2243 902 ducis.
2307 848 2327 915 ΙΙ

378 912 449 967 Ρ.
477 910 616 967 232.
638 917 668 965 7
687 927 735 966 v.
766 910 829 966 Ο.
850 910 912 966 Ε.
934 910 1190 967 Schmidt
1219 913 1353 968 ‘Der
1373 913 1789 970 Briefwechsel’
1806 932 1861 987 p.
1884 920 2007 985 146,
2033 918 2177 973 inter
2208 917 2335 973 VH

306 988 358 1037 ct
417 981 472 1036 V
519 981 654 1037 Kal.
692 979 842 1037 Wes.
920 1012 993 1026 -
1084 989 1152 1038 18
1206 1000 1312 1040 sua
1366 984 1530 1040 inser.
1582 987 1715 1041 ante
1768 987 2028 1043 amiserat
2077 985 2321 1056 Ernesti,

309 1051 587 1120 Wesenb.‚
632 1051 793 1121 Boot,
828 1070 882 1123 Ρ.
913 1058 1033 1108 838.
1066 1058 1133 1108 19
1170 1071 1289 1110 mea
1324 1053 1468 1110 Boot
1502 1055 1670 1110 solus.
1735 1058 1757 1127 ΙΙ
1817 1056 1890 1113 Ρ.
1919 1056 2057 1114 288.
2085 1062 2119 1113 6
2157 1075 2325 1128 Quum

306 1141 427 1178 eum
463 1123 610 1206 vulg.
638 1125 794 1191 vett„
828 1141 983 1193 quem
1016 1123 1120 1192 11¹,
1163 1141 1271 1195 quo
1302 1142 1427 1182 cum
1462 1125 1550 1179 Μ’
1585 1128 1681 1197 (ad
1715 1146 1768 1198 p.
1803 1133 1890 1187 40.
1921 1134 1987 1182 21
2014 1171 2030 1197 ,
2068 1130 2325 1199 quoniam

305 1212 428 1249 eum
473 1194 702 1248 Baitero
749 1197 978 1249 auctore
1020 1211 1160 1250 recc.
1219 1191 1286 1236 2-
1342 1201 1376 1251 8
1426 1196 1583 1266 Quod
1633 1197 1890 1253 Wesenb.
1908 1242 1922 1266 ‚
2024 1201 2145 1266 oot,
2200 1199 2324 1268 Qua

307 1265 487 1332 codd.‚
523 1264 672 1335 vulg.
703 1267 855 1333 vett,
891 1265 1101 1333 Baiter,
1137 1265 1359 1335 Tyn-el]
1397 1283 1480 1335 ep.
1513 1273 1620 1322 340
1650 1268 1709 1324 ‘i.
1733 1284 1777 1323 e.
1809 1268 2089 1338 epistulae
2114 1270 2320 1340 parte’.

310 1367 374 1376 —
434 1341 499 1390 19
520 1351 600 1403 sq.
629 1335 1019 1405 amplissimis?
1076 1337 1520 1405 Amplioribusns
1590 1369 1653 1381 -
1714 1340 1935 1406 ferebat.
2000 1339 2066 1395 Si
2142 1342 2324 1395 widem

306 1405 529 1473 Baiter,
582 1405 695 1460 nisi
740 1406 893 1474 quod
936 1406 1239 1461 semicolon
1283 1409 1477 1477 posuit
1519 1413 1653 1479 post
1695 1410 1925 1478 ferebat,
1985 1412 2044 1465 et
2132 1410 2319 1480 yrrell.

306 1477 397 1530 Ad
431 1495 485 1546 p.
520 1481 602 1531 16.
634 1482 716 1532 14.
772 1507 844 1517 -
897 1482 963 1530 21
1020 1479 1182 1547 quid
1231 1495 1384 1534 nunc
1435 1481 1615 1548 ipsum
1668 1481 1746 1536 de
1787 1497 1843 1536 ss
1886 1481 2055 1549 Boot,
2109 1481 2321 1547 Baiter,

306 1546 554 1617 Tyn-cll,
599 1544 2326 1622 quodad(om.0)nuncipsumnndesscodd.,quonwnc

307 1620 490 1687 ipsum
533 1618 681 1673 unde
722 1634 779 1674 se
824 1615 1084 1673 Wesenb.
1152 1619 1242 1673 Ad
1285 1637 1341 1690 p.
1382 1625 1465 1674 10.
1507 1626 1591 1675 24.
1647 1651 1719 1664 -
1772 1627 1840 1675 26
1888 1622 2060 1677 Nunc
2101 1620 2322 1692 Tyrrell

305 1688 535 1756 invitus,
569 1691 636 1743 ut
669 1686 906 1743 videtur.
936 1718 1004 1730 —
1034 1695 1101 1743 27
1132 1697 1330 1758 posset
1364 1690 1591 1746 defendi
1627 1706 1793 1760 posse
1819 1708 1932 1747 non
1958 1706 2120 1762 nego,
2149 1697 2326 1761 possit

304 1759 600 1830 scripsisse
654 1756 976 1814 Ciceronem
1026 1759 1205 1814 multo
1261 1760 1402 1814 mihi
1456 1762 1572 1815 veri
1628 1761 1868 1817 similius
1923 1763 2158 1818 videtur.
2233 1763 2323 1817 Ad

301 1847 358 1901 Ρ.
393 1835 512 1885 181.
545 1834 628 1886 25.
701 1832 720 1899 ΙΙ
802 1830 872 1886 Ρ.
900 1828 1040 1886 234.
1071 1836 1139 1885 14
1192 1833 1350 1886 iussu
1406 1832 1460 1885 ‘e
1504 1834 1636 1887 vett.
1677 1833 1801 1887 edd.
1831 1834 2130 1889 revocavit’
2179 1833 2326 1888 Boot

303 1901 429 1956 sine
481 1898 605 1955 nlla
657 1900 1009 1955 necessitate.
1067 1931 1134 1942 --
1192 1908 1258 1957 16
1278 1918 1361 1970 sq.
1407 1901 1590 1974 [non]
1633 1904 1897 1971 arbitror,
1941 1905 2002 1958 si
2050 1903 2320 2028 Nipsserd.

306 1970 511 2043 Opnsc.
538 1990 595 2043 Ρ.
626 1976 744 2026 467.
788 2004 849 2012 -
901 1978 969 2026 20
999 1971 1263 2028 Oinmam
1288 1972 1465 2042 Tyrr„
1500 1974 1726 2043 †unam
1751 1973 1917 2040 Bait„
1956 1972 2126 2042 Wes.‚
2210 1976 2323 2042 oot,

308 2044 624 2098 Oiwnanam
641 2041 782 2097 coni.
793 2041 952 2111 Boot,
967 2042 1258 2099 Sullanam
1274 2042 1467 2112 Orelli,
1485 2060 1750 2099 summam
1763 2044 1850 2099 Fr.
1864 2043 2119 2099 Schmidt
2136 2061 2320 2115 progr.

302 2112 709 2168 Norimb.1879
778 2118 886 2168 .28.
924 2113 1015 2168 Ad
1039 2113 1171 2168 farn.
1191 2120 1441 2185 Ρ.19.10.
1475 2145 1540 2156 -
1570 2119 1638 2169 28
1665 2116 1955 2170 nocendis
1971 2113 2143 2182 Wes„
2180 2113 2327 2169 Boot

344 2183 565 2251 robab„
611 2185 705 2239 hec
805 2183 851 2251 ²,
895 2190 947 2239 ct
982 2183 1081 2237 Ml.
1155 2184 1246 2239 Ad
1291 2203 1344 2254 p.
1380 2190 1461 2239 12.
1492 2189 1540 2239 6.
1592 2215 1665 2227 -
1718 2192 1785 2239 29
1804 2203 1851 2241 v.
1881 2184 1944 2241 Ο.
1974 2185 2038 2240 Ε.
2069 2183 2325 2241 Schmidt

303 2203 446 2310 PDer
469 2253 716 2309 Briefw?
746 2271 801 2324 p.
825 2259 946 2322 145,
983 2254 1181 2310 VKaz.
1201 2255 1412 2323 Baiter,
1431 2257 1574 2311 inter
1597 2255 1702 2311 Vet
1718 2256 1831 2311 III
1849 2256 1982 2311 Kal.
2003 2254 2265 2311 Wesenb.
2316 2256 2324 2329 Ι

382 2325 455 2380 Ρ.
481 2324 618 2381 235.
647 2330 680 2381 5
726 2331 788 2380 et
839 2325 974 2395 quid
1025 2326 1214 2394 codd,
1269 2324 1490 2394 Tyrrell
1542 2342 1628 2397 ep.
1658 2332 1789 2394 341,
1831 2325 1868 2381 i.
1891 2342 1937 2381 e.
1995 2329 2054 2382 et
2097 2343 2217 2381 rem
2264 2341 2297 2381 e

306 2410 497 2450 meum
520 2394 809 2462 iudicium,
845 2401 897 2451 et
921 2412 1027 2451 om.
1046 2395 1197 2466 vulg.
1218 2427 1287 2437 —
1317 2402 1387 2451 14
1415 2397 1536 2452 licet
1560 2397 1703 2451 illud
1730 2398 1989 2467 quidem
2017 2397 2158 2451 coni.
2179 2397 2325 2451 Boot

308 2468 371 2522 et
402 2465 634 2537 Madvig
667 2466 895 2521 Advers.
931 2464 985 2519 11
1027 2484 1082 2538 p.
1113 2472 1244 2534 236,
1291 2468 1427 2522 licet.
1480 2468 1639 2521 Illud
1673 2474 1854 2522 tamen
1891 2468 2049 2522 codd.
2081 2470 2141 2522 et
2177 2468 2321 2535 edd,

302 2538 409 2593 sed
436 2536 698 2592 Wesenb.
728 2538 845 2593 dies
878 2538 1041 2607 †sed.
1074 2569 1137 2578 —
1171 2543 1238 2592 15
1273 2538 1547 2593 dedecoris
1581 2539 1646 2591 in
1669 2539 1872 2593 studiis
1895 2538 1998 2607 Μ’,
2038 2537 2321 2606 Wesenb.‚

304 2610 556 2664 dedecori
596 2609 702 2663 sim
745 2608 810 2662 in
841 2608 1043 2663 studiis
1077 2606 1178 2662 Μ’.
1324 2608 1396 2664 Ρ.
1417 2608 1553 2664 236.
1576 2613 1644 2663 14
1681 2610 1778 2678 qui
1812 2607 2154 2663 Buechelero
2193 2624 2322 2662 auc-

302 2682 428 2734 tore
474 2677 582 2733 del.
611 2677 829 2747 Baiter,
874 2676 1189 2749 Wesenb..(
1296 2696 1353 2750 p.
1383 2683 1467 2734 24.
1498 2681 1569 2745 8),
1616 2680 1707 2733 illi
1739 2679 1957 2748 quidem
1990 2678 2138 2750 vulg.
2168 2681 2321 2746 vett„

301 2749 528 2820 Tyn-en
565 2765 648 2819 ep.
671 2754 795 2817 842,
832 2765 960 2804 cum
994 2764 1159 2804 cruce
1192 2747 1339 2803 Boot
1373 2748 1514 2804 coni.
1536 2750 1626 2803 illi
1659 2751 1811 2818 sequi
1836 2750 2067 2804 alterum
2093 2750 2324 2816 malma,

300 2837 406 2877 nos
439 2826 709 2876 neuin-mn.
738 2849 808 2863 -·
840 2818 921 2874 Ib.
949 2826 1195 2875 motmunt
1225 2819 1376 2890 vulg.
1405 2822 1557 2887 vett„
1595 2818 1805 2888 Baiter,
1842 2817 2124 2886 Wesenb.‚
2160 2819 2323 2886 Boot,

302 2898 582 2947 manmmt
644 2892 1009 2960 nostrumque)
1053 2889 1112 2945 M
1147 2890 1410 2961 (fortasse
1455 2905 1488 2946 e
1522 2907 1570 2945 V.
1603 2896 1670 2944 15
1706 2891 2148 2959 remansimus),
2198 2907 2325 2944 cum

303 2959 567 3018 crucibus
747 2959 823 3015 ell
868 2961 1007 3017 coni.
1038 2968 1333 3030 amentavit,
1380 2962 1675 3030 infamant,
1722 2962 2003 3028 inaniunt,
2051 2960 2323 3029 μηνίοντα

300 3032 518 3089 habant.
546 3061 618 3074 —
655 3031 721 3087 16
757 3033 1089 3087 occurrimus
1123 3031 1249 3086 sine
1281 3047 1445 3086 cruce
1482 3032 1624 3099 edd„
1663 3047 2005 3100 quamquam
2029 3031 2175 3085 Boot
2209 3047 2322 3085 non

300 3102 640 3174 intellegere
672 3117 736 3157 se
767 3101 998 3170 fatetur,
1035 3104 1271 3158 occurrit
1303 3104 1494 3158 melius
1528 3102 1682 3157 idem
1716 3101 1917 3156 Mnem
1951 3106 2089 3156 1893
2161 3146 2169 3155 .
2197 3107 2316 3156 118.

303 3205 375 3217 --
413 3179 483 3229 18
503 3190 586 3243 sq.
624 3173 663 3244 †
679 3180 781 3230 aut
813 3175 1096 3243 utrimque
1122 3204 1193 3214 -
1217 3191 1314 3227 nec
1341 3180 1453 3228 tam
1482 3175 1810 3242 proscriptio
1836 3172 2049 3241 Baiter,
2131 3171 2319 3241 yrrell,

303 3252 355 3301 et
388 3246 551 3316 quati
582 3244 866 3314 umusqw
899 3246 957 3299 vi
980 3245 1274 3313 mancipiis
1299 3274 1370 3283 -—
1397 3245 1588 3315 †iptio
1615 3242 1896 3311 Wesenb.‚
1933 3250 2034 3298 aut
2068 3243 2325 3310 †ntrius·

344 3334 407 3372 uc
442 3316 508 3371 in
543 3331 718 3370 manc.
773 3344 844 3357 -
896 3331 995 3370 nec
1029 3322 1142 3370 tam
1169 3358 1180 3370 .
1214 3357 1225 3368 .
1257 3358 1270 3370 .
1344 3316 1479 3383 iptio
1515 3313 1660 3369 Boot
1696 3314 1837 3369 coni.
1869 3330 1995 3367 cum
2032 3312 2321 3382 Madvigio

302 3334 444 3442 adv.
472 3385 554 3440 111
631 3428 641 3440 .
673 3391 776 3441 179
812 3392 1013 3441 aestate
1047 3392 1163 3440 aut
1198 3385 1487 3440 alterins
1521 3392 1621 3440 ant
1655 3386 1938 3455 utriusque
1974 3385 2328 3454 (immanibus

305 3456 535 3512 addidit
568 3402 820 3527 fladvig)
855 3457 1027 3525 copiis
1061 3472 1130 3511 cx
1162 3458 1313 3511 omni
1345 3473 1533 3526 yenere
1567 3456 1797 3512 collectis
1806 3476 1830 3523 ;
1863 3471 1963 3510 nec
1997 3461 2111 3537 tani
2136 3456 2326 3521 sinqu-

302 3528 483 3585 lorum
518 3527 851 3597 proscriptio
893 3529 1011 3598 (nec
1042 3533 1157 3583 tam
1189 3528 1426 3596 direptio
1460 3525 1712 3597 Madvig)
1748 3555 1817 3568 -
1854 3525 2184 3581 denuntiata
2220 3538 2330 3577 esse
