2642 3923
338 159 470 223 472
976 159 1049 216 M.
1089 159 1302 214 TULLI
1340 159 1717 216 CICERONIS

335 301 524 378 Quid
600 325 856 386 speres
931 304 1015 367 de
1086 303 1285 387 illis,
1356 303 1435 367 in
1500 303 2009 367 Tusculanum
2084 304 2169 367 ad
2243 326 2361 367 me

337 391 543 455 scrib
561 392 636 455 e.’

467 479 681 543 Habes
727 478 908 543 Hirti
951 480 1304 563 epistulam.
1383 476 1503 543 Oui
1547 479 1848 562 rescripsi
1892 481 1986 543 nil
2023 480 2169 543 illos
2208 480 2362 543 cali-

335 566 476 631 dius
524 568 804 652 cogitare
850 568 1039 651 idque
1086 568 1475 632 confirmavi.
1549 566 1710 654 Hoc,
1758 568 2214 652 qualecumque
2259 590 2357 631 es·

335 659 451 740 set,
495 660 559 719 te
607 657 768 719 scire
812 657 1007 719 volui.
2300 696 2303 697 ν
2418 681 2447 722 5

467 742 824 829 Obsignata
860 745 988 808 iam
1015 743 1257 807 Balbus
1296 744 1376 807 ad
1412 765 1512 807 me
1552 742 1890 807 Serviliam
1917 744 2176 829 redisse,
2205 765 2355 807 con-

333 831 587 896 firmare
631 854 764 896 non
809 832 1215 896 discessuros
1307 829 1498 895 Nunc
1544 838 1841 915 exspecto
1890 855 1927 895 a
1972 836 2037 896 te
2081 832 2356 896 litteras.

1272 1007 1417 1075 VII.

553 1128 665 1183 Ser.
690 1129 754 1183 in
793 1130 1105 1183 Tusculano
1152 1129 1206 1182 V
1235 1136 1335 1183 aut
1369 1129 1469 1182 IV
1499 1128 1573 1182 K.
1605 1129 1733 1182 Iun.
1765 1147 1816 1183 a.
1850 1133 1959 1183 710
1998 1132 2134 1197 (44).

937 1251 1225 1306 CICERO
1261 1251 1550 1306 ATTICO
1586 1252 1751 1307 SAL.
2386 1264 2438 1303 ιο

466 1357 754 1445 Gratum,
801 1360 972 1445 quod
1015 1359 1175 1424 mihi
1222 1360 1556 1444 epistulas3
1604 1382 1765 1443 quae
1813 1360 2068 1444 quidem
2105 1382 2206 1424 me
2246 1360 2349 1424 de-

332 1448 668 1533 lectarunt,
711 1449 782 1512 in
824 1448 1049 1531 primis
1098 1447 1277 1512 Sexti
1324 1448 1547 1512 nostri.
1621 1448 1836 1512 Dices:
1885 1449 2058 1532 equia
2104 1453 2171 1513 te
2215 1449 2351 1513 lau·

333 1536 482 1600 dat'.
536 1535 703 1600 Puto
741 1536 1098 1601 mehercule
1134 1537 1200 1600 id
1229 1558 1483 1621 quoque
1521 1558 1658 1600 esse
1695 1559 1940 1622 causae,
1969 1538 2077 1600 sed
2114 1541 2348 1619 tamen,

333 1624 527 1688 etiam
574 1629 915 1708 antequam
960 1625 1039 1689 ad
1085 1647 1232 1688 eum
1266 1625 1479 1689 locum
1515 1625 1679 1707 veni,
1724 1626 1908 1690 valde
1946 1625 2106 1690 mihi
2143 1626 2349 1710 place-

333 1713 445 1776 bat
498 1734 644 1776 cum
709 1735 932 1777 sensus
987 1714 1122 1778 eius
1179 1714 1254 1776 de
1317 1736 1386 1776 re
1440 1713 1697 1796 publica
1752 1717 1891 1777 tum
1941 1736 2137 1796 yenus
2197 1716 2347 1778 scri·
2381 1739 2429 1780 15

331 1801 538 1865 bendi.
646 1799 904 1865 Servius
976 1824 1126 1865 vero
1190 1802 1557 1884 pacificator
1619 1824 1764 1865 cum
1826 1802 2160 1867 librariolo
2229 1825 2348 1867 suo

331 1890 585 1953 videtur
631 1891 843 1953 obisse
887 1890 1273 1975 legationem
1319 1893 1383 1952 et
1422 1911 1639 1953 omnes
1678 1890 2115 1973 captiunculas
2154 1892 2348 1975 perti-

330 2001 621 2043 mescere.
713 1978 1038 2042 Debuerat
1092 1982 1306 2042 autem
1359 1999 1492 2042 non
1548 1978 1647 2041 ‘ex
1701 1979 1841 2042 iure
1895 2001 2156 2043 manum
2202 2001 2349 2044 con-

332 2067 616 2151 sertum',
662 2067 774 2130 sed
820 2089 981 2150 quae
1029 2071 1412 2151 sequuntur3
1457 2070 1658 2149 tuque
1707 2068 1960 2131 scribes,

1245 2241 1423 2307 VIII.
2381 2271 2434 2316 20

637 2364 748 2420 Ser.
780 2366 844 2418 in
884 2365 1196 2419 Tusculano
1223 2365 1374 2432 prid.
1406 2363 1479 2418 K.
1509 2364 1638 2418 Iun.
1669 2368 1862 2419 a.·710
1901 2368 2036 2433 (44).

930 2486 1217 2542 CICERO
1252 2486 1543 2541 ATTICO
1581 2486 1744 2542 SAL.

458 2595 618 2660 Post
672 2600 856 2659 tuum
913 2596 1260 2659 discessum
1315 2595 1501 2659 binas
1557 2619 1594 2659 a
1648 2594 1852 2660 Balbo
1910 2594 2104 2681 (nihil
2158 2594 2345 2680 novi)

326 2685 606 2768 itemque
653 2685 733 2748 ab
783 2683 1019 2766 Hirtio,
1065 2684 1176 2767 qui
1222 2705 1288 2747 se
1328 2684 1550 2747 scribit
1587 2684 1989 2748 vehementer
2029 2684 2344 2748 offensum

327 2794 462 2838 esse
523 2773 856 2837 veteranis,
948 2772 1299 2855 Exspectat
1347 2772 1626 2857 animus,
1681 2773 1985 2855 quidnam
2031 2793 2218 2855 agam
2264 2773 2343 2836 de
2374 2800 2430 2840 25

324 2860 401 2925 K.
443 2860 707 2945 [Mart]
781 2861 935 2924 Misi
981 2861 1180 2945 igitur
1218 2860 1518 2923 Tironem
1556 2864 1620 2923 et
1656 2882 1798 2924 cum
1835 2860 2070 2924 Tirone
2106 2860 2344 2947 plureS,

326 2949 561 3033 quibus
620 2948 918 3033 singulis,
977 2952 1051 3012 ut
1097 2949 1369 3032 quicque
1415 2948 1776 3035 accidisset,
1834 2949 2015 3012 dares
2069 2949 2344 3032 litteras,

326 3041 518 3121 atque
567 3037 760 3102 etiam
807 3037 1034 3119 scripsi
1079 3037 1159 3100 ad
1203 3036 1563 3100 Antonium
1609 3037 1685 3100 de
1730 3037 2078 3121 legatione,
2135 3058 2234 3120 ne,
2283 3039 2341 3100 si

326 3126 405 3190 ad
476 3125 878 3190 Dolabellam
951 3126 1161 3189 solum
1233 3125 1657 3212 scripsissem,
1729 3126 2067 3189 iracimdus
2140 3124 2341 3189 homo

324 3219 843 3284 commoveretur.
936 3212 1114 3288 Quod
1173 3218 1383 3277 autem
1442 3214 1653 3277 aditus
1700 3214 1779 3277 ad
1825 3236 1969 3277 eum
2016 3213 2339 3277 difficilior
2367 3242 2426 3280 30

326 3325 462 3367 esse
508 3303 759 3388 dicitur,
805 3303 1034 3385 scripsi
1078 3302 1156 3365 ad
1203 3302 1642 3385 Eutrapelum,
1689 3307 1761 3365 ut
1808 3303 1863 3365 is
1912 3302 1969 3366 ei
2014 3323 2187 3365 meas
2234 3302 2340 3366 lit-

323 3395 495 3453 teras
551 3391 864 3474 redderet3
927 3391 1248 3475 legatione
1301 3389 1464 3453 mihi
1522 3411 1683 3473 opus
1740 3413 1893 3455 esse.
1988 3389 2338 3454 Honestior

324 3482 421 3540 est
466 3479 699 3561 votiva,
748 3479 856 3542 sed
900 3479 1049 3542 licet
1095 3479 1192 3541 uti
1238 3483 1524 3563 utraque.
