2642 3923
709 220 1221 276 EPISTULARUM
1257 223 1355 276 AD
1393 221 1717 278 ATTIGUM
1752 222 1779 274 Ι
1818 227 1900 275 17.
2224 219 2307 282 27

293 362 363 426 ιιι
409 384 537 446 qua
581 365 865 448 exponis,
913 385 1071 448 quas
1116 365 1454 429 facultates
1502 370 1614 429 aut
1659 364 2152 448 provincialium
2197 367 2311 427 aut

294 451 686 515 urbanorum
748 452 1225 517 commodorum
1288 457 1354 516 et
1418 453 1560 517 aliis
1620 453 2018 554 temporibus
2082 457 2147 516 et
2209 472 2311 516 me

293 540 438 623 ipso
477 541 745 603 consule
790 541 1304 625 praetermiseris.
1397 540 1560 605 Mihi
1615 542 1784 605 enim
1829 543 2164 624 perspecta
2216 543 2313 604 est

295 631 360 690 et
393 628 758 712 ingenuitas
802 633 866 692 et
911 629 1287 713 magnitudo
1335 630 1531 693 animi
1568 629 1694 713 tui3
1738 651 1944 713 neque
1983 648 2102 713 ego
2140 629 2311 692 inter

239 741 267 782 a
294 737 397 779 me
435 720 626 799 atque
661 721 728 780 te
773 717 1113 801 quicquam
1157 717 1468 781 interesse
1511 739 1816 801 umquam
1861 717 2013 780 duxi
2058 720 2311 800 praeter

296 803 693 868 voluntatem
729 805 1067 869 institutae
1104 805 1292 890 vitae,
1339 806 1511 888 quod
1555 828 1655 869 me
1694 806 1963 869 ambitio
2002 805 2310 888 quaedam

296 892 376 956 ad
418 891 733 957 honorum
783 892 1082 978 studium,
1126 898 1192 957 te
1238 897 1452 957 autem
1498 893 1624 958 alia
1667 894 1928 957 minime
1976 891 2309 976 reprehen-

295 980 500 1043 denda
516 981 683 1045 ratio
704 982 785 1045 ad
810 981 1153 1045 honestum
1180 982 1386 1045 otium
1407 982 1607 1046 duxit.
1644 981 1815 1052 Vera
1844 981 2099 1066 quidem
2124 980 2311 1044 laude

295 1068 669 1155 probitatis,
714 1069 1107 1154 diligentiae,
1162 1069 1495 1155 religionis
1538 1091 1745 1154 neque
1789 1092 1891 1133 me
1936 1070 2058 1133 tibi
2102 1091 2310 1153 neque

213 1183 268 1224 10
297 1177 679 1241 quemquam
717 1163 1055 1241 antepono,
1101 1158 1338 1222 amoris
1375 1179 1525 1222 vero
1565 1178 1716 1242 erga
1751 1180 1869 1242 me,
1915 1179 2059 1222 cum
2107 1180 2144 1221 a
2187 1158 2310 1220 fra-

293 1250 477 1309 terno
534 1267 748 1309 amore
802 1246 1275 1330 domesticoque
1347 1246 1627 1331 discessi,
1700 1246 1821 1310 tibi
1898 1246 2137 1329 primas
2210 1245 2310 1308 de·

292 1333 446 1397 fero.
547 1332 700 1397 Vidi
766 1335 961 1418 enim,
1024 1334 1152 1398 vidi
1216 1335 1598 1418 penitusque
1661 1334 1956 1420 perspexi
2020 1334 2087 1397 in
2150 1333 2308 1397 meis

292 1422 489 1485 variis
553 1422 951 1506 temporibus
1011 1427 1076 1487 et
1139 1423 1599 1486 sollicitudines
1675 1427 1738 1486 et
1800 1422 2079 1486 laetitias
2144 1425 2307 1487 tuas,

293 1507 446 1572 Fuit
499 1509 659 1574 mihi
714 1532 900 1593 saepe
955 1514 1017 1574 et
1071 1510 1277 1574 laudis
1332 1515 1592 1575 nostrae
1645 1510 1995 1595 gratulatio
2049 1513 2164 1574 tua
2219 1510 2310 1573 iu·

211 1625 265 1665 15
294 1597 499 1661 cunda
544 1601 609 1662 et
653 1598 905 1662 timoris
953 1598 1306 1663 consolatio
1354 1604 1556 1683 grata.
1630 1599 1800 1675 Quin
1841 1598 2002 1663 mihi
2036 1619 2209 1662 nunc
2243 1601 2309 1662 te

294 1685 560 1750 absente
620 1707 753 1750 non
817 1687 1025 1750 solum
1090 1687 1457 1772 consilium,
1519 1709 1645 1771 quo
1710 1692 1786 1751 tu
1849 1686 2137 1772 excellis,
2200 1687 2309 1750 sed

293 1775 488 1839 etiam
548 1774 857 1839 sermonis
913 1776 1432 1858 communicatio,
1497 1797 1657 1857 quae
1714 1774 1874 1838 mihi
1928 1774 2310 1839 suavissima

295 1868 504 1925 tecum
561 1864 723 1927 solet
780 1884 944 1949 esse,
1006 1863 1278 1926 maxime
1338 1863 1513 1926 deest
1571 1899 1653 1908 —
1712 1862 1866 1946 quid
1928 1862 2176 1926 dicam?
2240 1863 2310 1925 in

294 1951 632 2035 publicane
676 1974 770 2036 re,
827 1973 953 2035 quo
990 1952 1058 2015 in
1104 1972 1334 2037 genere
1379 1951 1537 2015 mihi
1583 1951 1947 2036 neglegenti
1995 1972 2133 2015 esse
2175 1973 2310 2015 non

212 2067 267 2107 ao
296 2040 471 2125 licet,
518 2061 601 2104 an
644 2040 715 2103 in
757 2041 998 2104 forensi
1043 2040 1289 2127 labore,
1336 2062 1523 2123 quem
1571 2044 1758 2104 antea
1801 2044 2067 2123 propter
2112 2039 2308 2103 ambi·

293 2128 537 2192 tionem
591 2128 980 2193 sustinebam
995 2181 1013 2215 ,
1065 2150 1259 2213 nunc,
1311 2133 1387 2191 ut
1442 2128 1822 2212 dignitatem
1876 2127 2047 2192 tueri
2100 2129 2310 2211 gratia

293 2216 557 2301 possim,
603 2238 685 2280 an
729 2219 798 2280 in
844 2217 1001 2300 ipsis
1047 2216 1414 2280 domesticis
1459 2217 1758 2302 negotiis,
1804 2218 1873 2279 in
1915 2216 2149 2299 quibus
2187 2236 2307 2300 ego

293 2326 440 2369 cum
503 2308 689 2368 antea
750 2309 891 2368 tum
952 2327 1103 2369 vero
1168 2309 1317 2389 post
1372 2304 1720 2369 discessum
1778 2305 1998 2369 fratris
2054 2309 2118 2367 te
2183 2325 2309 2368 ser·

292 2413 641 2476 monesque
674 2397 934 2457 nostros
970 2392 1301 2457 desidero?
1353 2391 1686 2457 Postremo
1724 2414 1856 2457 non
1890 2392 2075 2456 labor
2111 2413 2310 2478 meus,

212 2507 266 2548 ιε
292 2501 426 2545 ιιοιι
471 2482 748 2565 requieS,
802 2502 933 2545 non
974 2481 1337 2566 negotium,
1388 2502 1521 2545 non
1568 2481 1798 2566 otium,
1847 2502 1978 2544 non
2022 2480 2307 2544 forenses

292 2591 416 2655 res,
458 2591 589 2633 non
635 2569 1035 2653 domesticae,
1078 2590 1203 2634 non
1236 2569 1538 2651 publicae,
1586 2591 1720 2633 non
1763 2570 2050 2652 privatae
2096 2590 2309 2632 carere

293 2657 537 2722 diutius
584 2664 699 2721 tuo
747 2658 1124 2721 suavissimo
1183 2661 1374 2740 atque
1429 2658 1872 2721 amantissimo
1921 2657 2189 2721 consilio
2238 2678 2310 2720 ac

296 2766 587 2810 sermone
632 2749 920 2829 possunt.

426 2833 642 2917 Atque
685 2833 914 2897 harum
958 2855 1173 2897 rerum
1217 2832 1883 2897 commemorationem
1933 2832 2311 2896 verecundia

212 2950 269 2989 so
298 2943 486 3006 saepe
547 2921 878 3005 impedivit
941 2922 1277 3005 utriusque
1337 2925 1659 3003 nostrum3
1724 2941 1896 2984 nunc
1959 2924 2173 2984 autem
2237 2942 2310 2985 ea

293 3010 420 3075 fuit
462 3010 817 3075 necessaria
860 3012 1123 3093 propter
1168 3030 1305 3073 eam
1351 3012 1600 3092 partem
1637 3008 1949 3092 epistulae
1982 3011 2152 3093 tuae,
2195 3030 2310 3091 per

296 3120 489 3183 quam
550 3102 616 3162 te
679 3120 752 3162 ac
814 3118 1021 3161 mores
1084 3102 1233 3161 tuos
1293 3096 1454 3160 mihi
1508 3101 1818 3181 purgatos
1874 3117 1947 3160 ac
1998 3097 2308 3179 probatos

295 3208 434 3251 esse
496 3186 778 3251 voluisti
878 3187 1092 3270 Atque
1153 3186 1225 3248 in
1287 3186 1414 3248 ista
1476 3185 1995 3249 incommoditate
2049 3185 2309 3249 alienati

295 3275 471 3339 illius
504 3275 704 3338 animi
742 3278 807 3339 et
844 3274 1069 3339 offensi
1106 3273 1267 3337 illud
1310 3273 1480 3337 inest
1514 3275 1731 3336 tamen
1767 3273 2102 3358 commodi,
2139 3272 2310 3357 quod

216 3388 268 3429 ιε
296 3367 360 3427 et
404 3362 564 3426 mihi
611 3367 676 3427 et
721 3362 946 3427 ceteris
994 3361 1210 3426 amicis
1257 3361 1391 3441 tuis
1444 3365 1602 3425 nota
1644 3360 1771 3424 fuit
1818 3364 1882 3424 et
1928 3360 2043 3424 abs
2088 3364 2155 3424 te
2202 3361 2311 3425 ali·

296 3451 548 3536 quando
604 3455 751 3515 ante
804 3451 1147 3515 testificata
1199 3454 1313 3513 tua
1366 3450 1665 3513 voluntas
1723 3447 2112 3511 omittendae
2168 3470 2309 3531 pro-

295 3540 565 3625 vinciae,
617 3543 719 3625 ut,
773 3539 943 3623 quod
997 3560 1124 3602 una
1178 3559 1307 3601 non
1365 3537 1550 3623 estis,
1601 3558 1732 3600 non
1787 3536 2183 3599 dissensione
2238 3556 2311 3598 ac
