2642 3923
296 132 382 200 40
932 136 1005 191 Μ.
1044 135 1258 191 TULLI
1295 134 1671 191 CICERONIS
2615 0 2625 315 ἶ

295 369 629 454 scriberet,
673 368 1006 453 miseram,
1045 389 1181 432 non
1222 367 1412 431 modo
1460 388 1590 431 non
1646 367 1992 432 excitatum
2050 387 2186 430 esse
2234 366 2313 430 ad

295 456 717 543 scribendum,
754 457 863 521 sed
900 457 1094 522 etiam
1132 456 1319 539 plane
1354 455 1746 520 deterritum.
1820 453 1984 530 Quid
2013 454 2311 538 quaeris?

296 545 675 609 conturbavi
699 509 1028 608 Graecam
1083 544 1427 608 nationem.
1517 541 1645 627 Ita,
1700 544 1894 628 vulgo
1954 543 2064 625 qui
2118 543 2313 607 insta-

295 634 470 718 bant,
513 638 588 697 ut
624 632 839 698 darem
875 632 1021 718 sibi,
1066 632 1236 716 quod
1274 636 1591 717 ornarent,
1638 633 1766 696 iam
1817 631 2115 696 exhibere
2151 632 2310 695 mihi
2368 656 2394 696 5

296 722 659 786 molestiam
722 721 1128 786 destiterunt.
1233 719 1358 803 Tu,
1431 720 1487 783 si
1560 720 1684 784 tibi
1754 720 2069 804 placuerit
2130 719 2315 803 liber,

296 810 577 893 curabis,
631 813 705 873 ut
750 814 815 873 et
860 808 1135 873 Athenis
1193 809 1280 873 sit
1326 812 1391 873 et
1436 809 1504 871 in
1550 809 1775 873 ceteris
1824 808 2075 892 oppidis
2124 806 2312 872 Grae·

297 899 454 982 ciae3
511 897 766 962 videtur
823 898 994 962 enim
1051 918 1241 981 posse
1304 896 1548 981 aliquid
1608 896 1850 961 nostris
1906 897 2096 961 rebus
2151 896 2313 961 lucis

228 1004 257 1049 3
299 987 558 1051 adferre.
615 985 1064 1051 oratiunculas
1095 989 1343 1070 autem,
1364 989 1429 1048 et
1457 1008 1617 1069 quas
1645 985 1974 1071 postulas,
1994 988 2059 1049 et
2096 984 2312 1068 plures

297 1076 492 1138 etiam
528 1075 802 1159 mittam,
847 1074 1150 1158 quoniam
1182 1073 1438 1157 quidem
1477 1095 1584 1158 ea,
1614 1095 1776 1157 quae
1811 1095 1932 1138 nos
1971 1073 2308 1137 scribimus
2342 1099 2393 1137 10

298 1162 917 1226 adulescentulorum
979 1162 1208 1226 studiis
1270 1162 1559 1247 excitati,
1617 1167 1683 1226 te
1737 1162 1930 1226 etiam
1977 1160 2311 1225 delectant.

297 1250 448 1314 Fuit
494 1251 662 1315 enim
708 1250 870 1314 mihi
915 1250 1343 1335 commodum,
1402 1248 1574 1333 quod
1626 1250 1698 1314 in
1754 1250 1845 1313 eis
1895 1250 2333 1336 orationibus,

299 1360 460 1421 quae
503 1337 899 1422 Philippicae
940 1339 1385 1422 nominantur,
1440 1339 1756 1404 enituerat
1801 1339 1957 1402 civis
2005 1339 2115 1402 ille
2160 1342 2313 1403 tuus

296 1425 784 1512 Demosthenes,
829 1431 892 1491 et
940 1427 1111 1510 quod
1153 1448 1220 1490 se
1259 1427 1337 1490 ab
1384 1426 1508 1490 hoc
1544 1427 1982 1492 refractariolo
2028 1427 2311 1491 iudiciali

297 1515 544 1578 dicendi
590 1536 818 1600 genere
866 1515 1264 1600 abiunxerat,
1306 1520 1381 1579 ut
1419 1517 1807 1599 σεμνότερός
1844 1539 1944 1591 τις
1979 1513 2089 1579 καὶ
2126 1521 2311 1580 πολι-
2341 1540 2392 1581 15

297 1605 645 1686 τικώτερος
697 1604 1045 1687 videretur,
1109 1625 1328 1667 curare
1318 1656 1374 1689 δ,
1417 1607 1492 1666 ut
1552 1625 1728 1667 meae
1785 1624 2039 1686 quoque
2099 1608 2312 1667 essent

299 1692 641 1778 orationeS,
688 1713 849 1775 quae
890 1692 1255 1756 consulares
1292 1691 1791 1756 nominarentur.
1866 1689 2146 1767 Quarum
2186 1714 2313 1756 una

297 1783 396 1845 est
455 1781 525 1844 in
584 1784 811 1844 senatu
869 1779 1011 1844 Kal.
1057 1778 1402 1863 Ianuariis,
1465 1779 1667 1844 altera
1726 1780 1807 1843 ad
1865 1780 2177 1864 populum
2237 1780 2314 1844 de

296 1867 437 1954 lege
501 1869 780 1953 agraria,
838 1868 1032 1932 tertia
1099 1868 1175 1932 de
1231 1866 1512 1954 Othone,
1570 1872 1800 1952 quarta
1853 1889 1971 1951 pro
2026 1867 2312 1954 Rabirio,

299 1957 522 2040 quinta
567 1957 644 2021 de
687 1957 1196 2042 proscriptorum
1239 1956 1422 2041 filiis,
1467 1960 1689 2042 sexta,
1730 1978 1872 2021 cum
1918 1957 2306 2041 provinciam
2340 1984 2394 2023 so

297 2047 367 2109 in
409 2046 708 2110 contione
762 2045 1057 2130 deposui,
1113 2046 1386 2129 septima
1384 2097 1423 2129 ff
1467 2067 1663 2129 quom
1710 2043 2056 2111 Catilinam
2110 2046 2314 2131 emisi,

299 2138 551 2219 octava,
586 2157 779 2218 quam
823 2134 1022 2198 habui
1068 2134 1146 2199 ad
1191 2134 1533 2218 populum,
1565 2134 1876 2217 postridie
1915 2156 2106 2218 quam
2145 2132 2313 2199 Gati-

299 2222 430 2285 lina
483 2223 800 2307 profugit,
856 2244 1028 2288 nona
1085 2224 1157 2287 in
1208 2222 1530 2304 contione,
1594 2244 1721 2306 quo
1777 2222 1879 2285 die
1928 2222 2312 2308 Allobroges

300 2310 678 2395 indicarunt,
715 2311 955 2375 decima
990 2312 1060 2374 in
1096 2315 1323 2374 senatu
1354 2310 1564 2375 Nonis
1593 2309 2070 2375 Decembribus,
2147 2309 2313 2375 Sunt

297 2402 624 2481 praeterea
662 2400 820 2462 duae
857 2399 1100 2484 breves,
1145 2398 1330 2482 quasi
1376 2398 1880 2483 ἀποσπασμάτια
1924 2399 2088 2484 legis
2134 2420 2312 2484 agra·
2340 2425 2391 2465 25

298 2485 444 2552 riae.
517 2485 660 2551 Hoc
702 2491 911 2551 totum
963 2499 1147 2571 σῶμα
1183 2488 1420 2576 curabo
1458 2492 1533 2551 ut
1567 2486 1832 2569 habeas3
1879 2492 1961 2571 et,
2010 2488 2312 2571 quoniam

297 2582 361 2639 te
407 2596 551 2639 cum
589 2576 827 2659 scripta
863 2580 1004 2640 tum
1039 2597 1141 2639 res
1177 2572 1355 2640 meae
1392 2576 1726 2660 delectant,
1772 2576 1973 2639 isdem
2013 2598 2089 2640 ex
2126 2576 2313 2640 libris

295 2664 677 2748 perspicies4
726 2668 791 2728 et
837 2685 998 2747 quae
1045 2665 1352 2749 gesserim
1398 2669 1463 2728 et
1510 2686 1672 2748 quae
1720 2664 2014 2748 dixerim3
2074 2668 2187 2729 aut
2230 2686 2314 2731 ne

225 2857 256 2903 4
296 2752 1129 2924 ΡΟΡξῗὲῖῗῗζωίξῗεῖῗυᾞι
1156 2752 1298 2926 {R}
1326 2774 1459 2925 {³50
1472 2774 1605 2906 ¹²55
1621 2752 2071 2926 assffssffffle
2118 2841 2313 2906 sima
2341 2868 2395 2907 ³0

294 2929 674 3012 impeditum
731 2933 793 2993 te
849 2929 1130 3014 negotiis
1187 2951 1326 2994 esse
1392 2929 1736 3013 significas,
1777 2951 1986 3013 neque
2040 2950 2331 3016 recusas,

296 3017 484 3102 quin,
512 3038 647 3081 non
689 3016 877 3081 modo
928 3020 981 3081 si
1021 3040 1183 3100 opus
1224 3018 1329 3102 sit,
1376 3017 1486 3082 sed
1524 3018 1719 3082 etiam
1756 3018 1812 3081 si
1849 3017 2075 3101 velim,
2106 3039 2314 3083 accur-

215 3138 224 3148 ·
293 3126 416 3189 ras,
460 3105 625 3168 nihil
663 3126 812 3169 sane
851 3109 950 3169 est
986 3127 1258 3190 necesse,
1305 3127 1527 3170 verum
1564 3107 2117 3171 tamen-videbare
2153 3106 2314 3171 mihi

293 3196 584 3276 tempora
643 3194 1177 3278 peregrinationis
1238 3195 1633 3259 commodius
1692 3215 1882 3278 posse
1952 3195 2311 3260 discribere.
2623 3217 2624 3280 χ

290 3279 503 3345 Nimis
541 3281 693 3344 abes
732 3281 859 3365 diu,
905 3282 1280 3365 praesertim
1309 3304 1455 3346 cum
1492 3284 1581 3346 sis
1619 3283 1689 3346 in
1716 3284 2099 3368 propinquis
2135 3282 2314 3367 locis,
2341 3309 2392 3349 35

289 3389 497 3451 neque
555 3389 675 3433 nos
730 3372 796 3433 te
855 3370 1154 3453 fruimur,
1212 3374 1279 3435 et
1337 3374 1413 3434 tu
1471 3371 1660 3438 nobis
1721 3393 1912 3436 cares.
2004 3370 2101 3436 Ac
2144 3393 2315 3436 nunc
2623 3381 2624 3416 ¹

293 3456 547 3539 quidem
595 3457 802 3520 otium
848 3461 974 3541 est,
1033 3457 1187 3543 sed!
1230 3458 1286 3521 si
1332 3460 1525 3541 paulo
1580 3459 1727 3542 plus
1772 3460 1955 3525 furor
1998 3459 2315 3525 Pulchelli
2622 3419 2624 3520 l

294 281 555 365 legeret,
601 280 775 381 quod
821 301 939 365 ego
987 280 1066 344 ad
1112 301 1275 361 eum,
1323 283 1396 342 ut
1444 279 1733 343 ornatius
1771 278 1847 341 de
1884 278 2086 342 isdem
2121 277 2314 343 rebus
2611 324 2625 729 ἱ
