<?xml version="1.0" encoding="UTF-8"?>
<!DOCTYPE html PUBLIC "-//W3C//DTD XHTML 1.0 Transitional//EN"
    "http://www.w3.org/TR/xhtml1/DTD/xhtml1-transitional.dtd">
<html xmlns="http://www.w3.org/1999/xhtml" xml:lang="en" lang="en">
 <head>
  <title>
</title>
<meta http-equiv="Content-Type" content="text/html;charset=utf-8" />
  <meta name='ocr-system' content='tesseract 3.04.00' />
  <meta name='ocr-capabilities' content='ocr_page ocr_carea ocr_par ocr_line ocrx_word'/>
</head>
<body>
  <div class='ocr_page' id='page_1' title='image "./scriptaquaemans00friegoog_0601.png"; bbox 0 0 2642 3923; ppageno 0'>
   <div class='ocr_carea' id='block_1_1' title="bbox 602 201 2300 270">
    <p class='ocr_par' dir='ltr' id='par_1_1' title="bbox 602 201 2300 270">
     <span class='ocr_line' id='line_1_1' title="bbox 602 201 2300 270; baseline 0.008 -15"><span class='ocrx_word' id='word_1_1' title='bbox 602 201 1116 257; x_wconf 85' lang='lat' dir='ltr'><strong>EPISTULARUM</strong></span> <span class='ocrx_word' id='word_1_2' title='bbox 1152 204 1251 257; x_wconf 87' lang='lat' dir='ltr'><strong>AD</strong></span> <span class='ocrx_word' id='word_1_3' title='bbox 1290 203 1616 259; x_wconf 85' lang='lat' dir='ltr'><strong>ATTICUM</strong></span> <span class='ocrx_word' id='word_1_4' title='bbox 1653 205 1780 260; x_wconf 87' lang='lat' dir='ltr'><strong>XIV</strong></span> <span class='ocrx_word' id='word_1_5' title='bbox 1817 210 1975 260; x_wconf 85' lang='grc'><strong>3-6.</strong></span> <span class='ocrx_word' id='word_1_6' title='bbox 2171 205 2300 270; x_wconf 83' lang='grc'><strong>437</strong></span> 
     </span>
    </p>
   </div>
   <div class='ocr_carea' id='block_1_2' title="bbox 1250 433 1330 500">
    <p class='ocr_par' dir='ltr' id='par_1_2' title="bbox 1250 433 1330 500">
     <span class='ocr_line' id='line_1_2' title="bbox 1250 433 1330 500; baseline -0.025 0"><span class='ocrx_word' id='word_1_7' title='bbox 1250 433 1330 500; x_wconf 91' lang='lat' dir='ltr'><strong>V.</strong></span> 
     </span>
    </p>
   </div>
   <div class='ocr_carea' id='block_1_3' title="bbox 691 555 1894 718">
    <p class='ocr_par' dir='ltr' id='par_1_3' title="bbox 691 555 1894 718">
     <span class='ocr_line' id='line_1_3' title="bbox 691 555 1894 627; baseline 0.002 -16"><span class='ocrx_word' id='word_1_8' title='bbox 691 555 802 611; x_wconf 74' lang='lat' dir='ltr'><strong>Ser.</strong></span> <span class='ocrx_word' id='word_1_9' title='bbox 834 558 1073 610; x_wconf 77' lang='lat' dir='ltr'><strong><em>Asturae</em></strong></span> <span class='ocrx_word' id='word_1_10' title='bbox 1108 557 1222 610; x_wconf 93' lang='lat' dir='ltr'><strong>III</strong></span> <span class='ocrx_word' id='word_1_11' title='bbox 1247 557 1335 611; x_wconf 85' lang='lat' dir='ltr'><strong>Id.</strong></span> <span class='ocrx_word' id='word_1_12' title='bbox 1365 557 1504 626; x_wconf 76' lang='lat' dir='ltr'><strong>Apr.</strong></span> <span class='ocrx_word' id='word_1_13' title='bbox 1534 576 1586 612; x_wconf 88' lang='lat' dir='ltr'><strong>a.</strong></span> <span class='ocrx_word' id='word_1_14' title='bbox 1619 562 1728 612; x_wconf 86' lang='lat'><strong>710</strong></span> <span class='ocrx_word' id='word_1_15' title='bbox 1759 561 1894 627; x_wconf 75' lang='lat'><em>(44).</em></span> 
     </span>
     <span class='ocr_line' id='line_1_4' title="bbox 920 659 1671 718; baseline 0.004 -3"><span class='ocrx_word' id='word_1_16' title='bbox 920 659 1174 715; x_wconf 83' lang='lat' dir='ltr'>CICERO</span> <span class='ocrx_word' id='word_1_17' title='bbox 1213 661 1475 717; x_wconf 88' lang='lat' dir='ltr'><strong>ATTICO</strong></span> <span class='ocrx_word' id='word_1_18' title='bbox 1515 662 1567 718; x_wconf 84' lang='lat' dir='ltr'><strong>S.</strong></span> <span class='ocrx_word' id='word_1_19' title='bbox 1604 663 1671 718; x_wconf 89' lang='lat' dir='ltr'><strong>D.</strong></span> 
     </span>
    </p>
   </div>
   <div class='ocr_carea' id='block_1_4' title="bbox 204 785 2377 2881">
    <p class='ocr_par' dir='ltr' id='par_1_4' title="bbox 204 785 2377 2881">
     <span class='ocr_line' id='line_1_5' title="bbox 418 785 2371 873; baseline 0.001 -21"><span class='ocrx_word' id='word_1_20' title='bbox 418 785 617 871; x_wconf 81' lang='lat' dir='ltr'><strong>Spero</strong></span> <span class='ocrx_word' id='word_1_21' title='bbox 663 788 785 851; x_wconf 87' lang='lat' dir='ltr'><strong>tibi</strong></span> <span class='ocrx_word' id='word_1_22' title='bbox 831 788 960 850; x_wconf 89' lang='lat' dir='ltr'><strong>iam</strong></span> <span class='ocrx_word' id='word_1_23' title='bbox 1004 809 1169 871; x_wconf 87' lang='lat' dir='ltr'><strong>esse,</strong></span> <span class='ocrx_word' id='word_1_24' title='bbox 1214 792 1291 851; x_wconf 90' lang='lat' dir='ltr'><strong>ut</strong></span> <span class='ocrx_word' id='word_1_25' title='bbox 1333 789 1650 873; x_wconf 84' lang='lat' dir='ltr'><strong>volumus,</strong></span> <span class='ocrx_word' id='word_1_26' title='bbox 1697 789 2001 872; x_wconf 87' lang='lat' dir='ltr'><strong>quoniam</strong></span> <span class='ocrx_word' id='word_1_27' title='bbox 2048 789 2305 873; x_wconf 89' lang='lat' dir='ltr'><strong>quidem</strong></span> <span class='ocrx_word' id='word_1_28' title='bbox 2344 805 2371 854; x_wconf 91' lang='lat'><strong>1</strong></span> 
     </span>
     <span class='ocr_line' id='line_1_6' title="bbox 231 876 2307 962; baseline -0 -21"><span class='ocrx_word' id='word_1_29' title='bbox 231 900 257 941; x_wconf 80' lang='lat'><strong>5</strong></span> <span class='ocrx_word' id='word_1_30' title='bbox 284 876 622 960; x_wconf 80' lang='grc' dir='ltr'><strong><em>ἠσίτησας,</em></strong></span> <span class='ocrx_word' id='word_1_31' title='bbox 686 897 882 959; x_wconf 92' lang='lat' dir='ltr'><strong>quom</strong></span> <span class='ocrx_word' id='word_1_32' title='bbox 939 876 1167 939; x_wconf 84' lang='lat' dir='ltr'><strong>leviter</strong></span> <span class='ocrx_word' id='word_1_33' title='bbox 1230 881 1591 940; x_wconf 89' lang='lat' dir='ltr'><strong>commotus</strong></span> <span class='ocrx_word' id='word_1_34' title='bbox 1657 899 1857 962; x_wconf 82' lang='lat' dir='ltr'><strong>esses3</strong></span> <span class='ocrx_word' id='word_1_35' title='bbox 1916 877 2027 941; x_wconf 90' lang='lat' dir='ltr'><strong>sed</strong></span> <span class='ocrx_word' id='word_1_36' title='bbox 2088 882 2307 941; x_wconf 88' lang='lat' dir='ltr'><strong>tamen</strong></span> 
     </span>
     <span class='ocr_line' id='line_1_7' title="bbox 283 962 2304 1050; baseline 0.001 -23"><span class='ocrx_word' id='word_1_37' title='bbox 283 964 476 1028; x_wconf 83' lang='lat' dir='ltr'><strong>velim</strong></span> <span class='ocrx_word' id='word_1_38' title='bbox 504 965 681 1050; x_wconf 90' lang='lat' dir='ltr'><strong>scire,</strong></span> <span class='ocrx_word' id='word_1_39' title='bbox 725 964 882 1048; x_wconf 89' lang='lat' dir='ltr'><strong>quid</strong></span> <span class='ocrx_word' id='word_1_40' title='bbox 918 985 1087 1048; x_wconf 85' lang='lat' dir='ltr'><strong>agas.</strong></span> <span class='ocrx_word' id='word_1_41' title='bbox 1181 962 1381 1048; x_wconf 84' lang='lat' dir='ltr'><strong>Signa</strong></span> <span class='ocrx_word' id='word_1_42' title='bbox 1406 965 1594 1048; x_wconf 86' lang='lat' dir='ltr'><strong>bella,</strong></span> <span class='ocrx_word' id='word_1_43' title='bbox 1642 964 1814 1049; x_wconf 89' lang='lat' dir='ltr'><strong>quod</strong></span> <span class='ocrx_word' id='word_1_44' title='bbox 1851 963 2130 1029; x_wconf 76' lang='lat' dir='ltr'><strong>Calvena</strong></span> <span class='ocrx_word' id='word_1_45' title='bbox 2174 987 2304 1029; x_wconf 90' lang='lat' dir='ltr'><strong>mo—</strong></span> 
     </span>
     <span class='ocr_line' id='line_1_8' title="bbox 284 1053 2306 1139; baseline 0.001 -24"><span class='ocrx_word' id='word_1_46' title='bbox 284 1053 444 1116; x_wconf 89' lang='lat' dir='ltr'><strong>leste</strong></span> <span class='ocrx_word' id='word_1_47' title='bbox 480 1053 605 1116; x_wconf 88' lang='lat' dir='ltr'><strong>fert</strong></span> <span class='ocrx_word' id='word_1_48' title='bbox 640 1073 705 1117; x_wconf 81' lang='lat' dir='ltr'><strong>se</strong></span> <span class='ocrx_word' id='word_1_49' title='bbox 740 1057 1107 1136; x_wconf 88' lang='lat' dir='ltr'><strong>suspectum</strong></span> <span class='ocrx_word' id='word_1_50' title='bbox 1144 1074 1282 1115; x_wconf 90' lang='lat' dir='ltr'><strong>esse</strong></span> <span class='ocrx_word' id='word_1_51' title='bbox 1319 1053 1552 1138; x_wconf 82' lang='lat' dir='ltr'><strong>Brut03</strong></span> <span class='ocrx_word' id='word_1_52' title='bbox 1588 1053 1702 1116; x_wconf 89' lang='lat' dir='ltr'><strong>illa</strong></span> <span class='ocrx_word' id='word_1_53' title='bbox 1729 1053 1916 1139; x_wconf 81' lang='lat' dir='ltr'><strong>signa</strong></span> <span class='ocrx_word' id='word_1_54' title='bbox 1950 1076 2082 1117; x_wconf 90' lang='lat' dir='ltr'><strong>non</strong></span> <span class='ocrx_word' id='word_1_55' title='bbox 2117 1054 2306 1136; x_wconf 77' lang='lat' dir='ltr'><strong>bona,</strong></span> 
     </span>
     <span class='ocr_line' id='line_1_9' title="bbox 286 1140 2304 1225; baseline 0 -21"><span class='ocrx_word' id='word_1_56' title='bbox 286 1141 341 1204; x_wconf 91' lang='lat' dir='ltr'><strong>si</strong></span> <span class='ocrx_word' id='word_1_57' title='bbox 388 1162 533 1204; x_wconf 89' lang='lat' dir='ltr'><strong>cum</strong></span> <span class='ocrx_word' id='word_1_58' title='bbox 580 1141 783 1224; x_wconf 81' lang='lat' dir='ltr'><strong>signis</strong></span> <span class='ocrx_word' id='word_1_59' title='bbox 818 1141 1105 1225; x_wconf 61' lang='lat' dir='ltr'><strong>legionas</strong></span> <span class='ocrx_word' id='word_1_60' title='bbox 1149 1142 1416 1205; x_wconf 80' lang='lat' dir='ltr'><strong>veniunt</strong></span> <span class='ocrx_word' id='word_1_61' title='bbox 1453 1163 1484 1205; x_wconf 85' lang='lat' dir='ltr'><strong>e</strong></span> <span class='ocrx_word' id='word_1_62' title='bbox 1521 1140 1746 1205; x_wconf 78' lang='lat' dir='ltr'><strong>Gallia.</strong></span> <span class='ocrx_word' id='word_1_63' title='bbox 1830 1140 1994 1216; x_wconf 83' lang='lat' dir='ltr'>Quid</span> <span class='ocrx_word' id='word_1_64' title='bbox 2039 1147 2114 1205; x_wconf 89' lang='lat' dir='ltr'><strong>tu</strong></span> <span class='ocrx_word' id='word_1_65' title='bbox 2157 1141 2304 1205; x_wconf 88' lang='lat' dir='ltr'><strong>illas</strong></span> 
     </span>
     <span class='ocr_line' id='line_1_10' title="bbox 283 1227 2305 1313; baseline 0 -21"><span class='ocrx_word' id='word_1_66' title='bbox 283 1232 504 1313; x_wconf 84' lang='lat' dir='ltr'><strong>putas,</strong></span> <span class='ocrx_word' id='word_1_67' title='bbox 563 1250 725 1312; x_wconf 86' lang='lat' dir='ltr'><strong>quae</strong></span> <span class='ocrx_word' id='word_1_68' title='bbox 769 1229 1029 1292; x_wconf 86' lang='lat' dir='ltr'><strong>fuerunt</strong></span> <span class='ocrx_word' id='word_1_69' title='bbox 1083 1229 1156 1292; x_wconf 92' lang='lat' dir='ltr'><strong>in</strong></span> <span class='ocrx_word' id='word_1_70' title='bbox 1198 1227 1554 1312; x_wconf 73' lang='lat' dir='ltr'><strong>Hispania?</strong></span> <span class='ocrx_word' id='word_1_71' title='bbox 1608 1229 1820 1294; x_wconf 89' lang='lat' dir='ltr'><strong>nonne</strong></span> <span class='ocrx_word' id='word_1_72' title='bbox 1876 1230 2042 1293; x_wconf 90' lang='lat' dir='ltr'><strong>idem</strong></span> <span class='ocrx_word' id='word_1_73' title='bbox 2086 1234 2305 1313; x_wconf 90' lang='lat' dir='ltr'><strong>postu-</strong></span> 
     </span>
     <span class='ocr_line' id='line_1_11' title="bbox 204 1316 2305 1401; baseline -0 -20"><span class='ocrx_word' id='word_1_74' title='bbox 204 1343 257 1383; x_wconf 85' lang='grc' dir='ltr'><strong>ιο</strong></span> <span class='ocrx_word' id='word_1_75' title='bbox 284 1317 571 1381; x_wconf 73' lang='lat' dir='ltr'><strong>laturas?</strong></span> <span class='ocrx_word' id='word_1_76' title='bbox 618 1316 790 1401; x_wconf 89' lang='lat' dir='ltr'><strong>quid,</strong></span> <span class='ocrx_word' id='word_1_77' title='bbox 836 1339 995 1401; x_wconf 86' lang='lat' dir='ltr'><strong>quas</strong></span> <span class='ocrx_word' id='word_1_78' title='bbox 1032 1316 1284 1380; x_wconf 79' lang='lat' dir='ltr'>Annius</span> <span class='ocrx_word' id='word_1_79' title='bbox 1332 1319 1798 1401; x_wconf 85' lang='lat' dir='ltr'><strong>transportavit</strong></span> <span class='ocrx_word' id='word_1_80' title='bbox 1812 1318 1845 1381; x_wconf 80' lang='lat'><strong>‘?</strong></span> <span class='ocrx_word' id='word_1_81' title='bbox 1908 1316 1975 1382; x_wconf 83' lang='lat' dir='ltr'><strong>C.</strong></span> <span class='ocrx_word' id='word_1_82' title='bbox 2003 1316 2305 1381; x_wconf 80' lang='lat' dir='ltr'>Asinium</span> 
     </span>
     <span class='ocr_line' id='line_1_12' title="bbox 285 1404 2307 1493; baseline 0.001 -25"><span class='ocrx_word' id='word_1_83' title='bbox 285 1406 479 1493; x_wconf 66' lang='lat' dir='ltr'><strong>volui,</strong></span> <span class='ocrx_word' id='word_1_84' title='bbox 515 1405 626 1469; x_wconf 87' lang='lat' dir='ltr'><strong>sed</strong></span> <span class='ocrx_word' id='word_1_85' title='bbox 660 1407 1071 1489; x_wconf 80' lang='grc' dir='ltr'><strong><em>μνημονικὸν</em></strong></span> <span class='ocrx_word' id='word_1_86' title='bbox 1107 1404 1469 1490; x_wconf 76' lang='grc' dir='ltr'><em>ἁμάρτημα.</em></span> <span class='ocrx_word' id='word_1_87' title='bbox 1541 1405 1603 1469; x_wconf 85' lang='grc' dir='ltr'><strong>Α</strong></span> <span class='ocrx_word' id='word_1_88' title='bbox 1637 1405 2008 1470; x_wconf 84' lang='lat' dir='ltr'><strong>balneatore</strong></span> <span class='ocrx_word' id='word_1_89' title='bbox 2042 1407 2307 1490; x_wconf 81' lang='grc' dir='ltr'>φυρμὸς</span> 
     </span>
     <span class='ocr_line' id='line_1_13' title="bbox 281 1490 2303 1576; baseline -0.001 -18"><span class='ocrx_word' id='word_1_90' title='bbox 281 1494 507 1570; x_wconf 80' lang='grc' dir='ltr'><strong><em>πολύς.</em></strong></span> <span class='ocrx_word' id='word_1_91' title='bbox 581 1490 752 1557; x_wconf 90' lang='lat' dir='ltr'><strong>Nam</strong></span> <span class='ocrx_word' id='word_1_92' title='bbox 781 1494 911 1556; x_wconf 88' lang='lat' dir='ltr'><strong>ista</strong></span> <span class='ocrx_word' id='word_1_93' title='bbox 937 1494 1195 1576; x_wconf 87' lang='lat' dir='ltr'><strong>quidem</strong></span> <span class='ocrx_word' id='word_1_94' title='bbox 1222 1491 1514 1557; x_wconf 78' lang='lat' dir='ltr'><strong>Caesaris</strong></span> <span class='ocrx_word' id='word_1_95' title='bbox 1541 1494 1922 1558; x_wconf 90' lang='lat' dir='ltr'><strong>libertorum</strong></span> <span class='ocrx_word' id='word_1_96' title='bbox 1948 1494 2303 1558; x_wconf 84' lang='lat' dir='ltr'><strong>coniuratio</strong></span> 
     </span>
     <span class='ocr_line' id='line_1_14' title="bbox 285 1581 2372 1664; baseline 0 -20"><span class='ocrx_word' id='word_1_97' title='bbox 285 1582 469 1646; x_wconf 86' lang='lat' dir='ltr'><strong>facile</strong></span> <span class='ocrx_word' id='word_1_98' title='bbox 507 1582 993 1664; x_wconf 75' lang='lat' dir='ltr'><strong>opprimeretur,</strong></span> <span class='ocrx_word' id='word_1_99' title='bbox 1031 1582 1087 1644; x_wconf 91' lang='lat' dir='ltr'><strong>si</strong></span> <span class='ocrx_word' id='word_1_100' title='bbox 1115 1585 1291 1644; x_wconf 85' lang='lat' dir='ltr'><strong>recta</strong></span> <span class='ocrx_word' id='word_1_101' title='bbox 1318 1586 1570 1664; x_wconf 76' lang='lat' dir='ltr'><strong>saperet</strong></span> <span class='ocrx_word' id='word_1_102' title='bbox 1598 1581 1940 1646; x_wconf 81' lang='lat' dir='ltr'><strong>Antonius,</strong></span> <span class='ocrx_word' id='word_1_103' title='bbox 2007 1581 2061 1646; x_wconf 93' lang='grc' dir='ltr'><strong>Ο</strong></span> <span class='ocrx_word' id='word_1_104' title='bbox 2098 1604 2306 1646; x_wconf 85' lang='lat' dir='ltr'><strong>meam</strong></span> <span class='ocrx_word' id='word_1_105' title='bbox 2341 1598 2372 1645; x_wconf 83' lang='lat'>2</span> 
     </span>
     <span class='ocr_line' id='line_1_15' title="bbox 287 1669 2305 1754; baseline 0 -21"><span class='ocrx_word' id='word_1_106' title='bbox 287 1670 555 1733; x_wconf 77' lang='lat' dir='ltr'><strong>stultam</strong></span> <span class='ocrx_word' id='word_1_107' title='bbox 591 1669 1057 1734; x_wconf 76' lang='lat' dir='ltr'><strong>verecundiam!</strong></span> <span class='ocrx_word' id='word_1_108' title='bbox 1097 1670 1209 1752; x_wconf 89' lang='grc'><strong>(1111</strong></span> <span class='ocrx_word' id='word_1_109' title='bbox 1243 1669 1447 1753; x_wconf 82' lang='lat' dir='ltr'><strong>legari</strong></span> <span class='ocrx_word' id='word_1_110' title='bbox 1482 1670 1800 1733; x_wconf 88' lang='lat' dir='ltr'><strong>noluerim</strong></span> <span class='ocrx_word' id='word_1_111' title='bbox 1838 1674 1986 1733; x_wconf 91' lang='lat' dir='ltr'><strong>ante</strong></span> <span class='ocrx_word' id='word_1_112' title='bbox 2022 1692 2125 1734; x_wconf 88' lang='lat' dir='ltr'><strong>res</strong></span> <span class='ocrx_word' id='word_1_113' title='bbox 2161 1692 2305 1754; x_wconf 90' lang='lat' dir='ltr'><strong>pro—</strong></span> 
     </span>
     <span class='ocr_line' id='line_1_16' title="bbox 206 1757 2305 1843; baseline -0 -21"><span class='ocrx_word' id='word_1_114' title='bbox 206 1782 258 1823; x_wconf 75' lang='grc'><strong>15</strong></span> <span class='ocrx_word' id='word_1_115' title='bbox 285 1759 479 1842; x_wconf 85' lang='lat' dir='ltr'><strong>latas,</strong></span> <span class='ocrx_word' id='word_1_116' title='bbox 536 1779 617 1820; x_wconf 90' lang='lat' dir='ltr'><strong>ne</strong></span> <span class='ocrx_word' id='word_1_117' title='bbox 663 1757 948 1821; x_wconf 87' lang='lat' dir='ltr'><strong>deserere</strong></span> <span class='ocrx_word' id='word_1_118' title='bbox 1000 1757 1247 1820; x_wconf 83' lang='lat' dir='ltr'><strong>viderer</strong></span> <span class='ocrx_word' id='word_1_119' title='bbox 1299 1757 1473 1820; x_wconf 90' lang='lat' dir='ltr'><strong>hunc</strong></span> <span class='ocrx_word' id='word_1_120' title='bbox 1536 1779 1750 1821; x_wconf 87' lang='lat' dir='ltr'><strong>rerum</strong></span> <span class='ocrx_word' id='word_1_121' title='bbox 1803 1761 2148 1843; x_wconf 83' lang='lat' dir='ltr'><strong>tumorem3</strong></span> <span class='ocrx_word' id='word_1_122' title='bbox 2202 1759 2305 1822; x_wconf 89' lang='lat' dir='ltr'><strong>cui</strong></span> 
     </span>
     <span class='ocr_line' id='line_1_17' title="bbox 286 1844 2305 1930; baseline 0 -21"><span class='ocrx_word' id='word_1_123' title='bbox 286 1850 457 1909; x_wconf 89' lang='lat' dir='ltr'><strong>certe</strong></span> <span class='ocrx_word' id='word_1_124' title='bbox 503 1845 558 1908; x_wconf 89' lang='lat' dir='ltr'><strong>si</strong></span> <span class='ocrx_word' id='word_1_125' title='bbox 595 1866 852 1928; x_wconf 92' lang='lat' dir='ltr'><strong>possem</strong></span> <span class='ocrx_word' id='word_1_126' title='bbox 888 1845 1145 1930; x_wconf 85' lang='lat' dir='ltr'><strong>mederi,</strong></span> <span class='ocrx_word' id='word_1_127' title='bbox 1191 1844 1370 1909; x_wconf 88' lang='lat' dir='ltr'><strong>desse</strong></span> <span class='ocrx_word' id='word_1_128' title='bbox 1414 1866 1549 1909; x_wconf 91' lang='lat' dir='ltr'><strong>non</strong></span> <span class='ocrx_word' id='word_1_129' title='bbox 1584 1845 1892 1909; x_wconf 89' lang='lat' dir='ltr'><strong>deberem.</strong></span> <span class='ocrx_word' id='word_1_130' title='bbox 1960 1845 2085 1910; x_wconf 85' lang='lat' dir='ltr'><strong>Sed</strong></span> <span class='ocrx_word' id='word_1_131' title='bbox 2129 1847 2305 1910; x_wconf 81' lang='lat' dir='ltr'><strong>vides</strong></span> 
     </span>
     <span class='ocr_line' id='line_1_18' title="bbox 286 1933 2308 2019; baseline 0 -21"><span class='ocrx_word' id='word_1_132' title='bbox 286 1934 732 2018; x_wconf 79' lang='lat' dir='ltr'><strong>magistratuS,</strong></span> <span class='ocrx_word' id='word_1_133' title='bbox 796 1934 854 1998; x_wconf 93' lang='lat' dir='ltr'><strong>si</strong></span> <span class='ocrx_word' id='word_1_134' title='bbox 907 1933 1164 2018; x_wconf 90' lang='lat' dir='ltr'><strong>quidem</strong></span> <span class='ocrx_word' id='word_1_135' title='bbox 1209 1933 1308 1997; x_wconf 91' lang='lat' dir='ltr'><strong>illi</strong></span> <span class='ocrx_word' id='word_1_136' title='bbox 1368 1934 1816 2019; x_wconf 75' lang='lat' dir='ltr'><strong>magistratUS,</strong></span> <span class='ocrx_word' id='word_1_137' title='bbox 1868 1934 2044 1999; x_wconf 85' lang='lat' dir='ltr'><strong>vides</strong></span> <span class='ocrx_word' id='word_1_138' title='bbox 2089 1937 2308 1998; x_wconf 86' lang='lat' dir='ltr'><strong>tamen</strong></span> 
     </span>
     <span class='ocr_line' id='line_1_19' title="bbox 285 2022 2308 2108; baseline 0 -22"><span class='ocrx_word' id='word_1_139' title='bbox 285 2023 546 2106; x_wconf 85' lang='lat' dir='ltr'><strong>tyranni</strong></span> <span class='ocrx_word' id='word_1_140' title='bbox 592 2022 901 2087; x_wconf 84' lang='lat' dir='ltr'><strong>satellites</strong></span> <span class='ocrx_word' id='word_1_141' title='bbox 945 2024 1019 2087; x_wconf 75' lang='lat' dir='ltr'><strong>in</strong></span> <span class='ocrx_word' id='word_1_142' title='bbox 1061 2022 1378 2108; x_wconf 89' lang='lat' dir='ltr'><strong>imperiis,</strong></span> <span class='ocrx_word' id='word_1_143' title='bbox 1421 2023 1597 2086; x_wconf 84' lang='lat' dir='ltr'><strong>vides</strong></span> <span class='ocrx_word' id='word_1_144' title='bbox 1645 2023 1927 2086; x_wconf 89' lang='lat' dir='ltr'><strong>eiusdem</strong></span> <span class='ocrx_word' id='word_1_145' title='bbox 1973 2023 2308 2108; x_wconf 78' lang='lat' dir='ltr'><strong>exercitus,</strong></span> 
     </span>
     <span class='ocr_line' id='line_1_20' title="bbox 287 2110 2307 2195; baseline -0 -20"><span class='ocrx_word' id='word_1_146' title='bbox 287 2112 461 2175; x_wconf 82' lang='lat' dir='ltr'><strong>vides</strong></span> <span class='ocrx_word' id='word_1_147' title='bbox 507 2111 578 2174; x_wconf 93' lang='lat' dir='ltr'><strong>in</strong></span> <span class='ocrx_word' id='word_1_148' title='bbox 619 2111 819 2175; x_wconf 87' lang='lat' dir='ltr'><strong>latere</strong></span> <span class='ocrx_word' id='word_1_149' title='bbox 862 2114 1200 2175; x_wconf 84' lang='lat' dir='ltr'><strong>veteranos</strong></span> <span class='ocrx_word' id='word_1_150' title='bbox 1208 2162 1226 2195; x_wconf 92' lang='lat'><strong>,</strong></span> <span class='ocrx_word' id='word_1_151' title='bbox 1275 2132 1438 2194; x_wconf 90' lang='lat' dir='ltr'><strong>quae</strong></span> <span class='ocrx_word' id='word_1_152' title='bbox 1483 2115 1636 2174; x_wconf 89' lang='lat' dir='ltr'><strong>sunt</strong></span> <span class='ocrx_word' id='word_1_153' title='bbox 1683 2110 2030 2195; x_wconf 81' lang='grc' dir='ltr'><strong><em>εὐρίπιστα</em></strong></span> <span class='ocrx_word' id='word_1_154' title='bbox 2077 2111 2307 2195; x_wconf 86' lang='lat' dir='ltr'><strong>omnia,</strong></span> 
     </span>
     <span class='ocr_line' id='line_1_21' title="bbox 204 2198 2309 2284; baseline -0.001 -20"><span class='ocrx_word' id='word_1_155' title='bbox 204 2226 259 2264; x_wconf 61' lang='grc' dir='ltr'><strong>πο</strong></span> <span class='ocrx_word' id='word_1_156' title='bbox 287 2222 395 2264; x_wconf 87' lang='lat' dir='ltr'><strong>eos</strong></span> <span class='ocrx_word' id='word_1_157' title='bbox 433 2204 664 2284; x_wconf 89' lang='lat' dir='ltr'><strong>autem,</strong></span> <span class='ocrx_word' id='word_1_158' title='bbox 712 2199 826 2283; x_wconf 89' lang='lat' dir='ltr'><strong>qui</strong></span> <span class='ocrx_word' id='word_1_159' title='bbox 862 2199 1037 2263; x_wconf 90' lang='lat' dir='ltr'><strong>orbis</strong></span> <span class='ocrx_word' id='word_1_160' title='bbox 1080 2202 1288 2263; x_wconf 84' lang='lat' dir='ltr'><strong>terrae</strong></span> <span class='ocrx_word' id='word_1_161' title='bbox 1334 2198 1645 2262; x_wconf 89' lang='lat' dir='ltr'><strong>custodiis</strong></span> <span class='ocrx_word' id='word_1_162' title='bbox 1679 2220 1813 2262; x_wconf 90' lang='lat' dir='ltr'><strong>non</strong></span> <span class='ocrx_word' id='word_1_163' title='bbox 1856 2199 2045 2262; x_wconf 91' lang='lat' dir='ltr'><strong>modo</strong></span> <span class='ocrx_word' id='word_1_164' title='bbox 2085 2199 2309 2284; x_wconf 83' lang='lat' dir='ltr'><strong>saepti,</strong></span> 
     </span>
     <span class='ocr_line' id='line_1_22' title="bbox 285 2286 2307 2373; baseline -0 -21"><span class='ocrx_word' id='word_1_165' title='bbox 285 2310 508 2352; x_wconf 84' lang='lat' dir='ltr'><strong>verum</strong></span> <span class='ocrx_word' id='word_1_166' title='bbox 552 2288 746 2351; x_wconf 87' lang='lat' dir='ltr'><strong>etiam</strong></span> <span class='ocrx_word' id='word_1_167' title='bbox 781 2288 936 2351; x_wconf 87' lang='lat' dir='ltr'><strong>tecti</strong></span> <span class='ocrx_word' id='word_1_168' title='bbox 983 2309 1120 2351; x_wconf 89' lang='lat' dir='ltr'><strong>esse</strong></span> <span class='ocrx_word' id='word_1_169' title='bbox 1156 2286 1492 2373; x_wconf 87' lang='lat' dir='ltr'><strong>debebant,</strong></span> <span class='ocrx_word' id='word_1_170' title='bbox 1534 2291 1790 2350; x_wconf 87' lang='lat' dir='ltr'><strong>tantum</strong></span> <span class='ocrx_word' id='word_1_171' title='bbox 1826 2287 2016 2351; x_wconf 92' lang='lat' dir='ltr'><strong>modo</strong></span> <span class='ocrx_word' id='word_1_172' title='bbox 2060 2287 2307 2351; x_wconf 86' lang='lat' dir='ltr'><strong>laudari</strong></span> 
     </span>
     <span class='ocr_line' id='line_1_23' title="bbox 287 2374 2308 2460; baseline -0.001 -20"><span class='ocrx_word' id='word_1_173' title='bbox 287 2381 480 2460; x_wconf 90' lang='lat' dir='ltr'><strong>atque</strong></span> <span class='ocrx_word' id='word_1_174' title='bbox 526 2376 744 2460; x_wconf 88' lang='lat' dir='ltr'><strong>amari,</strong></span> <span class='ocrx_word' id='word_1_175' title='bbox 790 2376 904 2440; x_wconf 90' lang='lat' dir='ltr'><strong>sed</strong></span> <span class='ocrx_word' id='word_1_176' title='bbox 945 2375 1298 2458; x_wconf 87' lang='lat' dir='ltr'><strong>parietibus</strong></span> <span class='ocrx_word' id='word_1_177' title='bbox 1337 2375 1666 2439; x_wconf 84' lang='lat' dir='ltr'><strong>contineri.</strong></span> <span class='ocrx_word' id='word_1_178' title='bbox 1748 2374 1965 2459; x_wconf 87' lang='lat' dir='ltr'><strong>Atque</strong></span> <span class='ocrx_word' id='word_1_179' title='bbox 2010 2375 2107 2439; x_wconf 87' lang='lat' dir='ltr'><strong>illi</strong></span> <span class='ocrx_word' id='word_1_180' title='bbox 2154 2397 2308 2459; x_wconf 90' lang='lat' dir='ltr'><strong>quo-</strong></span> 
     </span>
     <span class='ocr_line' id='line_1_24' title="bbox 287 2461 2377 2550; baseline -0 -22"><span class='ocrx_word' id='word_1_181' title='bbox 287 2486 415 2549; x_wconf 84' lang='lat' dir='ltr'><strong>quo</strong></span> <span class='ocrx_word' id='word_1_182' title='bbox 461 2465 651 2527; x_wconf 91' lang='lat' dir='ltr'><strong>modo</strong></span> <span class='ocrx_word' id='word_1_183' title='bbox 698 2464 891 2549; x_wconf 86' lang='lat' dir='ltr'><strong>beati,</strong></span> <span class='ocrx_word' id='word_1_184' title='bbox 936 2465 1162 2528; x_wconf 85' lang='lat' dir='ltr'><strong>civitas</strong></span> <span class='ocrx_word' id='word_1_185' title='bbox 1208 2463 1460 2528; x_wconf 86' lang='lat' dir='ltr'><strong>misera.</strong></span> <span class='ocrx_word' id='word_1_186' title='bbox 1552 2461 1675 2527; x_wconf 80' lang='lat' dir='ltr'><strong>Sed</strong></span> <span class='ocrx_word' id='word_1_187' title='bbox 1720 2463 1915 2526; x_wconf 85' lang='lat' dir='ltr'><strong>velim</strong></span> <span class='ocrx_word' id='word_1_188' title='bbox 1963 2463 2151 2550; x_wconf 91' lang='lat' dir='ltr'><strong>scire,</strong></span> <span class='ocrx_word' id='word_1_189' title='bbox 2195 2464 2309 2547; x_wconf 92' lang='lat' dir='ltr'><strong>qui</strong></span> <span class='ocrx_word' id='word_1_190' title='bbox 2345 2479 2377 2526; x_wconf 88' lang='lat'><strong>3</strong></span> 
     </span>
     <span class='ocr_line' id='line_1_25' title="bbox 288 2551 2309 2636; baseline 0 -20"><span class='ocrx_word' id='word_1_191' title='bbox 288 2554 597 2617; x_wconf 84' lang='lat' dir='ltr'><strong>adventus</strong></span> <span class='ocrx_word' id='word_1_192' title='bbox 630 2551 874 2635; x_wconf 84' lang='lat' dir='ltr'><strong>Octavi,</strong></span> <span class='ocrx_word' id='word_1_193' title='bbox 908 2574 1065 2615; x_wconf 92' lang='lat' dir='ltr'><strong>num</strong></span> <span class='ocrx_word' id='word_1_194' title='bbox 1104 2551 1215 2635; x_wconf 91' lang='lat' dir='ltr'><strong>qui</strong></span> <span class='ocrx_word' id='word_1_195' title='bbox 1252 2573 1599 2615; x_wconf 80' lang='lat' dir='ltr'><strong>concursus</strong></span> <span class='ocrx_word' id='word_1_196' title='bbox 1639 2551 1717 2614; x_wconf 87' lang='lat' dir='ltr'><strong>ad</strong></span> <span class='ocrx_word' id='word_1_197' title='bbox 1752 2573 1918 2635; x_wconf 88' lang='lat' dir='ltr'><strong>eum,</strong></span> <span class='ocrx_word' id='word_1_198' title='bbox 1952 2574 2108 2615; x_wconf 91' lang='lat' dir='ltr'><strong>num</strong></span> <span class='ocrx_word' id='word_1_199' title='bbox 2147 2574 2309 2636; x_wconf 90' lang='lat' dir='ltr'><strong>quae</strong></span> 
     </span>
     <span class='ocr_line' id='line_1_26' title="bbox 205 2639 2309 2726; baseline -0.001 -20"><span class='ocrx_word' id='word_1_200' title='bbox 205 2667 259 2707; x_wconf 79' lang='lat'><strong>25</strong></span> <span class='ocrx_word' id='word_1_201' title='bbox 287 2650 730 2726; x_wconf 75' lang='grc' dir='ltr'><em>νεωτερισμοῦ</em></span> <span class='ocrx_word' id='word_1_202' title='bbox 777 2641 1076 2723; x_wconf 88' lang='lat' dir='ltr'><strong>suspicio.</strong></span> <span class='ocrx_word' id='word_1_203' title='bbox 1160 2639 1314 2704; x_wconf 88' lang='lat' dir='ltr'><strong>Non</strong></span> <span class='ocrx_word' id='word_1_204' title='bbox 1358 2644 1517 2723; x_wconf 91' lang='lat' dir='ltr'><strong>puto</strong></span> <span class='ocrx_word' id='word_1_205' title='bbox 1565 2639 1884 2724; x_wconf 88' lang='lat' dir='ltr'><strong>equidem,</strong></span> <span class='ocrx_word' id='word_1_206' title='bbox 1923 2640 2032 2703; x_wconf 90' lang='lat' dir='ltr'><strong>sed</strong></span> <span class='ocrx_word' id='word_1_207' title='bbox 2076 2645 2309 2725; x_wconf 88' lang='lat' dir='ltr'><strong>tamen,</strong></span> 
     </span>
     <span class='ocr_line' id='line_1_27' title="bbox 290 2727 2309 2813; baseline 0 -21"><span class='ocrx_word' id='word_1_208' title='bbox 290 2730 594 2813; x_wconf 88' lang='lat' dir='ltr'><strong>quicquid</strong></span> <span class='ocrx_word' id='word_1_209' title='bbox 648 2735 771 2813; x_wconf 89' lang='lat' dir='ltr'><strong>est,</strong></span> <span class='ocrx_word' id='word_1_210' title='bbox 836 2729 997 2792; x_wconf 89' lang='lat' dir='ltr'><strong>scire</strong></span> <span class='ocrx_word' id='word_1_211' title='bbox 1060 2728 1267 2811; x_wconf 85' lang='lat' dir='ltr'><strong>cupi0.</strong></span> <span class='ocrx_word' id='word_1_212' title='bbox 1340 2727 1516 2791; x_wconf 89' lang='lat' dir='ltr'><strong>Haec</strong></span> <span class='ocrx_word' id='word_1_213' title='bbox 1577 2727 1804 2810; x_wconf 88' lang='lat' dir='ltr'><strong>scripsi</strong></span> <span class='ocrx_word' id='word_1_214' title='bbox 1865 2727 1945 2791; x_wconf 86' lang='lat' dir='ltr'><strong>ad</strong></span> <span class='ocrx_word' id='word_1_215' title='bbox 1996 2731 2063 2791; x_wconf 86' lang='lat' dir='ltr'><strong>te</strong></span> <span class='ocrx_word' id='word_1_216' title='bbox 2118 2729 2309 2812; x_wconf 88' lang='lat' dir='ltr'><strong>profi-</strong></span> 
     </span>
     <span class='ocr_line' id='line_1_28' title="bbox 290 2815 1155 2881; baseline -0.002 0"><span class='ocrx_word' id='word_1_217' title='bbox 290 2818 531 2881; x_wconf 88' lang='lat' dir='ltr'><strong>ciscens</strong></span> <span class='ocrx_word' id='word_1_218' title='bbox 578 2817 820 2880; x_wconf 89' lang='lat' dir='ltr'><strong>Astura</strong></span> <span class='ocrx_word' id='word_1_219' title='bbox 865 2835 943 2879; x_wconf 92' lang='lat'><strong>111</strong></span> <span class='ocrx_word' id='word_1_220' title='bbox 987 2815 1155 2880; x_wconf 81' lang='lat' dir='ltr'><strong>Idus,</strong></span> 
     </span>
    </p>
   </div>
   <div class='ocr_carea' id='block_1_5' title="bbox 681 2990 1918 3183">
    <p class='ocr_par' dir='ltr' id='par_1_5' title="bbox 681 2990 1918 3183">
     <span class='ocr_line' id='line_1_29' title="bbox 1240 2990 1352 3057; baseline -0.009 0"><span class='ocrx_word' id='word_1_221' title='bbox 1240 2990 1352 3057; x_wconf 91' lang='lat' dir='ltr'><strong>VI.</strong></span> 
     </span>
     <span class='ocr_line' id='line_1_30' title="bbox 681 3113 1918 3183; baseline -0.002 -14"><span class='ocrx_word' id='word_1_222' title='bbox 681 3114 793 3169; x_wconf 83' lang='lat' dir='ltr'><strong>Ser.</strong></span> <span class='ocrx_word' id='word_1_223' title='bbox 836 3114 1057 3169; x_wconf 76' lang='lat' dir='ltr'><strong>Fwndis</strong></span> <span class='ocrx_word' id='word_1_224' title='bbox 1084 3116 1235 3183; x_wconf 77' lang='lat' dir='ltr'><strong>prid.</strong></span> <span class='ocrx_word' id='word_1_225' title='bbox 1264 3114 1352 3167; x_wconf 82' lang='lat' dir='ltr'><strong>Id.</strong></span> <span class='ocrx_word' id='word_1_226' title='bbox 1381 3113 1519 3182; x_wconf 74' lang='lat' dir='ltr'><strong>Apr.</strong></span> <span class='ocrx_word' id='word_1_227' title='bbox 1550 3131 1600 3167; x_wconf 89' lang='lat' dir='ltr'><strong>a.</strong></span> <span class='ocrx_word' id='word_1_228' title='bbox 1634 3117 1743 3168; x_wconf 81' lang='lat'><strong>710</strong></span> <span class='ocrx_word' id='word_1_229' title='bbox 1783 3116 1918 3181; x_wconf 77' lang='lat'><strong>(44).</strong></span> 
     </span>
    </p>
   </div>
   <div class='ocr_carea' id='block_1_6' title="bbox 204 3234 1679 3308">
    <p class='ocr_par' dir='ltr' id='par_1_6' title="bbox 204 3234 1679 3308">
     <span class='ocr_line' id='line_1_31' title="bbox 204 3234 1679 3308; baseline -0.001 -17"><span class='ocrx_word' id='word_1_230' title='bbox 204 3268 260 3308; x_wconf 68' lang='lat'><strong>30</strong></span> <span class='ocrx_word' id='word_1_231' title='bbox 653 3273 656 3274; x_wconf 26' lang='lat' dir='ltr'><strong><em>f</em></strong></span> <span class='ocrx_word' id='word_1_232' title='bbox 927 3234 1182 3291; x_wconf 81' lang='lat' dir='ltr'>CICERO</span> <span class='ocrx_word' id='word_1_233' title='bbox 1219 3234 1482 3289; x_wconf 77' lang='lat' dir='ltr'>ATTICO</span> <span class='ocrx_word' id='word_1_234' title='bbox 1523 3235 1574 3290; x_wconf 82' lang='lat' dir='ltr'><strong>s,</strong></span> <span class='ocrx_word' id='word_1_235' title='bbox 1613 3235 1679 3290; x_wconf 89' lang='lat' dir='ltr'><strong>D.</strong></span> 
     </span>
    </p>
   </div>
   <div class='ocr_carea' id='block_1_7' title="bbox 285 3344 2378 3605">
    <p class='ocr_par' dir='ltr' id='par_1_7' title="bbox 285 3344 2378 3605">
     <span class='ocr_line' id='line_1_32' title="bbox 419 3344 2378 3427; baseline -0.002 -16"><span class='ocrx_word' id='word_1_236' title='bbox 419 3346 631 3411; x_wconf 91' lang='lat' dir='ltr'><strong>Pridie</strong></span> <span class='ocrx_word' id='word_1_237' title='bbox 698 3345 851 3410; x_wconf 91' lang='lat' dir='ltr'><strong>Idus</strong></span> <span class='ocrx_word' id='word_1_238' title='bbox 927 3344 1168 3408; x_wconf 85' lang='lat' dir='ltr'><strong>Fundis</strong></span> <span class='ocrx_word' id='word_1_239' title='bbox 1243 3344 1456 3427; x_wconf 89' lang='lat' dir='ltr'><strong>accepi</strong></span> <span class='ocrx_word' id='word_1_240' title='bbox 1526 3349 1673 3408; x_wconf 88' lang='lat' dir='ltr'><strong>tuas</strong></span> <span class='ocrx_word' id='word_1_241' title='bbox 1742 3344 1996 3407; x_wconf 86' lang='lat' dir='ltr'><strong>litteras</strong></span> <span class='ocrx_word' id='word_1_242' title='bbox 2061 3362 2308 3405; x_wconf 89' lang='lat' dir='ltr'><strong>cenans.</strong></span> <span class='ocrx_word' id='word_1_243' title='bbox 2346 3356 2378 3407; x_wconf 86' lang='lat'><strong>1</strong></span> 
     </span>
     <span class='ocr_line' id='line_1_33' title="bbox 285 3429 2310 3521; baseline -0.003 -21"><span class='ocrx_word' id='word_1_244' title='bbox 285 3436 573 3500; x_wconf 89' lang='lat' dir='ltr'><strong>Primum</strong></span> <span class='ocrx_word' id='word_1_245' title='bbox 617 3436 820 3521; x_wconf 89' lang='lat' dir='ltr'><strong>igitur</strong></span> <span class='ocrx_word' id='word_1_246' title='bbox 856 3434 1084 3497; x_wconf 88' lang='lat' dir='ltr'><strong>melius</strong></span> <span class='ocrx_word' id='word_1_247' title='bbox 1124 3454 1281 3518; x_wconf 90' lang='lat' dir='ltr'><strong>esse,</strong></span> <span class='ocrx_word' id='word_1_248' title='bbox 1326 3431 1551 3495; x_wconf 85' lang='lat' dir='ltr'><strong>deinde</strong></span> <span class='ocrx_word' id='word_1_249' title='bbox 1587 3432 1854 3495; x_wconf 89' lang='lat' dir='ltr'><strong>meliora</strong></span> <span class='ocrx_word' id='word_1_250' title='bbox 1893 3434 1959 3493; x_wconf 91' lang='lat' dir='ltr'><strong>te</strong></span> <span class='ocrx_word' id='word_1_251' title='bbox 1994 3429 2310 3493; x_wconf 89' lang='lat' dir='ltr'><strong>nuntiare.</strong></span> 
     </span>
     <span class='ocr_line' id='line_1_34' title="bbox 287 3515 2313 3605; baseline -0.002 -17"><span class='ocrx_word' id='word_1_252' title='bbox 287 3524 525 3588; x_wconf 89' lang='lat' dir='ltr'><strong>Odiosa</strong></span> <span class='ocrx_word' id='word_1_253' title='bbox 586 3523 699 3589; x_wconf 82' lang='lat' dir='ltr'><strong>illa</strong></span> <span class='ocrx_word' id='word_1_254' title='bbox 759 3523 929 3587; x_wconf 78' lang='lat' dir='ltr'><strong>enim</strong></span> <span class='ocrx_word' id='word_1_255' title='bbox 989 3522 1276 3605; x_wconf 82' lang='lat' dir='ltr'><strong>fuerant,</strong></span> <span class='ocrx_word' id='word_1_256' title='bbox 1335 3520 1623 3604; x_wconf 85' lang='lat' dir='ltr'><strong>legiones</strong></span> <span class='ocrx_word' id='word_1_257' title='bbox 1687 3519 1918 3584; x_wconf 85' lang='lat' dir='ltr'><strong>venire.</strong></span> <span class='ocrx_word' id='word_1_258' title='bbox 2010 3515 2178 3579; x_wconf 87' lang='lat' dir='ltr'><strong>Nam</strong></span> <span class='ocrx_word' id='word_1_259' title='bbox 2235 3517 2313 3584; x_wconf 72' lang='lat' dir='ltr'><strong>de</strong></span> 
     </span>
    </p>
   </div>
  </div>
 </body>
</html>
