2642 3923
374 157 506 221 240
1012 157 1085 211 Μ.
1124 157 1340 212 TULLI
1376 156 1753 214 CICERONIS

375 301 453 365 ad
500 300 806 385 oppidum
850 305 1057 365 castra
1091 300 1359 366 haberet
1367 354 1386 388 ,
1438 305 1655 366 tutum
1699 301 1825 367 iter
1870 324 2008 368 esse
2050 323 2183 367 non
2228 302 2393 366 arbi-

375 390 606 454 trahar.

509 476 672 541 Cum
717 498 819 541 res
865 478 933 540 in
981 500 1230 543 summa
1275 478 1751 562 exspectatione
1797 483 1992 563 esset,
2045 482 2391 562 utrumque

379 565 571 630 simul
630 565 1016 652 audivimus,
1077 570 1140 629 et
1201 588 1363 651 quae
1409 564 1653 631 Corfini
1712 570 1854 631 acta
1907 571 2147 652 essent,
2206 570 2270 630 et
2323 570 2390 631 te

376 653 502 717 iter
537 648 954 717 Brundisium
999 618 1207 718 ²facere
1242 655 1553 755 coepisse3
1600 676 1868 737 cumque
1904 676 2023 719 nec
2067 654 2226 718 mibi
2269 676 2389 719 nec
2448 685 2474 723 5

376 741 563 805 fratri
609 763 752 806 meo
798 742 1065 807 dubium
1110 746 1295 827 esset,
1343 743 1501 826 quin
1536 743 1951 807 Brundisium
1986 742 2391 808 contendere-

376 850 540 915 mus,
584 852 622 893 a
666 830 909 915 multis,
955 830 1067 915 qui
1112 853 1146 895 e
1194 830 1455 896 Samnio
1483 829 1848 915 Apuliaque
1883 832 2243 917 veniebant,
2287 832 2391 895 ad-

376 918 608 982 moniti
647 940 885 1001 sumus,
930 923 1005 981 ut
1031 940 1414 1004 caveremus,
1457 940 1539 983 ne
1575 921 2005 1003 exciperemur
2042 943 2079 983 a
2108 919 2391 1003 Caesare,

378 1006 551 1091 quod
595 1007 652 1070 is
698 1007 767 1070 in
803 1006 1018 1070 eadem
1064 1008 1221 1092 loca,
1266 1029 1427 1092 quae
1471 1029 1591 1072 nos
1628 1008 2019 1092 petebamus,
2063 1008 2390 1090 profectus

377 1095 643 1158 celerius
681 1094 893 1181 etiam,
938 1117 1130 1180 quam
1165 1117 1284 1159 nos
1323 1117 1677 1181 possemus,
1721 1117 1815 1181 eo,
1852 1117 1977 1181 quo
2013 1096 2391 1181 intenderet,
2419 1125 2475 1164 ιο

376 1187 684 1247 venturus
745 1187 929 1247 esset.
1030 1182 1210 1259 Quod
1276 1204 1423 1247 cum
1480 1184 1573 1247 ita
1630 1187 1824 1270 esset,
1880 1205 1998 1248 nec
2054 1184 2215 1247 mibi
2271 1205 2391 1248 nec

377 1271 563 1334 fratri
610 1292 751 1336 meo
795 1292 912 1335 nec
956 1272 1253 1355 cuiquam
1291 1272 1640 1336 amicorum
1687 1272 1928 1356 placuit
1971 1274 2391 1358 committere,

377 1363 451 1422 ut
496 1359 825 1423 temeritas
869 1364 1094 1424 nostra
1137 1381 1270 1424 non
1330 1361 1539 1424 solum
1596 1361 1813 1444 nobis,
1874 1361 1985 1425 sed
2042 1360 2236 1425 etiam
2294 1362 2389 1426 rei

377 1446 671 1529 publicae
732 1452 1016 1533 noceret,
1088 1469 1229 1512 cum
1298 1449 1674 1532 praesertim
1737 1469 1868 1512 non
1931 1448 2389 1535 dubitaremus,

377 1535 553 1619 quin,
598 1535 653 1599 si
699 1536 892 1600 etiam
936 1540 1152 1600 tutum
1194 1537 1406 1602 nobis.
1431 1537 1555 1600 iter
1599 1537 1846 1621 fuisset,
1891 1541 1957 1601 te
1999 1540 2217 1601 tamen
2257 1538 2388 1602 iam
2417 1565 2471 1605 15

377 1624 679 1707 consequi
722 1645 855 1688 non
897 1646 1246 1709 possemus.

508 1710 776 1776 Interim
822 1714 1176 1796 accepimus
1222 1719 1369 1778 tuas
1413 1713 1668 1778 litteras
1714 1712 1992 1777 Canusio
2039 1735 2094 1778 a.
2132 1714 2187 1777 d.
2224 1731 2274 1776 x
2306 1712 2385 1778 K.

376 1800 643 1864 Martias
690 1800 901 1886 datas,
946 1801 1180 1885 quibus
1224 1823 1346 1866 nos
1392 1801 1701 1887 hortaris,
1754 1806 1828 1865 ut
1873 1802 2139 1866 celerius
2184 1801 2387 1866 Brun·

378 1888 614 1952 disium
657 1891 1003 1954 veniamus.
1095 1887 1265 1966 Quas
1312 1912 1455 1954 cum
1502 1890 1960 1975 accepissemus
2008 1913 2060 1954 a.
2099 1889 2155 1953 d.
2194 1908 2272 1953 111
2306 1889 2385 1955 K.

377 1977 674 2064 Martiae,
732 2000 862 2043 non
916 1978 1396 2063 dubitabamuS,
1454 1979 1613 2064 quin
1669 1983 1741 2043 tu
1800 1980 1929 2043 iam
1972 1978 2387 2043 Brundisium
2415 2007 2470 2047 20

377 2068 798 2151 pervenisses,
860 2067 1175 2152 nobisque
1238 2068 1363 2131 iter
1425 2067 1587 2131 illud
1651 2068 1910 2132 omnino
1967 2067 2386 2132 interclusum

377 2155 747 2219 videbamus
800 2176 1006 2238 neque
1064 2155 1276 2220 minus
1335 2176 1454 2219 nos
1515 2176 1653 2221 esse
1713 2159 1959 2242 captos,
2019 2177 2210 2240 quam
2274 2156 2386 2239 qui

378 2241 621 2307 Corfini
665 2243 952 2308 fuissent
1042 2242 1266 2327 Neque
1311 2244 1484 2307 enim
1538 2265 1646 2308 eos
1695 2244 1866 2308 solos
1914 2244 2387 2309 arbitrabamur

376 2331 544 2415 capi,
613 2332 724 2416 qui
783 2332 854 2396 in
912 2336 1303 2396 armatorum
1362 2353 1588 2396 manus
1646 2331 2046 2417 incidissent,
2110 2331 2220 2397 sed
2278 2354 2386 2397 eos

375 2419 581 2484 nihilo
640 2420 880 2505 minus,
943 2421 1056 2505 qui
1117 2419 1490 2505 regionibus
1549 2421 1788 2485 exclusi
1848 2421 2019 2484 intra
2071 2421 2386 2505 praesidia
2412 2448 2466 2488 25

377 2512 569 2592 atque
612 2509 785 2572 intra
832 2531 1008 2572 arma
1053 2508 1258 2572 aliena
1302 2509 1644 2573 venissent.

510 2594 695 2672 Quod
739 2618 882 2662 cum
925 2598 1020 2661 ita
1066 2597 1179 2683 sit,
1222 2597 1496 2661 maxime
1541 2597 1769 2661 vellem
1814 2597 2094 2681 primum
2138 2618 2387 2679 semper

376 2687 589 2749 tecum
632 2685 924 2770 fuissem3
983 2685 1154 2769 quod
1200 2686 1455 2769 quidem
1500 2685 1624 2749 tibi
1679 2685 2104 2768 ostenderam,
2160 2706 2304 2749 cum
2349 2706 2387 2748 a

376 2795 476 2837 me
524 2771 808 2857 Capuam
852 2774 1205 2838 reiciebam
1297 2772 1480 2849 Quod
1533 2773 1656 2838 feci
1707 2795 1837 2838 non
1882 2736 2128 2838 vitandi
2174 2773 2385 2838 oneris

377 2883 585 2947 causa,
631 2863 740 2926 sed
776 2862 948 2947 quod
982 2862 1276 2926 videbam
1311 2861 1518 2926 teneri
1562 2862 1741 2926 illam
1777 2862 2003 2926 urbem
2042 2862 2178 2926 sine
2216 2883 2387 2926 exer·
2413 2888 2468 2928 ao

377 2951 509 3014 citu
553 2972 688 3015 non
730 2972 943 3035 posse,
1002 2950 1280 3015 accidere
1340 2954 1554 3014 autem
1610 2950 1773 3015 mihi
1825 2950 2152 3035 nolebam,
2217 2949 2388 3033 quod

376 3037 560 3103 doleo
643 3039 799 3103 viris
880 3038 1250 3102 fortissimis
1335 3038 1650 3103 accidisse.
1756 3037 2070 3114 Quoniam
2156 3042 2389 3124 autem,

377 3130 586 3191 tecum
650 3132 723 3190 ut
786 3148 1016 3212 essem,
1085 3148 1218 3191 non
1290 3127 1590 3212 contigit,
1662 3126 1911 3191 utinam
1972 3126 2071 3191 tui
2135 3126 2389 3190 consilii

376 3217 611 3279 certior
677 3216 885 3279 factus
955 3217 1181 3279 essem!
1271 3213 1442 3279 Nam
1504 3215 1865 3299 suspicione
1932 3215 2196 3298 adsequi
2253 3236 2388 3280 non

376 3303 587 3387 potui,
646 3303 816 3385 quod
872 3303 1085 3367 omnia
1142 3303 1323 3387 prius
1370 3303 1719 3367 arbitratus
1779 3326 1923 3368 sum
1973 3304 2135 3387 fore,
2195 3324 2388 3386 quam
2414 3330 2467 3370 ⁸5

374 3393 449 3451 ut
491 3388 651 3453 haec
693 3391 788 3456 rei
831 3392 1123 3474 publicae
1175 3412 1368 3456 causa
1420 3392 1491 3456 in
1533 3391 1725 3456 Italia
1777 3414 1910 3457 non
1961 3395 2179 3476 posset
2230 3392 2388 3456 duce

375 3479 440 3538 te
485 3475 845 3541 consistere.
938 3475 1163 3562 Neque
1221 3501 1371 3543 vero
1431 3501 1603 3545 nunc
1659 3480 1996 3545 consilium
2054 3484 2241 3543 tuum
2293 3502 2387 3544 re-
