2642 3923
618 180 1133 236 EPISTULARUM
1168 181 1268 236 AD
1305 179 1629 236 ATTICUM
1664 181 1768 235 XII
1803 186 2038 236 (za—11.
2204 181 2332 245 359

317 325 472 411 dies,
517 331 583 391 et
625 325 736 390 ille
772 325 988 390 currit.
1080 321 1320 409 Scribe,
1367 346 1619 410 quaeso,
1670 324 1825 409 quid
1868 325 2104 390 referat
2151 322 2334 389 Celer

319 415 526 500 egisse
571 410 908 479 Caesarem
964 434 1108 477 cum
1164 412 1546 499 candidatio,
1601 416 1819 477 utrum
1877 413 2016 497 ipse
2060 413 2131 477 in
2177 413 2332 477 feni-

319 503 629 567 cularium
684 524 768 566 an
822 501 892 565 in
944 500 1252 565 Martium
1315 522 1612 585 campum
1669 502 1925 587 cogitet.
2026 500 2117 565 Et
2172 501 2333 565 scire

319 612 470 656 sane
516 590 727 674 velim,
779 588 1091 672 numquid
1134 610 1390 653 necesse
1436 590 1523 654 sit
1568 590 1846 654 comitiis
1893 610 2029 654 esse
2071 587 2333 655 Romae.

266 705 292 745 ε
318 677 488 743 Nam
541 683 606 743 et
649 677 853 743 Piliae
906 678 1063 743 satis
1117 677 1481 742 faciendum
1538 682 1637 742 est
1681 681 1746 742 et
1790 678 2016 760 utique
2058 676 2331 742 Atticae.

1271 852 1382 918 lx

733 975 847 1031 Ser.
878 977 1118 1030 Asturae
1165 974 1253 1029 VI
1281 974 1356 1029 K.
1387 973 1531 1029 Sext.
1560 993 1609 1028 a.
1644 978 1753 1030 709
1789 978 1927 1043 (45).

923 1088 1212 1152 CICERO
1247 1097 1539 1152 ATTICO
1574 1097 1739 1152 SAL.

450 1203 552 1269 Ne
599 1226 718 1292 ego
766 1226 972 1271 essem
1017 1205 1125 1270 hic
1166 1205 1445 1270 libenter
1490 1210 1685 1289 atque
1728 1205 1795 1270 id
1840 1206 2074 1271 cotidie
2108 1207 2336 1292 magis,

242 1322 293 1363 ιο
316 1295 387 1357 ni
425 1297 595 1358 esset
630 1315 705 1359 ea
738 1316 949 1379 causa,
984 1316 1177 1377 quam
1204 1293 1331 1358 tibi
1359 1293 1796 1378 superioribus
1824 1294 2061 1360 litteris
2091 1294 2335 1379 scripsi.

318 1380 505 1447 Nihil
552 1381 673 1447 hac
723 1382 1070 1447 solitudine
1120 1382 1487 1468 iucundius,
1541 1383 1671 1446 nisi
1720 1383 1982 1466 paulum
2037 1383 2338 1467 interpel-

318 1470 517 1535 lasset
559 1469 881 1554 Amyntae
917 1470 1107 1534 filius.
1166 1468 1250 1535 Ὦ
1286 1470 1845 1556 ἀπεραντολογίας
1880 1470 2151 1554 ἀηδοῦςέ
2224 1468 2337 1537 Oe-

320 1562 460 1623 tera
519 1558 658 1622 noli
722 1562 949 1642 putare
1013 1558 1392 1623 amabiliora
1449 1559 1588 1622 fieri
1643 1580 1833 1643 posse
1885 1559 2065 1645 villa,
2126 1559 2337 1644 litore,

320 1650 665 1730 prospectu
711 1646 925 1731 maris,
972 1646 1260 1731 tumulis,
1301 1645 1408 1710 his
1444 1646 1637 1711 rebus
1675 1647 1989 1712 omnibus.
2064 1644 2188 1712 Sed
2230 1670 2336 1713 ne-

241 1760 292 1802 ιε
321 1755 445 1818 que
507 1733 663 1798 haec
725 1734 920 1819 digna
971 1734 1379 1819 longioribus
1437 1735 1706 1822 litteris,
1763 1756 1881 1800 nec
1935 1740 2100 1821 erat,
2166 1735 2337 1820 quod

322 1822 684 1908 scriberem,
726 1826 793 1886 et
837 1843 1101 1886 somnus
1147 1821 1433 1908 urgebat.

1291 1981 1369 2046 X.

747 2100 858 2156 Ser.
889 2103 1131 2156 Astwrae
1176 2101 1229 2155 V
1260 2101 1334 2156 K.
1367 2101 1510 2157 Sext.
1541 2119 1594 2157 a.
1626 2107 1736 2158 709
1773 2105 1910 2170 (45).

926 2223 1217 2280 CICERO
1251 2223 1542 2280 ATTICO
1577 2224 1743 2281 SAL.

241 2362 294 2399 zo
452 2332 622 2398 Male
667 2332 1031 2398 mehercule
1075 2333 1152 2397 de
1195 2332 1608 2398 Athamante.
1682 2333 1858 2398 Tuus
1906 2339 2120 2399 autem
2156 2334 2340 2399 dolor

318 2422 636 2486 humanus
699 2422 756 2485 is
822 2421 1105 2507 quidem,
1169 2422 1278 2486 sed
1343 2442 1579 2508 magno
1644 2443 1835 2506 opere
1898 2422 2336 2487 moderandus

321 2507 855 2575 Consolationum
901 2513 1116 2575 autem
1161 2510 1419 2574 multae*
1457 2511 1618 2595 viae,
1664 2509 1772 2574 sed
1809 2511 1923 2575 illa
1963 2511 2335 2575 rectissima.

319 2597 630 2682 Impetret
665 2598 852 2683 ratiO,
890 2597 1063 2682 quod
1099 2597 1233 2663 dies
1271 2597 1694 2682 impetratura
1730 2603 1845 2662 est.
1920 2598 2155 2664 Alexin
2185 2620 2337 2664 vero

322 2707 630 2772 curemus,
674 2686 1022 2772 imaginem
1067 2685 1345 2770 Tironis,
1392 2708 1581 2770 quem
1629 2707 1891 2771 aegrum
1928 2686 2201 2751 Romam
2244 2708 2339 2751 re-

239 2801 293 2842 ss
320 2774 489 2860 misi,
541 2778 633 2858 et,
687 2774 753 2838 siv
799 2774 954 2858 quid
1007 2773 1203 2839 habet
1258 2773 1443 2838 collis
1491 2775 1865 2859 ἐπιδήμιον,
1921 2776 1999 2839 ad
2044 2797 2147 2839 me
2192 2797 2336 2840 cum

320 2866 707 2927 testamento
753 2862 1231 2927 transferamus.
1314 2862 1483 2927 Tota
1528 2862 1754 2927 domus
1801 2868 1984 2927 vacat
2030 2864 2338 2950 superior,

320 2954 396 3015 ut
442 2950 582 3015 scis.
670 2949 813 3014 Hoc
858 2954 1019 3034 puto
1065 2950 1248 3014 valde
1295 2951 1375 3014 ad
1420 2972 1555 3016 rem
1601 2951 1937 3035 pertinere.

1275 3108 1385 3173 XI.

605 3210 717 3266 Ser.
747 3214 811 3267 im
850 3212 1164 3267 Tusculano
1199 3229 1268 3267 m.
1298 3213 1483 3268 intere.
1507 3218 1647 3281 post.
1679 3231 1730 3267 a.
1763 3218 1874 3268 708
1913 3217 2052 3282 (46).

241 3329 295 3369 so
927 3317 1215 3373 CICERO
1249 3318 1540 3373 ATTICO
1576 3317 1740 3374 SAL.

451 3407 623 3473 Male
676 3408 754 3473 de
809 3407 972 3474 Seio.
1064 3405 1189 3472 Sed
1235 3409 1453 3473 omnia
1494 3408 1774 3474 humana
1820 3409 2183 3475 tolerabilia
2227 3409 2337 3474 du-

319 3497 530 3561 cenda.
602 3493 738 3581 Ipsi
785 3494 955 3561 enim
993 3496 1148 3580 quid
1184 3517 1407 3561 sumus
1446 3501 1559 3561 aut
1594 3519 1787 3582 quam
1825 3497 1934 3562 diu
1969 3497 2125 3560 haec
2161 3519 2341 3561 cura·
