2642 3923
181 828 191 838 ‚
232 775 259 822 1

297 172 427 237 248
935 171 1010 226 M.
1052 170 1268 226 TULLI
1304 169 1681 229 CICERONIS

1217 401 1393 467 XIII.

738 525 852 581 Ser.
891 524 1138 580 Formiis
1175 525 1249 579 K.
1290 526 1466 579 Mart.
1506 542 1558 580 a.
1599 528 1709 580 705
1746 527 1884 593 (49).

938 647 1195 703 CICERO
1234 646 1497 703 ATTICO
1539 648 1686 702 SAL.

433 755 868 840 Lippitudinis
925 778 1103 821 meae
1161 757 1420 841 signum
1474 757 1597 821 tibi
1651 757 1737 821 sit
1789 756 2039 821 librarii
2090 777 2319 821 manus

303 849 368 909 et
423 846 639 910 eadem
697 867 886 910 causa
949 845 1316 929 brevitatis3
1382 845 1501 909 etsi
1565 867 1736 910 nunc
1799 845 2083 929 quidem,
2148 845 2321 929 quod
2375 868 2401 909 ε

304 934 673 1016 scriberem,
725 933 892 998 nihil
947 937 1099 997 erat.
1194 931 1419 997 Omnis
1475 934 1867 1016 exspectatio
1912 937 2139 998 nostra
2183 937 2321 997 erat

303 1023 374 1086 in
416 1022 664 1086 nuntiis
711 1021 1138 1086 Brundisinis,
1232 1021 1301 1086 Si
1346 1026 1621 1085 nanctus
1664 1021 1770 1086 hic
1817 1026 1984 1086 esset
2032 1020 2319 1085 Gnaeum

302 1115 627 1196 nostrum,
689 1132 833 1193 spes
889 1110 1084 1174 dubia
1136 1111 1340 1192 paciS,
1401 1110 1502 1173 sin
1560 1109 1670 1174 ille
1707 1114 1865 1175 ante
1918 1110 2320 1193 tramisisset,

305 1199 563 1263 exitiosi
608 1198 763 1263 belli
807 1202 1032 1262 metus
1126 1197 1248 1262 Sed
1292 1197 1576 1281 videsne,
1629 1199 1700 1262 in
1754 1220 1943 1282 quem
1993 1160 2320 1262 homineni

303 1287 597 1351 inciderit
640 1308 742 1350 res
787 1286 1070 1370 publica,
1118 1308 1308 1369 quam
1357 1289 1644 1372 acutum,
1690 1309 1882 1370 quam
1926 1287 2320 1371 vigilantem,
2349 1311 2404 1350 ιο

307 1398 499 1459 quam
542 1380 839 1458 paratum
852 1374 885 1438 *Ρ
978 1374 1048 1439 Si
1090 1373 1450 1438 mehercule
1493 1376 1812 1439 neminem
1860 1376 2159 1440 occiderit
2201 1396 2320 1439 nec

308 1464 604 1546 cuiquam
651 1463 992 1547 quicquam
1038 1463 1368 1546 ademerit,
1414 1463 1494 1526 ab
1542 1463 1649 1546 iis,
1696 1464 1808 1546 qui
1855 1486 2000 1528 eum
2043 1463 2321 1527 maxime

306 1552 672 1634 timuerant,
715 1551 993 1615 maxime
1040 1512 1368 1635 diligetur.
1442 1550 1722 1616 Multum
1768 1573 2013 1616 mecum
2059 1552 2322 1616 munici-
2354 1620 2362 1625 ,

306 1640 483 1724 pales
518 1639 812 1703 homines
849 1639 1223 1722 loquuntur,
1258 1639 1536 1703 multum
1571 1639 1907 1726 rusticani3
1941 1640 2107 1704 nihil
2142 1662 2319 1723 pror-

307 1750 415 1792 sus
461 1728 634 1792 aliud
679 1732 906 1792 curant
949 1727 1075 1791 nisi
1121 1748 1327 1812 agrOS,
1372 1728 1498 1804 nisi
1535 1728 1812 1814 villulaS,
1856 1729 1983 1792 nisi
2024 1750 2319 1792 nummu·
2349 1753 2403 1794 15

306 1818 406 1881 los
451 1838 620 1881 suos,
709 1815 800 1879 Et
843 1817 1005 1901 vide,
1051 1838 1244 1899 quam
1288 1836 1593 1880 conversa
1638 1839 1740 1880 res
1785 1817 1896 1902 sit3
1941 1817 2143 1900 11111111,
2190 1838 2318 1899 quo

308 1908 496 1970 antea
541 1904 970 1988 confidebant,
1023 1908 1348 1991 metuunt,
1402 1903 1573 1969 hunc
1626 1909 1860 1989 amant,
1906 1925 2095 1990 quem
2139 1905 2321 1969 time-

306 1994 481 2058 bant.
571 1992 646 2058 Id
705 1993 963 2077 quantis
1019 1994 1260 2057 nostris
1320 1995 1598 2076 peccatis
1656 1994 1961 2077 vitiisque
2020 1994 2320 2078 evenerit,

305 2104 440 2147 non
481 2103 744 2165 possum
792 2082 929 2145 sine
983 2082 1278 2145 molestia
1338 2083 1636 2166 cogitare.
1728 2081 1900 2159 Quae
1947 2087 2161 2146 autem
2204 2083 2321 2146 im-

307 2171 578 2255 pendere
632 2173 951 2253 putarem,
1006 2170 1382 2253 scripseram
1439 2170 1517 2233 ad
1563 2174 1628 2234 te
1674 2175 1740 2234 et
1783 2171 1913 2234 iam
1959 2175 2106 2235 tuas
2151 2171 2321 2234 litte·
2350 2197 2406 2236 20

306 2281 410 2323 ras
458 2258 919 2340 exspectabam.

1227 2431 1400 2498 XIV.

640 2555 753 2610 Ser.
793 2554 1039 2610 Formiis
1082 2554 1174 2608 VI
1200 2554 1349 2609 Non.
1390 2555 1565 2609 Mart.
1605 2572 1656 2610 α.
1697 2559 1807 2611 705
1844 2559 1981 2624 (49).

941 2676 1196 2732 CICERO
1234 2676 1495 2732 ATTICO
1535 2676 1683 2732 SAL.

437 2785 590 2853 Non
649 2787 901 2871 dubito,
962 2786 1119 2869 quin
1175 2786 1300 2850 tibi
1359 2786 1615 2851 odiosae
1670 2787 1800 2850 sint
1855 2787 2167 2871 epistulae
2220 2809 2320 2853 co·
2349 2814 2404 2854 2⁵

306 2876 604 2961 tidianae,
649 2897 793 2939 cum
838 2874 1216 2958 praesertim
1259 2895 1468 2958 neque
1510 2896 1680 2939 nova
1716 2876 1793 2940 (10
1828 2897 1897 2939 10
1935 2876 2150 2959 aliqua
2194 2897 2323 2941 cer-

306 2965 536 3028 tiorem
581 2967 647 3028 te
691 2963 919 3027 faciam
961 2984 1168 3046 neque
1220 2984 1453 3026 novam
1499 2963 1771 3047 denique
1824 2963 1952 3028 iam
2008 2964 2322 3048 reperiam

306 3051 624 3117 scribendi
669 3051 868 3115 ullam
914 3051 1311 3116 sententiam.
1388 3048 1528 3134 Sed,
1576 3052 1630 3115 si
1674 3052 1886 3116 dedita
1923 3074 2131 3136 opera,
2176 3075 2322 3117 cum

306 3162 496 3205 causa
540 3140 719 3204 nulla
763 3143 960 3224 esset,
1005 3139 1375 3204 tabellarios
1422 3140 1502 3203 ad
1545 3143 1610 3204 te
1657 3161 1801 3204 cum
1846 3140 2145 3205 inanibus
2193 3141 2322 3224 epi-

308 3229 495 3292 stulis
539 3228 882 3313 mitterem,
927 3229 1196 3292 facerem
1242 3228 1489 3313 inepte3
1549 3228 1850 3293 euntibus
1897 3251 2065 3312 vero,
2113 3230 2322 3294 dome·
2351 3255 2406 3295 so

308 3317 486 3379 sticis
533 3317 929 3400 praesertim,
974 3321 1048 3379 ut
1084 3315 1250 3379 nihil
1288 3316 1367 3379 ad
1404 3320 1469 3380 te
1504 3316 1648 3380 dem
1692 3317 2073 3403 litterarum,
2117 3318 2323 3382 facere

304 3425 436 3466 non
482 3424 747 3485 possum
792 3409 856 3466 et
904 3403 1121 3488 simul,
1181 3404 1364 3468 crede
1421 3404 1608 3489 mihi,
1671 3407 1997 3489 requiesco
2056 3406 2323 3489 paulum

306 3489 375 3551 in
419 3488 522 3553 his
577 3488 882 3577 miseriis,
945 3510 1090 3554 cum
1151 3492 1333 3574 quasi
1392 3497 1604 3558 tecum
1662 3493 1922 3581 loquor,
1980 3515 2125 3558 cum
2168 3515 2322 3559 vero
