2642 3923
316 191 443 257 130
952 191 1024 245 M.
1065 190 1276 245 TULLI
1314 188 1693 246 CICERONIS

313 357 493 401 meus
548 335 750 400 frater
805 339 943 399 erat
997 335 1067 398 in
1113 355 1396 398 sororem
1443 338 1649 419 tuam,
1704 337 1806 418 ut,
1859 331 2055 396 etiam
2101 330 2155 394 si
2204 351 2331 413 qua

313 425 524 489 fuerat
560 444 637 488 ex
673 422 923 488 ratione
961 425 1256 506 sumptus
1297 421 1581 505 offensio,
1616 442 1748 486 non
1785 423 2136 504 appareret.
2211 416 2328 482 Ille

316 513 407 577 sic
462 512 612 576 dies.
712 509 1034 576 Postridie
1089 532 1166 575 ex
1223 510 1526 594 Arpinati
1579 509 1852 593 profecti
1907 528 2144 572 sumus.
2236 504 2328 572 Ut

315 602 387 665 in
412 600 665 665 Arcano
705 598 980 675 Quintus
1024 602 1331 683 maneret,
1376 598 1508 662 dies
1546 597 1716 677 fecit,
1762 618 1881 682 ego
1910 594 2172 680 Aquini,
2219 593 2328 658 sed

315 688 687 773 prandimus
741 688 810 752 in
853 687 1124 752 Arcano.
1216 685 1412 751 Nosti
1464 686 1635 750 hunc
1692 685 1977 750 fundum.
2068 682 2207 759 Quo
2254 686 2329 747 ut
2384 708 2411 749 5

316 777 624 861 venimus,
674 775 1134 841 humanissime
1182 775 1459 850 Quintus
1507 772 1906 857 ‘Pomponia'
1951 772 2183 855 inquit,
2230 771 2326 834 ‘tu

318 866 522 930 invita
562 865 880 949 mulieres,
917 885 1035 950 ego
1081 864 1362 928 arcivero
1399 863 1614 928 viros'.
1678 859 1865 926 Nihil
1901 861 2131 945 potuit,
2168 859 2328 922 mihi

320 954 576 1038 quidem
631 957 705 1017 ut
758 953 967 1017 visum
1012 956 1140 1038 est,
1193 952 1441 1016 dulcius
1496 952 1687 1034 idque
1742 971 1888 1014 cum
1932 947 2144 1012 verbis
2189 953 2330 1011 tum

319 1041 513 1106 etiam
559 1041 769 1106 animo
817 1062 890 1105 ac
933 1041 1133 1104 vultu.
1205 1038 1318 1106 At⁴
1343 1039 1455 1104 illa
1491 1038 1898 1103 audientibus
1933 1036 2124 1101 nobis
2161 1035 2328 1121 ‘Ego

320 1130 461 1214 ipsa
523 1130 686 1193 sum'
746 1128 961 1213 inquit
1017 1128 1144 1192 ‘hic
1195 1127 1508 1212 hospita',
1570 1127 1638 1191 id
1690 1130 1905 1191 autem
1960 1146 2035 1189 ex
2092 1146 2165 1189 eo
2176 1176 2194 1209 ,
2257 1128 2331 1188 ut
2364 1151 2413 1191 10

322 1219 579 1303 opinor,
632 1217 802 1301 quod
848 1220 1272 1281 antecesserat
1320 1214 1596 1299 Statius,
1640 1219 1714 1279 ut
1759 1213 2096 1298 prandium
2141 1212 2331 1276 nobis

321 1307 581 1371 videret.
652 1305 816 1370 Tum
861 1303 1137 1380 Quintus
1174 1302 1326 1368 ‘En'
1370 1304 1583 1388 inquit
1627 1301 1788 1367 mihi
1836 1300 2012 1366 ‘haec
2060 1321 2178 1387 ego
2225 1323 2332 1384 pa·

250 1414 286 1460 4
323 1395 452 1458 tior
497 1394 767 1459 cotidie’.
857 1391 1074 1458 Dices:
1139 1391 1330 1469 ‘Quid
1338 1442 1356 1477 ,
1412 1413 1667 1477 quaeso,
1711 1391 1875 1455 istuc
1921 1389 2122 1455 erat?’
2200 1388 2332 1453 Ma-

324 1505 550 1568 gnum3
607 1482 824 1565 itaque
877 1502 979 1545 me
1038 1481 1252 1565 ipsum
1296 1483 1754 1563 commoverat3
1814 1480 1904 1543 sic
1949 1477 2221 1542 absurde
2267 1481 2331 1542 et

324 1592 566 1723 aspen}
571 1570 785 1672 verbis
808 1570 1121 1653 vultuque
1146 1569 1574 1722 respondfirat.
1648 1565 2327 1730 DissgmulaviQdole?S.
2361 1592 2414 1633 1⁵

387 1681 522 1723 iscu
569 1679 781 1722 u1mus
825 1678 1044 1723 omnes
1133 1679 1240 1722 rae
1273 1679 1343 1721 er
1388 1680 1411 1721 1
1464 1680 1565 1721 am
1643 1678 1742 1721 cul
1822 1677 2008 1721 amen
2111 1676 2223 1718 uin
2254 1675 2330 1718 us

325 1748 402 1811 de
445 1768 665 1812 mensa
709 1746 903 1811 misit.
985 1680 1131 1810 Illa?
1151 1746 1385 1810 reiecit.
1460 1708 1626 1821 Qui'd
1669 1744 1917 1809 multa?
1979 1742 2144 1807 nihil
2188 1764 2330 1806 meo

323 1836 522 1901 fratre
559 1835 786 1921 leniuS,
828 1833 993 1898 nihil
1029 1834 1318 1918 asperius
1352 1838 1467 1898 tua
1504 1855 1722 1898 sorore
1759 1831 1921 1896 mihi
1957 1832 2167 1895 visum
2205 1835 2332 1914 est3

324 1929 389 1990 et
442 1924 647 1989 multa
700 1926 1053 2008 praetereo,
1109 1944 1278 2007 quae*
1324 1926 1466 1988 tum
1517 1920 1677 1987 mihi
1731 1920 1960 1986 maiori
2004 1918 2332 1984 stomacho

326 2034 518 2097 quam
564 2013 689 2096 ipsi
728 2011 967 2095 Quinto
1013 2013 1288 2077 fuerunt.
1362 2010 1508 2099 Ego
1546 2010 1691 2075 inde
1718 2009 2065 2094 Aquinum.
2142 2006 2333 2084 Quin·
2362 2035 2416 2074 zo

324 2106 431 2167 tus
491 2102 557 2165 in
602 2101 854 2165 Arcano
911 2100 1218 2165 remansit
1261 2104 1329 2164 et
1373 2098 1705 2182 Aquinum
1750 2098 1830 2162 ad
1874 2118 1977 2161 me
2022 2095 2332 2181 postridie

324 2211 508 2255 mane
553 2190 730 2255 venit
775 2188 1057 2272 mihique
1103 2187 1389 2252 narravit
1432 2208 1549 2251 nec
1596 2208 1808 2252 secum
1844 2185 2022 2250 illam
2058 2184 2334 2250 dormire

325 2277 600 2343 voluisse
663 2284 745 2361 et,
809 2298 951 2341 cum
1017 2277 1373 2340 discessura
1435 2279 1629 2359 esset,
1695 2275 1892 2339 fuisse
1955 2274 2091 2339 eius
2144 2272 2337 2357 modi,

326 2366 579 2451 qualem
617 2385 736 2450 ego
773 2365 1092 2430 vidissem.
1166 2363 1334 2440 Quid
1372 2364 1668 2448 quaeris?
1724 2362 1826 2427 vel
1861 2362 1988 2446 ipsi
2013 2360 2137 2426 hoc
2164 2361 2334 2425 dicas

322 2455 492 2537 licet,
536 2453 1000 2518 humanitatem
1045 2453 1104 2518 ei
1148 2474 1290 2517 meo
1337 2452 1573 2517 iudicio
1619 2451 1733 2516 illo
1780 2451 1882 2516 die
1926 2450 2219 2514 defuisse.
2365 2477 2415 2517 so

456 2541 631 2606 Haec
675 2542 758 2606 ad
800 2546 866 2606 te
913 2541 1142 2625 scripsi
1184 2542 1460 2606 fortasse
1495 2539 1807 2624 pluribuS,
1854 2560 2048 2623 quam
2081 2558 2335 2603 necesse

16 2712 17 2717 ἵ
324 2631 470 2717 fuit,
515 2635 588 2694 ut
633 2630 878 2695 videres
923 2634 1070 2694 tuas
1117 2650 1373 2713 quoque
1419 2650 1556 2693 esse
1602 2632 1820 2712 partes
1856 2625 2235 2691 instituendi
2273 2629 2336 2689 et

16 2732 17 2793 i
256 2737 289 2787 ὅ
325 2718 639 2784 monendi.
730 2717 1075 2801 Reliquum
1147 2722 1274 2803 est,
1346 2721 1450 2802 ut,
1511 2721 1853 2801 antequam
1919 2715 2338 2799 proficiscare,

16 2814 17 2899 i
324 2808 625 2872 mandata
667 2811 893 2871 nostra
937 2805 1297 2890 exhaurias,
1340 2805 1581 2870 scribas
1624 2805 1703 2869 ad
1739 2825 1841 2868 me
1879 2804 2112 2888 omnia,
2154 2801 2338 2867 Pom-

325 2896 580 2980 ptinum
625 2894 951 2979 extrudaS,
1008 2915 1152 2959 cum
1196 2895 1520 2978 profectus
1567 2894 1713 2980 eris,
1756 2913 1957 2975 cureS,
2003 2895 2078 2956 ut
2124 2891 2338 2974 sciam,
2366 2917 2417 2957 ³0

329 2985 419 3048 sic
459 2983 715 3068 habeas,
758 2982 922 3047 nihil
955 2981 1312 3057 mehercule
1350 2986 1414 3045 te
1450 2981 1611 3046 mihi
1646 3002 1762 3045 nec
1798 2980 2006 3045 carius
2044 3001 2182 3044 esse
2224 2999 2340 3043 nec

330 3073 605 3137 suavius.
690 3071 764 3136 A.
802 3069 1203 3154 Torquatum
1240 3069 1677 3135 amantissime
1714 3068 1930 3133 dimisi
1957 3066 2339 3152 Menturnis,

329 3161 643 3243 optimum
681 3159 914 3244 virum3
960 3158 1064 3223 cui
1100 3180 1202 3222 me
1238 3158 1319 3225 ad
1356 3163 1421 3224 te
1458 3158 1792 3242 scripsisse
1829 3156 2073 3238 aliquid
2108 3156 2177 3220 in
2215 3177 2341 3219 ser-

328 3268 520 3312 mone
561 3248 880 3333 significes
922 3247 1130 3312 velim.
