2642 3923
566 223 1084 280 EPISTULARUM
1119 223 1221 277 AD
1257 207 1583 279 Amicum
1619 224 1750 278 xm
1786 229 2010 278 21-22.
2166 224 2298 289 409

283 370 704 433 confecerunt.
795 367 1082 431 Tuorum
1127 370 1344 430 tamen
1390 387 1509 451 ego
1555 366 1806 431 nullum
1854 367 2159 432 delictum
2206 391 2302 432 ar-

282 457 491 521 bitror
535 457 817 539 itemque
862 459 927 519 te
975 455 1120 520 volo
1168 455 1560 539 existimare3
1606 478 1643 518 a
1679 477 1781 519 me
1802 456 1988 519 -enim
2026 460 2302 540 praeter-

283 545 614 609 missumst
628 595 646 628 ‚
716 548 791 607 ut
865 543 1136 608 dicerem
1197 565 1299 607 me
1364 564 1473 608 eos
1537 544 1710 607 exire
1772 545 2056 608 nondum
2120 546 2299 609 velle.

284 632 444 716 Hui,
503 654 693 716 quam
753 632 861 695 diu
926 633 1002 696 de
1068 631 1285 716 nugis!
1352 631 1429 695 de
1494 653 1564 695 re
1633 632 1802 696 enim
1868 632 2034 696 nihil
2089 633 2298 698 habeo

230 748 256 787 ε
284 721 456 805 quod
498 721 741 804 loquar.
1108 726 1112 732 '

414 807 512 873 De
554 807 892 872 Dolabella
935 807 1059 871 tibi
1105 806 1445 871 adsentior.
1522 804 1895 892 coheredes,
1941 813 2016 872 ut
2053 808 2299 891 scribis,
2336 826 2368 872 3
2407 827 2468 875 (ο)

282 897 351 961 in
409 897 784 961 Tusculano,
889 893 987 959 De
1051 893 1342 959 Caesaris
1404 895 1680 959 adventu
1743 896 2001 980 scripsit
2061 897 2138 960 ad
2197 919 2299 960 me

281 984 525 1050 Balbus
559 1006 692 1048 non
729 988 875 1048 ante
910 983 1051 1048 Kal.
1092 981 1382 1047 Sextiles.
1446 981 1544 1046 De
1583 984 1802 1048 Attica
1840 986 2098 1070 optime,
2128 985 2300 1068 quod

283 1074 484 1137 levius
540 1095 612 1138 ac
664 1073 869 1137 levius
879 1125 896 1157 ,
951 1076 1013 1136 et
1070 1072 1244 1155 quod
1286 1071 1416 1135 fert
1461 1071 1762 1148 εὐκόλως.
1806 1112 1811 1116 -
1856 1071 2037 1148 Quod
2083 1078 2300 1137 autem
2332 1089 2369 1137 4
2405 1091 2467 1141 (⁷)

204 1189 256 1228 ιο
284 1162 357 1225 de
420 1162 534 1226 illa
591 1165 815 1225 nostra
867 1160 1260 1245 cogitatione
1315 1159 1542 1224 scribis
1559 1212 1576 1243 ,
1637 1161 1706 1224 in
1766 1182 1892 1244 qua
1949 1160 2113 1225 nihil
2171 1161 2299 1225 tibi

284 1250 463 1332 cedo,
523 1272 622 1335 ea,
683 1271 844 1333 quae
889 1249 1066 1332 novi,
1113 1248 1297 1312 valde
1342 1248 1576 1332 probo,
1630 1247 1976 1333 hominem,
2023 1249 2300 1334 domum,

283 1339 636 1402 facultates.
711 1336 892 1412 Quod
938 1340 1130 1420 caput
1175 1340 1290 1422 est,
1335 1337 1546 1419 ipsum
1582 1358 1712 1400 non
1749 1338 1918 1419 novi,
1965 1338 2074 1401 sed
2110 1338 2299 1402 audio

282 1426 650 1507 laudabilia,
697 1426 773 1489 de
822 1424 1043 1489 Scrofa
1090 1424 1281 1487 etiam
1328 1425 1635 1507 proxime.
1717 1424 1998 1510 Accedit,
2044 1425 2098 1489 si
2146 1426 2301 1508 quid

282 1514 406 1579 hoc
451 1515 530 1578 ad
574 1535 727 1599 rem,
782 1511 1241 1596 εὐγενέστερος
1287 1516 1386 1599 est
1433 1512 1626 1576 etiam
1673 1536 1866 1596 quam
1911 1518 2110 1597 pater.
2184 1511 2302 1578 Go-

206 1629 257 1669 ιε
284 1625 422 1666 ram
468 1602 683 1703 igitur·
715 1605 781 1664 et
825 1601 1080 1684 quidem
1125 1620 1444 1683 propenso
1492 1601 1706 1700 animo
1754 1601 1833 1664 ad
1877 1601 2298 1702 probandum.

284 1689 549 1754 Accedit
584 1711 774 1774 emm,
809 1688 978 1772 quod
1015 1691 1281 1771 patrem,
1308 1692 1385 1751 ut
1422 1708 1581 1752 sclre
1618 1692 1683 1752 te
1717 1693 1894 1773 put0,
1922 1690 2069 1772 plus
2108 1694 2303 1753 etiam

288 1800 480 1862 quam
535 1799 669 1841 non
718 1778 910 1841 modo
966 1781 1069 1861 tu,
1130 1776 1239 1839 sed
1286 1797 1481 1859 quam
1527 1776 1667 1858 ipse
1714 1776 1865 1862 scit,
1920 1798 2063 1841 amo
2109 1777 2301 1861 idque

288 1871 353 1930 et
395 1866 626 1930 merito
672 1869 738 1929 et
779 1866 910 1928 iam
955 1864 1079 1928 diu.

1191 2037 1395 2105 XXII.

207 2177 260 2216 ιο
578 2163 691 2218 Ser.
720 2164 784 2217 in
819 2162 1088 2232 Arpinati
1121 2162 1219 2216 IV
1249 2162 1398 2217 Non.
1434 2161 1620 2232 Quint.
1651 2180 1701 2216 a.
1734 2167 1843 2218 709
1881 2166 2019 2231 (45).

891 2285 1180 2340 C'IC'ERO
1214 2284 1507 2339 ATTICO
1541 2284 1707 2339 SAL.

420 2395 519 2460 De
562 2394 854 2459 Varrone
906 2415 1040 2458 non
1095 2394 1233 2457 sine
1278 2415 1468 2458 causa
1515 2393 1667 2476 quid
1713 2392 1834 2456 tibi
1881 2392 2127 2477 placeat
2170 2395 2308 2457 tam
2344 2412 2372 2458 1

289 2484 627 2569 diligenter
681 2482 963 2566 exquiro,
1038 2479 1398 2546 Occurrunt
1450 2481 1612 2544 mihi
1659 2482 1985 2565 quaedam.
2059 2477 2185 2545 Sed
2231 2502 2305 2545 ea

290 2595 518 2638 coram.
619 2571 710 2635 Te
764 2575 978 2634 autem
1033 2570 1471 2654 ἀσμεναίτατα
1512 2570 1773 2646 ‚intexui
1829 2570 2185 2652 faciamque
2239 2569 2306 2632 id

211 2687 263 2727 25
292 2661 590 2726 crebrius
681 2658 1000 2722 Proximis
1062 2658 1227 2722 enim
1291 2658 1425 2721 tuis
1488 2658 1725 2721 litteris
1785 2658 2065 2740 primum
2118 2661 2185 2721 te
2240 2658 2307 2720 id

289 2771 422 2813 non
464 2748 639 2812 nolle
683 2747 972 2832 cognovi.
1046 2744 1143 2809 De
1187 2744 1493 2810 Marcello
1533 2746 1876 2828 scripserat
1913 2746 1992 2808 ad
2027 2766 2129 2810 me
2158 2742 2306 2810 Cas·
2342 2763 2375 2812 2

293 2838 426 2901 sius
486 2840 704 2920 antea,
765 2838 844 2899 τὰ
888 2836 1051 2899 κατὰ
1096 2833 1294 2917 μέρος
1342 2830 1616 2898 Servius.
1710 2831 1764 2897 O
1810 2855 1946 2898 rem
1990 2832 2306 2898 acerbam!
2430 2845 2433 2850 “

292 2925 397 2989 Ad
451 2924 660 3008 prima
711 2923 915 2987 redeo.
1013 2921 1267 3005 Scripta
1311 2925 1537 2987 nostra
1588 2943 1905 3006 nusquam
1951 2922 2121 2986 malo
2171 2943 2308 2985 esse
2344 2937 2378 2987 8
2502 2904 2513 2940 ³

294 3035 487 3098 quam
540 3012 711 3095 apud
768 3015 861 3095 te,
922 3011 1033 3074 sed
1087 3032 1160 3074 ea
1214 3014 1355 3074 tum
1414 3010 1586 3074 foras
1632 3009 1797 3093 dari,
1862 3032 2004 3075 cum
2050 3010 2310 3093 utrique

212 3128 266 3168 so
291 3105 586 3166 nostrum
631 3099 966 3164 videbitur.
1039 3098 1183 3184 Ego
1231 3102 1297 3162 et
1340 3097 1640 3162 librarios
1686 3102 1835 3162 tuos
1881 3095 2068 3182 culpa
2102 3098 2308 3162 libero

291 3210 499 3274 neque
557 3192 623 3252 te
682 3209 907 3252 accuso
963 3191 1029 3251 et
1085 3191 1303 3251 tamen
1358 3186 1532 3249 aliud
1579 3186 1878 3270 quiddam
1924 3187 2004 3251 ad
2049 3191 2114 3250 te
2161 3186 2311 3249 scri-

291 3273 729 3431 {332}ssss
730 3275 1059 3448 ⁶32¹12¹1¹12¹3t.
1080 3275 1387 3427 qufiffl'
1408 3274 1672 3447 qfffl
1681 3327 1697 3358 ²
1710 3278 2315 3446 afflgssfflmasss

292 3454 652 3519 faciendum
687 3454 902 3535 fuisse,
930 3456 1185 3515 tantum
1221 3450 1513 3515 nolebam
1557 3455 1670 3513 aut
1707 3450 2070 3514 obsoletum
2107 3448 2312 3513 Bruto

214 3568 266 3609 ³5
295 3547 407 3607 aut
442 3542 648 3607 Balbo
686 3541 1056 3606 inchoatum
1093 3540 1245 3603 dari.
1310 3538 1609 3621 Varroni,
1639 3538 1832 3602 simul
1867 3558 1940 3601 ac
1975 3541 2040 3601 te
2077 3536 2315 3622 videro,
