2642 3923
306 217 381 272 Μ.
411 217 624 272 TULLI
662 216 1037 274 CICERONIS
1073 217 1296 274 EPIST.
1334 219 1434 272 AD
1471 218 1798 274 ATTICUM
1832 219 1912 274 IX
1948 226 1999 290 1,
2035 225 2085 276 2.
2159 220 2291 284 255

267 383 426 426 num
478 361 878 446 volebamus;
934 361 1099 446 inde,
1156 361 1281 427 iter
1342 384 1469 447 qua
1513 364 1788 428 maxime
1832 362 2292 448 ἀναπάντητον

271 454 465 534 esset,
529 450 609 513 ad
661 471 836 514 mare
892 471 1193 533 superum
1245 450 1513 515 remotis
1572 453 1704 516 sive
1760 452 2020 517 omnino
2075 453 2289 518 missis

268 538 624 603 lictoribus.
714 537 927 602 Audio
990 538 1160 602 enim
1216 539 1407 603 bonis
1460 540 1615 604 viris
1630 589 1648 621 ,
1714 540 1826 623 qui
1881 545 1944 604 et
1997 562 2166 605 nunc
2225 545 2289 606 et

272 647 459 710 saepe
496 632 684 691 antea
718 647 954 711 magno
992 627 1308 709 praesidio
1348 627 1440 691 rei
1477 628 1769 711 publicae
1805 628 2084 715 fuerunt,
2124 628 2288 693 hanc

218 740 244 783 ε
271 714 743 780 cunctationem
786 718 1076 780 nostram
1119 736 1251 780 non
1295 716 1557 798 probari
1601 716 1930 799 multaque
1973 718 2047 781 in
2084 739 2187 781 me
2225 722 2290 782 et

273 823 486 868 severe
530 802 602 868 in
644 802 956 868 conviviis
1001 804 1405 886 tempestivis
1451 804 1706 888 quidem
1752 805 2083 888 disputari.

360 889 672 956 Cedamus
718 890 922 975 igitur
965 895 1047 974 et,
1092 896 1166 955 ut
1211 891 1368 956 boni
1415 892 1583 957 cives
1617 893 1841 976 simne,
1886 893 2129 958 bellum
2163 893 2287 957 Ita-

269 979 394 1044 liae
439 984 611 1044 terra
652 979 943 1063 marique
987 979 1336 1044 inferamus
1383 984 1449 1045 et
1496 979 1643 1045 odia
1678 981 2118 1065 improborum
2152 1005 2289 1046 rur-

272 1089 382 1132 sus
435 1067 506 1132 in
560 1089 708 1151 nos,
769 1089 931 1151 quae
973 1068 1102 1131 iam
1148 1069 1468 1133 exstincta
1510 1073 1718 1155 erant,
1770 1069 2178 1135 incendamus
2223 1075 2290 1135 et

191 1182 244 1222 10
270 1155 502 1220 Luccei
539 1155 809 1221 consilia
845 1177 919 1220 ac
954 1154 1284 1239 Teophani
1317 1178 1791 1242 persequamur.
1864 1156 2033 1222 Nam
2071 1156 2286 1242 Scipio
2322 1175 2358 1223 4

271 1244 374 1308 vel
427 1244 498 1308 in
554 1242 808 1328 Syriam
861 1243 1290 1327 proficiscitur
1345 1249 1519 1309 sorte
1572 1245 1675 1309 vel
1718 1266 1864 1310 cum
1898 1267 2132 1330 genero
2176 1246 2288 1312 ho-

269 1337 451 1397 neste
514 1333 617 1397 vel
682 1331 1013 1397 Caesarem
1075 1332 1246 1418 fugit
1308 1331 1562 1397 iratum.
1661 1333 1949 1398 Marcelli
2014 1335 2288 1419 quidem,

270 1421 400 1485 nisi
456 1421 743 1506 gladium
800 1418 1092 1485 Caesaris
1147 1421 1541 1505 timuissent,
1599 1427 1944 1487 manerent.
2034 1422 2287 1506 Appius

272 1513 372 1574 est
416 1509 637 1573 eodem
680 1509 749 1572 in
793 1509 1025 1573 timore
1070 1513 1134 1573 et
1168 1509 1653 1574 inimicitiarum
1690 1512 2038 1576 recentium
2076 1512 2288 1576 etiam.

192 1621 245 1663 15
270 1595 532 1662 Praeter
611 1597 784 1661 hunc
865 1601 930 1662 et
1001 1595 1070 1662 G.
1138 1594 1433 1662 Cassium
1512 1598 1745 1680 reliqui
1820 1600 2047 1684 legati,
2128 1597 2288 1664 Fau-

274 1689 413 1749 stus
490 1706 608 1769 pro
673 1689 1035 1770 quaestore3
1110 1705 1229 1769 ego
1298 1707 1495 1771 unus,
1566 1687 1670 1750 cui
1738 1688 2057 1752 utrumvis
2120 1688 2286 1753 licet.

272 1772 497 1838 Frater
542 1774 807 1858 accedit,
850 1772 1057 1857 'quem
1101 1774 1346 1838 socium
1389 1773 1582 1838 huius
1629 1775 1926 1839 fortunae
1971 1797 2109 1841 esse
2153 1798 2288 1841 non

273 1866 409 1926 erat
463 1883 749 1946 aequum.
842 1859 963 1926 Oui
1016 1863 1223 1946 magis
1270 1862 1467 1926 etiam
1513 1860 1746 1927 Caesar
1789 1864 2099 1928 irascetur
2180 1864 2289 1928 sed

270 1951 614 2034 impetrare
646 1972 778 2016 non
814 1972 1097 2036 possum,
1141 1954 1216 2015 ut
1252 1954 1522 2016 maneat.
1595 1950 1909 2016 Dabimus
1945 1951 2070 2018 hoc
2104 1917 2287 2018 l30m-

193 2065 246 2104 20
274 2040 445 2124 peiO,
510 2039 683 2123 quod
744 2039 1060 2103 debemus».
1150 2039 1321 2105 Nam
1382 2061 1485 2103 me
1550 2040 1806 2123 quidem
1871 2041 2035 2105 alius
2098 2063 2287 2106 nemo

273 2132 505 2214 movet,
545 2148 679 2191 non
725 2148 933 2191 sermo
970 2127 1304 2208 bonorum,
1353 2129 1465 2212 qui
1498 2128 1663 2192 nulli
1701 2133 1870 2207 sunt,
1914 2150 2047 2194 non
2082 2151 2289 2214 causa,

274 2237 435 2299 quae
490 2219 633 2280 acta
676 2215 898 2279 timide
942 2220 1071 2301 est,
1136 2223 1363 2299 agetur
1398 2216 1706 2300 improbe.
1797 2214 1956 2302 Uni,
2010 2217 2124 2282 uni
2167 2218 2290 2282 hoc

273 2305 495 2369 damus
539 2325 621 2368 ne
667 2304 732 2367 id
777 2303 1034 2387 quidem
1077 2305 1337 2387 roganti
1371 2326 1488 2369 nec
1527 2326 1708 2368 suam
1747 2326 2021 2389 causam,
2067 2309 2142 2370 ut
2180 2306 2291 2389 ait,

273 2393 510 2477 agenti,
555 2393 665 2457 sed
710 2392 1049 2475 publicam.
1140 2392 1239 2456 Tu
1285 2393 1440 2475 quid
1486 2394 1730 2478 cogites
1776 2393 1853 2457 de
1899 2394 2291 2459 transeundo

192 2507 244 2548 25
270 2481 341 2544 in
384 2481 678 2565 Epirum,
723 2481 883 2544 scire
930 2502 1081 2544 sane
1126 2480 1334 2544 velim.

1241 2654 1320 2720 Π.

618 2775 732 2832 Sor.
761 2778 825 2832 in
862 2776 1165 2832 Formiano
1200 2777 1349 2831 Non.
1382 2777 1557 2832 Mart.
1587 2795 1638 2832 a.
1670 2781 1780 2833 705
1817 2780 1954 2846 (49).

877 2898 1166 2954 olomeo
1200 2899 1501 2978 ATTICO·
1531 2900 1693 2955 SAL.

405 3006 553 3071 Etsi
587 3005 795 3073 Nonis
832 3007 1085 3072 Martiis
1122 3007 1222 3071 die
1257 3012 1394 3092 tuo,
1438 3011 1513 3071 ut
1550 3008 1797 3095 opinor,
1842 3010 2291 3093 exspectabam

192 3122 245 3163 so
273 3095 615 3179 epistulam
652 3119 690 3161 a
724 3100 790 3161 te
824 3096 1202 3182 longiorem,
1228 3100 1446 3159 tamen
1482 3097 1562 3161 ad
1597 3118 1736 3161 eam
1774 3097 1981 3180 ipsam
2017 3097 2293 3185 brevem,

273 3206 467 3269 quam
510 3201 615 3247 1111
657 3182 879 3249 Nonas
923 3185 1053 3250 ὑπὸ
1099 3186 1222 3267 τὴν
1267 3190 1471 3268 λῆψιν
1515 3184 1764 3268 dedisti,
1817 3185 2291 3251 rescribendum

271 3273 512 3356 putavi.
585 3270 876 3337 Gaudere
922 3272 1015 3337 ais
1061 3276 1127 3337 te
1170 3276 1485 3337 mansisse
1528 3295 1631 3337 me
1676 3277 1741 3337 et
1778 3273 2007 3339 scribis
2045 3273 2114 3337 in
2152 3278 2289 3338 sen'-

270 3360 476 3425 tentia
546 3363 613 3424 te
669 3383 941 3426 manere.
1041 3359 1206 3425 Mihi
1269 3363 1484 3424 autem
1548 3361 1986 3444 superioribus
2047 3361 2288 3428 litteris

270 3449 565 3513 videbare
609 3470 742 3514 non
785 3449 1097 3532 dubitare,
1145 3449 1302 3531 quin
1347 3449 1627 3513 cederem
1671 3449 1781 3534 ita,
1829 3450 1884 3513 si
1930 3453 1996 3513 et
2034 3447 2289 3514 Gnaeus

190 3563 241 3604 ³5
270 3537 430 3603 bene
489 3537 832 3602 comitatus
878 3537 1374 3620 conscendisset,
1434 3541 1499 3601 et
1545 3538 1839 3602 consules
1884 3537 2286 3601 transissent.
