2642 3923
308 191 438 256 286
952 192 1025 246 M.
1064 191 1278 245 TULLI
1314 190 1691 246 CICERONIS

308 356 433 420 que
487 356 842 399 sermonem
896 334 1195 400 omnibus
1240 335 1457 399 verbis
1504 356 1875 418 expressum
1920 333 2145 399 statim
2187 335 2337 399 mit-

237 441 273 489 4
309 429 459 489 tam.
549 423 651 488 Tu
704 444 877 487 nunc
931 424 1107 487 omni
1154 446 1367 487 amore
1414 424 1680 506 enitere,
1735 427 1809 486 ut
1853 445 1975 487 nos
2020 445 2173 487 cura
2216 427 2334 487 tua

310 516 375 577 et
419 512 759 596 prudentia
802 512 999 576 iuves.
1091 511 1193 575 Ita
1239 511 1459 576 subito
1506 512 1797 596 accurrit,
1856 516 1931 575 ut
1975 532 2057 575 ne
2102 511 2172 575 Τ.
2208 510 2332 574 Re-

308 600 516 665 bilum
562 600 837 684 quidem,
881 603 956 664 ut
993 600 1476 684 constitueram,
1520 601 1768 683 possim
1815 600 2059 685 videre;
2121 601 2337 664 omnia

308 688 499 754 nobis
553 689 888 772 imparatis
947 689 1207 773 agenda.
1284 687 1408 752 Sed
1454 692 1670 752 tamen
1706 688 1898 753 ‘imon
1933 684 2058 773 μὲν
2094 687 2336 774 αὐτός’,
2392 713 2424 755 ε

309 780 387 841 ut
440 777 533 841 ait
584 777 721 861 ille,
777 777 967 841 (ἄλλα
1022 773 1096 842 δὲ
1148 775 1258 842 καὶ
1304 778 1563 860 δαίμων
1606 777 2060 860 ὑποθήσεται’.
2152 775 2336 852 Quic—

315 864 470 949 quid
515 886 725 951 egero,
769 866 1075 929 continuo
1125 865 1303 930 scies,
1388 865 1693 929 Mandata
1739 862 2028 928 Caesaris
2076 863 2156 928 ad
2191 885 2337 928 con-

313 953 485 1018 sules
541 958 606 1018 et
640 953 741 1018 'ad
784 952 1187 1038 Pompeium,
1234 975 1398 1038 quae
1451 974 1671 1038 rogas,
1725 953 1905 1016 nulla
1950 952 2158 1017 habeo
2204 954 2250 1036 †
2269 957 2336 1017 et

314 1042 631 1126 descripta
685 1043 907 1106 attulit
951 1042 1066 1106 illa
1110 1064 1170 1124 e,
1228 1064 1303 1106 ea
1347 1042 1496 1105 misi
1544 1043 1623 1105 ad
1667 1046 1732 1105 te
1780 1046 1955 1125 ante3
2018 1062 2053 1104 e
2100 1041 2334 1125 quibus

313 1131 614 1194 mandata
666 1135 825 1214 puto
881 1130 1172 1216 intellegi
1217 1152 1421 1213 posse.
1512 1128 1854 1213 Philippus
1897 1127 2175 1213 Neapoli
2220 1134 2338 1214 est,
2366 1158 2422 1197 ιο

314 1217 627 1282 Lentulus
664 1216 969 1283 Puteolis.
1032 1216 1130 1283 De
1158 1216 1469 1304 Domitio,
1515 1222 1590 1283 ut
1627 1220 1805 1305 facis,
1851 1215 2196 1304 sciscitare,
2221 1217 2338 1282 ubi

316 1307 424 1390 sit,
471 1307 628 1391 quid
674 1307 931 1391 cogitet.

244 1413 277 1461 5
449 1393 633 1472 Quod
705 1395 933 1460 scribis
1007 1395 1294 1479 asperius
1360 1417 1490 1482 me,
1561 1417 1753 1479 quam
1817 1395 1944 1458 mei
2008 1395 2339 1478 patiantur

315 1505 557 1569 mores,
618 1483 697 1547 de
750 1481 1064 1566 Dionysio
1113 1484 1474 1567 scripsisse,
1531 1484 1702 1569 vide,
1759 1505 1950 1568 quam
2008 1483 2130 1547 sim
2177 1484 2338 1547 anti-

316 1592 592 1655 quorum
649 1571 1001 1638 hominum.
1062 1571 1180 1637 Te
1239 1573 1489 1637 medius
1547 1571 1736 1636 fidius
1792 1572 1958 1636 hanc
2015 1593 2153 1636 rem
2198 1593 2339 1657 gra·
2367 1599 2419 1639 15

313 1660 458 1724 vius
516 1661 741 1744 putavi
800 1661 1086 1725 laturum
1148 1683 1286 1724 esse
1343 1683 1534 1744 quam
1590 1681 1709 1725 me.
1800 1658 1999 1744 Nam,
2059 1665 2338 1744 praeter-

316 1770 509 1831 quam
564 1749 737 1833 quod
790 1753 855 1813 te
900 1749 1144 1813 moveri
1190 1750 1471 1813 arbitror
1517 1754 1812 1832 oportere
1856 1748 2121 1833 iniuria,
2176 1771 2339 1833 quae

315 1836 478 1901 mihi
523 1859 562 1901 a
607 1859 932 1922 quoquam
975 1838 1145 1902 facta
1181 1839 1284 1923 sit,
1331 1841 1658 1921 praeterea
1706 1841 1771 1901 te
1808 1836 2022 1919 ipsum
2061 1838 2338 1920 quodam

315 1926 506 1991 modo
570 1926 676 1992 hic
736 1925 1031 2012 violavit,
1095 1948 1240 1992 cum
1303 1926 1376 1990 in
1435 1948 1537 1990 me
1600 1930 1735 1991 tam
1798 1925 2131 2010 improbus
2194 1925 2337 1990 fuit.

266 2037 273 2046 ’
318 2013 469 2101 Sed,
532 2019 606 2080 tu
662 2016 730 2079 id
789 2016 1015 2099 quanti
1062 2017 1388 2099 aestimeS,
1452 2020 1637 2079 tuum
1685 2015 1989 2078 iudicium
2035 2019 2158 2100 est;
2220 2037 2337 2078 nec
2368 2043 2419 2081 20

317 2108 533 2169 tamen
606 2105 676 2167 in
735 2103 860 2168 hoc
923 2104 1047 2168 tibi
1113 2106 1457 2188 quicquam
1525 2104 1736 2167 oneris
1801 2104 2082 2186 impono.
2192 2102 2338 2187 Ego

317 2196 533 2256 autem
588 2192 775 2256 illum
829 2192 993 2256 male
1040 2214 1267 2257 sanum
1313 2214 1564 2276 semper
1611 2192 1861 2276 putavi,
1924 2213 2094 2255 nunc
2142 2192 2339 2254 etiam

315 2281 640 2364 impurum
696 2286 762 2345 et
817 2281 1193 2345 sceleratum
1247 2284 1408 2364 puto
1463 2302 1581 2345 nec
1634 2286 1852 2344 tamen
1909 2280 2069 2343 mihi
2130 2281 2338 2343 inimi-

317 2370 554 2433 ciorem
608 2391 800 2452 quam
847 2369 989 2433 sibi.
1080 2367 1463 2453 Philargyro
1512 2369 1672 2432 bene
1718 2369 1970 2433 curasti.
2063 2365 2340 2433 Causam

316 2462 485 2522 certe
538 2457 825 2521 habuisti
882 2462 947 2522 et
1000 2479 1215 2521 veram
1273 2461 1340 2522 et
1384 2457 1647 2542 bonam,
1711 2458 2007 2522 relictum
2051 2478 2189 2520 esse
2235 2480 2339 2521 me
2368 2484 2419 2524 25

315 2547 534 2630 potius
581 2568 774 2629 quam
818 2546 1170 2629 reliquisse.

246 2653 278 2700 6
450 2632 614 2698 Cum
670 2634 984 2698 dedissem
1040 2638 1169 2698 iam
1225 2634 1477 2698 litteras
1533 2657 1588 2699 a.
1634 2633 1689 2697 d.
1737 2652 1863 2697 VIII
1916 2631 2081 2718 Kal,
2137 2634 2340 2716 pueri,

317 2745 479 2807 quos
527 2744 671 2786 cum
719 2722 922 2787 Matio
971 2727 1035 2787 et
1080 2723 1385 2786 Trebatio
1432 2724 1749 2807 miseram,
1797 2722 2139 2805 epistulam
2177 2721 2340 2785 mihi

317 2811 676 2875 attulerunt
721 2811 845 2875 hoc
891 2811 1211 2894 exemplo:

389 2948 727 3003 ‘MATIUS
772 2947 876 3003 ET
922 2948 1404 3004 TREBATIUS
1450 2948 1852 3021 CICERONI
1895 2948 2058 3003 IMP.
2089 2948 2254 3003 SAL.
2367 2961 2419 2999 ³0

449 3074 651 3141 Cum·
695 3072 950 3160 Capua
1019 3076 1469 3160 exissemuS,
1542 3075 1620 3139 in
1683 3076 1968 3139 itinere
2033 3074 2338 3138 audivi-

312 3186 475 3229 mus
537 3163 978 3247 Pompeium
1039 3163 1461 3229 Brundisio
1510 3187 1563 3228 a.
1614 3164 1670 3227 d.
1717 3181 1840 3227 XVI
1894 3162 1972 3227 K.
2019 3162 2336 3246 Apriles

314 3274 475 3317 cum
540 3253 890 3317 omnibus
950 3252 1222 3336 copiiS,
1287 3274 1475 3337 quas
1534 3252 1839 3338 habuit,
1901 3252 2335 3335 profectum

315 3361 507 3424 esse3
563 3337 960 3404 Gaesarem
1015 3345 1327 3423 postero
1385 3341 1503 3404 die
1548 3341 1629 3404 in
1669 3340 2037 3424 oppidum
2082 3340 2336 3404 intro-

314 3428 497 3510 isse,
561 3428 1095 3492 contionatum
1161 3450 1351 3514 esse,
1413 3430 1587 3493 inde
1648 3419 1959 3493 Romam
2024 3431 2415 3496 conten-³⁶

317 3513 543 3596 disse,
599 3515 794 3578 velle
842 3519 1016 3579 ante
1061 3515 1139 3579 Κ.
1187 3538 1353 3581 esse
1400 3517 1488 3581 ad
1533 3518 1796 3581 urbem
1843 3522 1920 3581 et
1966 3516 2335 3600 pauculos
