2642 3923
617 215 1129 271 EPISTULARUM
1165 217 1266 271 AD
1306 216 1634 273 ATTIOUM
1670 218 1721 272 X
1759 222 1984 275 13—15.
2143 218 2270 280 317

246 360 555 424 'diuturna
609 361 868 425 miseria
920 382 1056 425 non
1108 361 1450 426 exaruisse.
1543 361 1707 426 Mihi
1763 362 2020 446 quidem
2075 361 2273 426 etiam

250 449 573 532 lippitudo
633 449 815 533 haec,
871 455 1136 533 propter
1192 472 1386 532 quam
1444 472 1578 514 non
1624 451 1760 533 ipse
1807 451 1885 514 ad
1930 455 1995 513 te
2044 450 2274 534 scribo,

253 538 390 601 sine
445 537 581 600 ulla
633 538 896 602 lacrima
952 542 1075 621 est,
1134 538 1243 601 sed
1299 539 1554 621 saepius
1604 538 1966 603 odiosa-est
2010 543 2274 622 propter

253 625 528 709 vigilias.
618 625 823 701 Quam
870 626 952 690 ob
999 648 1165 708 rem,
1226 628 1533 710 quicquid
1576 626 1775 690 habes
1823 627 1900 691 ad
1946 627 2272 691 consolan-

200 739 224 778 5
254 714 431 797 dum,
491 713 723 799 collige
778 717 842 779 et
896 714 1009 778 illa
1057 715 1261 779 scribe
1307 737 1441 778 non
1487 737 1564 778 ex
1612 715 1900 780 doctrina
1943 737 2150 798 neque
2195 736 2273 778 ex

253 802 438 865 libris
484 798 774 887 (nam-id
820 803 1079 886 quidem
1125 804 1298 867 domi
1346 807 1464 888 est,
1510 803 1620 868 sed
1664 803 1878 867 nescio
1919 825 2044 886 quo
2083 803 2272 867 modo

254 889 635 955 imbecillior
690 894 787 954 est
841 891 1153 955 medicina
1213 907 1433 974 quam·
1461 890 1786 978 morbus),
1839 892 1997 955 haec
2055 892 2272 975 potius

255 979 558 1062 conquire
605 980 680 1043 de
725 978 1079 1065 Hispaniis,
1125 979 1202 1043 de
1249 979 1565 1064 Massilia3
1612 1001 1775 1064 quae
1822 980 2078 1064 quidem
2115 980 2274 1044 satis

256 1067 425 1130 bella
471 1064 730 1131 Servius
788 1068 1018 1152 adfert3
1080 1067 1190 1151 qui
1252 1069 1448 1132 etiam
1494 1069 1568 1132 de
1615 1068 1861 1132 duabus
1908 1068 2274 1153 legionibus

176 1181 228 1218 ιο
255 1155 614 1220 luculentos
661 1160 954 1219 auctores
994 1177 1132 1220 esse
1169 1156 1437 1220 dicebat.
1511 1155 1689 1221 Haec
1728 1157 1946 1241 igitur,
1994 1157 2051 1221 si
2084 1156 2276 1221 habe-

256 1243 377 1328 bis,
426 1247 492 1307 et
534 1244 707 1308 talia.
799 1244 890 1308 Et
937 1245 1194 1329 quidem
1237 1245 1459 1328 paucis
1509 1244 1733 1309 diebus
1779 1244 2023 1328 aliquid
2068 1244 2274 1309 audiri

254 1353 508 1396 necesse
552 1335 670 1396 est.

391 1418 515 1484 Sed
560 1420 748 1485 redeo
795 1420 874 1484 ad
919 1419 1228 1486 Servium.
1302 1420 1692 1486 Distulimus
1741 1423 2003 1489 omnino
2043 1443 2274 1485 sermo·

254 1530 403 1573 nem
447 1508 517 1572 in
562 1515 912 1592 posterum,
972 1509 1083 1573 sed
1127 1509 1353 1573 tardus
1401 1510 1480 1574 ad
1527 1510 1886 1574 exeundum
1934 1510 2160 1574 ‘multo
2209 1532 2274 1573 se

177 1622 229 1661 15
257 1598 327 1660 in
380 1619 497 1661 suo
551 1597 788 1662 lectulo
844 1597 1063 1683 malle,
1118 1597 1422 1682 quicquid
1479 1598 1688 1662 foret’.
1781 1596 2055 1663 Odiosus
2106 1620 2275 1661 scru-

257 1685 448 1769 pulus
505 1684 581 1748 de
642 1685 762 1749 filii
804 1685 1040 1749 militia
1086 1684 1488 1750 Brundisina.
1581 1684 1799 1751 Unum
1842 1686 2003 1750 illud
2047 1686 2276 1750 firmis-

260 1774 418 1837 sime
457 1772 887 1859 adseverabat,
925 1775 981 1838 si
1017 1774 1299 1837 damnati
1338 1775 1847 1860 restituerentur,
1873 1775 1943 1838 in
1980 1775 2275 1838 exsilium

260 1883 328 1926 se
391 1862 651 1926 iturum.
742 1860 881 1926 Nos
948 1866 1163 1927 autem
1219 1863 1299 1926 ad
1356 1862 1513 1926 haec
1568 1862 1656 1926 ‘et
1710 1864 1781 1927 id
1830 1863 2045 1946 ipsum
2100 1866 2275 1927 certo

259 1950 397 2014 fore
444 1955 533 2033 et,
589 1973 750 2034 quae
795 1951 926 2015 iam
969 1951 1215 2035 fierent,
1258 1973 1392 2015 non
1437 1974 1574 2016 esse
1618 1951 1901 2035 leviora’,
1946 1950 2274 2035 multaque

178 2064 232 2103 20
260 2038 735 2123 colligebamus
825 2039 1069 2103 Verum
1116 2062 1189 2104 ea
1241 2062 1372 2103 non
1420 2042 1704 2104 animum
1751 2040 1888 2105 eius
1936 2040 2275 2124 augebant,

260 2127 370 2192 sed
424 2128 746 2211 timorem,
801 2134 876 2192 ut
928 2128 1057 2191 iam
1111 2129 1411 2192 celandus
1471 2129 1677 2213 magis
1738 2128 1815 2192 de
1859 2134 2084 2192 nostro
2132 2151 2276 2192 con-

260 2215 405 2279 silio
463 2238 649 2300 quam
711 2216 1103 2281 adhibendus
1162 2217 1494 2280 videretur.
1589 2216 1795 2292 Quare
1850 2217 1918 2280 in
1976 2217 2099 2281 hoc
2142 2238 2276 2280 non

256 2304 536 2368 multum
601 2308 717 2370 est.
816 2302 954 2368 Nos
1022 2327 1058 2369 a
1120 2309 1186 2368 te
1251 2306 1563 2369 admoniti
1627 2306 1703 2369 de
1757 2303 1975 2370 Caelio
2039 2306 2277 2391 cogita-

257 2392 487 2457 bimus

177 2594 231 2633 2⁵
1250 2568 1391 2635 XV.

618 2689 732 2745 Ser.
759 2691 822 2744 in
863 2690 1108 2746 Cumano
1143 2691 1243 2745 IV
1270 2692 1358 2745 Id.
1388 2692 1532 2746 Mai.
1557 2710 1609 2746 a.
1636 2696 1745 2747 705
1784 2696 1921 2762 (49).

866 2813 1155 2869 CICERO
1191 2814 1484 2870 ATTICO
1519 2814 1683 2871 SAL.

394 2919 652 2985 Servius
691 2943 837 2985 cum
882 2928 1051 2986 esset
1097 2922 1265 3005 apud
1311 2944 1429 3007 me,
1476 2920 1783 3006 Cephalio
1823 2946 1967 2988 cum
2006 2924 2137 2989 tuis
2174 2925 2278 2988 lit·
2344 2990 2349 2994 ,

260 3009 418 3075 teris
462 3026 535 3072 VI
581 3008 732 3073 Idus
780 3011 979 3094 venit3
1041 3032 1202 3094 quae
1247 3011 1437 3074 nobis
1482 3032 1782 3096 magnam
1828 3034 2006 3095 spem
2051 3013 2278 3077 attule-

177 3124 232 3162 ω
260 3100 415 3161 111111
460 3097 799 3162 meliorum
845 3120 1060 3162 rerum
1107 3099 1182 3162 de
1221 3102 1366 3164 octo
1405 3099 1794 3165 cohortibus
1868 3100 2128 3165 Etenim
2167 3123 2277 3165 eae

261 3207 537 3269 quoque,
582 3207 744 3271 quae
787 3185 857 3249 in
900 3185 1003 3250 his
1049 3186 1209 3251 locis
1258 3191 1427 3269 sunt,
1471 3187 1690 3252 labare
1736 3189 2050 3253 dicuntur.
2153 3188 2279 3253 Eo-

259 3273 403 3337 dem
461 3274 562 3337 die
607 3272 1037 3338 Funisulanus
1100 3297 1137 3339 a
1196 3281 1261 3339 te
1319 3277 1543 3340 attulit
1588 3276 1840 3341 litteras
1854 3331 1872 3363 ,
1928 3278 1995 3340 in
2043 3277 2278 3360 quibus

260 3366 398 3426 erat
456 3362 896 3426 confirmatius
960 3363 1127 3427 idem
1181 3364 1360 3427 illud.
1450 3364 1532 3428 Ei
1592 3365 1669 3428 de
1715 3387 1833 3430 suo
1876 3366 2140 3448 negotio
2187 3386 2279 3428 re·

261 3450 488 3534 spondi
550 3451 869 3515 cumulate
928 3473 1073 3515 cum
1134 3453 1309 3515 omni
1368 3455 1482 3516 tua
1546 3453 1770 3537 gratia.
1863 3451 2091 3516 Adhuc
2145 3474 2278 3516 non

175 3566 230 3605 σε»
260 3540 418 3602 satis
466 3539 765 3625 faciebat3
831 3539 1019 3604 debet
1065 3544 1280 3604 autem
1326 3541 1488 3604 mihi
1533 3541 1774 3605 multos
1820 3561 2115 3604 nummos
2162 3562 2276 3603 nec·
