2642 3923
347 227 479 292 550
987 228 1059 281 Μ.
1100 227 1313 282 TULLI
1353 225 1729 281 CICERONIS

479 369 570 434 Te
613 371 741 435 nisi
785 373 1042 434 tantum
1091 392 1388 452 amarem,
1434 374 1747 453 quantum
1783 365 2077 432 Ciceroni
2114 387 2377 467 persua-

348 481 492 522 sum
537 463 634 523 est
681 458 865 543 diligi
910 458 989 522 ab
1029 456 1315 543 Octavio,
1360 458 1517 521 haec
1568 457 1647 520 ad
1682 460 1749 520 te
1783 478 1916 520 non
1952 455 2375 538 scripsissem.

347 544 541 611 Dolet
595 546 784 632 mihi,
844 547 1016 647 quod
1071 550 1144 610 tu
1197 568 1369 610 nunc
1415 545 1838 609 stomacharis
1886 544 2375 608 amantissimus

347 656 492 699 cum
535 638 796 700 tuorum
843 635 1128 699 omnium
1172 638 1313 699 tum
1352 633 1704 717 Ciceronis3
1753 633 1863 696 sed
1899 631 2209 715 persuade
2246 631 2376 695 tibi

348 723 424 788 de
470 723 803 787 voluntate
849 723 1112 808 propria
1156 745 1296 787 mea
1343 723 1506 786 nihil
1554 743 1693 786 esse
1739 721 2099 805 remissum,
2157 720 2236 783 de
2279 720 2376 784 iu·
2437 747 2463 785 5

350 811 512 876 dicio
575 812 860 896 largiter.
962 809 1188 895 Neque
1254 812 1426 875 enim
1487 810 1822 895 impetrari
1884 812 2129 893 potest,
2197 808 2377 891 quin,

349 900 535 983 quale
591 900 871 984 quidque
913 900 1207 964 videatur
1253 900 1340 981 ei,
1393 899 1590 963 talem
1636 898 1911 982 quisque
1955 898 2032 962 de
2075 897 2190 960 illo
2239 897 2375 979 opi-

348 988 607 1052 nionem
650 988 900 1052 habeat.

481 1076 729 1141 Vellem
791 1076 951 1140 mihi
1015 1076 1407 1159 scripsisses,
1473 1096 1635 1158 quae
1690 1074 2094 1138 condiciones
2156 1076 2378 1137 essent

350 1162 604 1230 Atticae
647 1169 932 1249 nostrae3
997 1164 1357 1249 potuissem
1404 1162 1648 1246 aliquid
1692 1162 1819 1226 tibi
1864 1162 1942 1225 de
1987 1182 2129 1225 meo
2179 1182 2378 1223 sensu
2407 1188 2461 1225 Io

350 1253 756 1336 perscribere.
823 1252 1275 1317 Valetudinem
1320 1251 1584 1316 Porciae
1629 1272 1809 1315 meae
1844 1249 1969 1313 tibi
2008 1270 2196 1313 curae
2234 1270 2377 1312 esse

349 1363 478 1404 non
515 1341 730 1405 miror.
804 1339 1115 1425 Denique,
1161 1340 1337 1424 quod
1375 1340 1560 1423 petiS,
1604 1340 1836 1403 faciam
1871 1337 2175 1420 libenter3
2221 1358 2378 1400 nam

350 1429 542 1492 etiam
590 1449 841 1492 sorores
887 1451 988 1493 me
1034 1432 1284 1513 rogant.
1370 1428 1460 1492 Et
1504 1427 1834 1491 hominem
1878 1448 2060 1511 nor0,
2108 1429 2171 1489 et
2220 1425 2374 1508 quid

351 1517 479 1580 sibi
526 1517 819 1581 voluerit.

1234 1726 1474 1791 XVIII.
2409 1751 2456 1791 1⁵

742 1867 938 1935 Script.
970 1867 1176 1921 Romae
1222 1866 1312 1919 VI
1342 1866 1416 1921 K.
1447 1866 1591 1921 Sext.
1621 1884 1673 1921 a.
1706 1869 1810 1920 711
1852 1868 1989 1933 (43).

996 2006 1251 2061 CICERO
1291 2006 1535 2061 BRUTO
1575 2006 1724 2060 SAL.

486 2132 649 2198 Cum
713 2154 900 2217 saepe
963 2137 1029 2196 te
1092 2132 1330 2196 litteris
1393 2131 1694 2196 hortatus
1762 2153 1991 2217 essem,
2049 2137 2126 2196 ut
2182 2155 2376 2217 quam

353 2223 633 2307 primum
695 2222 790 2285 rei
844 2221 1138 2305 publicae
1202 2221 1573 2285 subvenires
1628 2220 1698 2283 in
1755 2219 2140 2304 Italiamque
2197 2244 2377 2286 exer-

353 2311 552 2375 citum
616 2310 981 2395 adduceres,
1051 2330 1260 2392 neque
1325 2309 1389 2372 id
1454 2309 1801 2373 arbitrarer
1864 2308 2161 2373 dubitare
2226 2314 2377 2374 tuos
2407 2337 2457 2374 ιο

351 2399 742 2463 necessarios
751 2450 769 2483 ,
824 2401 1092 2483 rogatus
1149 2419 1291 2461 sum
1350 2420 1387 2461 a
1440 2397 1940 2481 prudentissima
1995 2401 2060 2461 et
2108 2397 2374 2480 diligen·

354 2487 606 2551 tissima
658 2486 920 2569 femina,
975 2489 1181 2549 matre
1233 2489 1375 2570 tua,
1430 2486 1610 2549 cuius
1668 2506 1889 2549 omnes
1949 2507 2137 2549 curae
2181 2485 2260 2548 ad
2304 2488 2375 2548 te

353 2576 718 2640 referuntur
781 2578 846 2638 et
905 2575 975 2637 in
1033 2579 1097 2639 te
1153 2577 1647 2658 consumuntur,
1701 2577 1775 2636 ut
1829 2573 2110 2637 venirem
2166 2573 2242 2637 ad
2302 2595 2373 2636 se

355 2688 406 2727 a.
446 2663 502 2727 d.
540 2681 666 2726 VIII
702 2661 841 2726 Kal.
883 2662 1173 2727 Sextiles
1249 2661 1431 2737 Quod
1471 2683 1607 2746 ego,
1652 2665 1727 2725 ut
1764 2661 1974 2747 debui,
2021 2663 2158 2726 sine
2194 2684 2378 2726 mora
2447 2731 2451 2734 Α

355 2752 490 2817 feci.
574 2749 737 2815 Cum
785 2756 996 2815 autem
1042 2751 1375 2834 venissem,
1424 2749 1623 2814 Casca
1669 2749 1887 2813 aderat
1935 2753 1999 2813 et
2046 2749 2261 2815 Labeo
2311 2755 2378 2815 et
2407 2777 2460 2815 25

357 2839 670 2923 Scaptius
761 2838 853 2903 At
897 2839 1011 2903 illa
1054 2838 1308 2903 rettulit
1355 2839 1817 2923 quaesivitque,
1864 2837 2170 2921 quidnam
2215 2838 2379 2902 mihi

356 2928 702 3012 videretur,
759 2948 1301 2991 arcesseremusne
1355 2929 1421 2990 te
1479 2931 1671 3010 atque
1725 2926 1791 2989 id
1846 2926 1971 2990 tibi
2027 2927 2381 2990 conducere

355 3019 728 3102 putaremus
785 3037 868 3078 an
923 3015 1178 3080 tardare
1233 3019 1299 3079 et
1355 3015 1737 3079 commorari
1790 3017 1859 3078 te
1912 3015 2141 3079 melius
2191 3020 2378 3080 esset.

356 3103 701 3189 Respondi,
748 3104 814 3167 id
861 3104 1032 3187 quod
1079 3103 1450 3188 sentiebam,
1496 3108 1561 3167 et
1607 3102 1911 3186 dignitati
1949 3109 2016 3166 et
2054 3103 2382 3167 existima-

354 3193 519 3257 tioni
582 3196 732 3255 tuae
785 3192 1060 3256 maxime
1114 3192 1465 3256 conducere
1516 3195 1583 3255 te
1637 3192 1846 3276 primo
1904 3213 2157 3275 quoque
2218 3197 2383 3256 tem-
2412 3219 2468 3259 so

352 3303 507 3365 pore
562 3281 726 3343 ferre
781 3280 1170 3362 praesidium
1226 3280 1470 3344 labenti
1526 3284 1590 3343 et
1648 3280 1991 3344 inclinatae
2037 3302 2238 3364 paene
2286 3282 2383 3344 rei

352 3368 661 3468 publicae.
754 3367 918 3442 Quid
973 3368 1143 3431 enim
1199 3368 1422 3432 abesse
1477 3390 1693 3432 censes
1750 3368 1906 3431 mali
1949 3369 2019 3432 in
2063 3390 2137 3432 eo
2185 3369 2383 3450 bello,

353 3455 422 3517 in
478 3476 603 3537 quo
658 3454 933 3519 victores
988 3456 1304 3519 exercitus
1365 3456 1720 3540 fugientem
1777 3455 2030 3520 hostem
2078 3459 2385 3540 persequi

352 3542 704 3626 noluerint,
770 3546 835 3606 et
897 3544 966 3606 in
1032 3565 1159 3626 quo
1219 3544 1561 3608 incolumis
1616 3545 1965 3628 imperator
2017 3544 2382 3609 honoribus
