2642 3923
1079 182 1139 238 P.
1170 188 1510 277 als—321..
2119 181 2291 238 XCIII

170 316 193 330 ”
267 322 478 376 habent
511 322 730 392 L(mgo)
769 320 851 378 ΟΖ
889 323 1198 393 (Lehmann
1236 325 1353 380 Att.
1373 343 1428 395 p.
1450 330 1518 379 99
1538 339 1642 392 ex„
1681 328 1822 394 123).
1886 323 2030 378 Mihi
2056 324 2290 394 paulum

265 392 490 447 differre
559 394 784 448 videtur
856 395 1131 449 comicum
1202 395 1348 449 illud
1409 403 1460 452 te
1519 396 1642 450 volo
1702 398 1762 465 ct
1833 395 2133 450 Varronem
2194 394 2288 450 hic

264 482 316 534 p.
339 470 469 520 412.
500 469 585 520 24.
615 495 685 506 -
711 465 791 521 Ib.
813 482 894 534 sq.
925 467 1056 520 haee
1081 496 1151 507 —-
1177 472 1358 521 noster
1384 466 1445 520 in
1471 465 1732 536 parent-,112
1752 465 2033 533 Wesenb„
2071 466 2289 535 Tyn-cll

264 551 374 590 non
412 535 573 603 benc,
610 536 793 591 credo.
848 536 940 590 Ad
973 554 1029 607 p.
1062 542 1144 592 16.
1178 542 1261 592 14.
1327 568 1396 578 —-
1470 543 1501 591 6
1538 538 1657 591 abii
1693 536 1756 592 O.
1776 536 1839 592 Ε.
1862 537 2117 591 Schmidt
2157 537 2290 591 ‘Der

263 605 727 661 Briefwechsol’·‘
773 613 936 675 .181,
981 609 1086 662 tibi
1121 608 1310 674 codd.,
1357 608 1483 663 edd.
1549 638 1621 649 -
1681 607 1760 663 Ib.
1791 627 1828 663 a
1870 610 2008 663 villa
2052 607 2289 675 Manut.,

264 677 475 746 Baiter,
521 676 729 732 Wesen
773 716 808 745 .,
839 677 1075 748 Tyn-011,
1109 680 1147 750 †
1166 679 1243 734 ad
1275 680 1467 734 villam
1501 678 1662 747 Boot,
1699 678 1799 747 qui
1836 680 2039 749 ‘paone
2077 682 2290 734 certum

264 747 441 802 habet
473 748 534 801 in
572 748 875 819 archetypo
912 748 1089 803 fuisse
1126 750 1244 805 abis·
1278 750 1458 806 elam’.
1506 781 1575 791 —
1631 755 1663 804 8
1705 751 1954 821 Coyitavi
1988 767 2015 804 e
2070 752 2290 805 uidem

264 821 366 874 illa
402 819 545 875 coni.
564 819 726 887 Boot,
764 837 866 875 scr.
896 820 1130 889 Tmen.
1158 851 1230 862 —
1257 828 1289 876 9
1310 837 1392 889 sq.
1422 822 1757 891 simulatque
1775 824 1838 875 in
1866 819 1928 877 Ο.
1949 820 2012 876 Ε.
2073 821 2291 875 chmidt

268 888 402 943 ‘Der
427 889 843 944 Briefwechsel'
874 909 929 962 p.
953 897 1052 945 181
1085 891 1305 948 defend.
1328 910 1376 947 v.
1401 897 1467 945 10
1505 898 1556 947 et
1588 893 1754 947 simul
1787 892 1911 960 fieri
1938 899 2172 961 poterat,
2207 899 2287 959 ut,

264 961 421 1029 quod
462 961 893 1031 interpretatur:
954 962 1094 1016 ‘und
1139 961 1504 1032 gleichzeitig
1547 966 1698 1017 ware
1735 963 1880 1016 auch
1914 963 2157 1018 beinahe
2195 963 2288 1017 die

266 1030 635 1102 Versuchung
681 1035 776 1102 (sc.
809 1033 913 1086 auf
943 1032 1130 1088 solche
1166 1033 1342 1087 Plane
1379 1034 1542 1087 einzu
1583 1034 1746 1103 shen)
1792 1049 1867 1087 an
1902 1034 2053 1088 mich
2089 1035 2288 1088 heran·

265 1104 565 1227 {enetenss
604 1102 846 1159 alterum
880 1105 1045 1159 simul
1080 1103 1212 1160 secl.
1238 1104 1451 1172 Baiter,
1489 1105 1559 1159 dc
1587 1104 1899 1169 ‚Wesenb.,
1935 1120 2098 1159 cruce
2125 1108 2290 1159 notat

309 1177 432 1242 oot,
488 1173 708 1244 Tyrrell
761 1177 954 1229 autom
1004 1176 1240 1246 cogitavi
1291 1206 1362 1217 —
1416 1177 1593 1230 eodem
1637 1176 1727 1230 die
1770 1176 1831 1229 in
1867 1177 2124 1246 parenth.
2199 1176 2286 1229 Ad

264 1264 317 1315 p.
349 1251 433 1300 16.
466 1250 551 1301 14.
606 1276 678 1287 -·
734 1251 800 1300 12
846 1263 978 1301 cwm
1024 1246 1184 1302 codd.
1213 1248 1281 1300 ut
1314 1264 1371 1317 p.
1404 1253 1522 1300 124.
1556 1253 1641 1315 13,
1678 1252 1798 1302 490.
1832 1253 1891 1315 9,
1946 1246 2180 1316 Tyrrell.
2218 1278 2287 1289 -

268 1322 335 1370 14
370 1317 495 1370 Iam
533 1314 796 1372 Wesenb.
810 1360 824 1385 ,
869 1316 1029 1385 Boot,
1074 1324 1189 1373 tam
1223 1317 1327 1385 M1,
1364 1325 1480 1372 tum
1516 1317 1575 1370 M
1582 1317 1618 1384 ²,
1655 1323 1838 1372 tamen
1871 1317 2040 1389 vulg„
2078 1318 2287 1385 Baiter,

265 1387 498 1456 Tyrrcll.
518 1418 590 1429 —
611 1393 677 1442 19
704 1389 852 1459 seda
878 1418 950 1429 —
978 1395 1155 1458 teque
1183 1387 1285 1458 (sic
1304 1389 1413 1459 M1)
1440 1389 1529 1444 Fr.
1551 1388 1807 1443 Schmidt
1829 1405 2016 1460 progr.
2035 1388 2286 1444 Norimb.

269 1464 404 1512 1879
441 1477 497 1529 p.
522 1463 587 1512 31
602 1474 704 1526 sq„
741 1464 796 1513 et
816 1461 1016 1513 nedum
1041 1476 1244 1514 novum
1268 1461 1498 1530 (nomem
1525 1475 1796 1530 superscr.
1820 1459 1929 1513 ‘vel
1955 1461 2176 1515 nedum’
2208 1459 2289 1527 M)

265 1531 508 1584 morbum
559 1531 858 1596 rmom'sti,
910 1531 1005 1585 sed
1058 1532 1222 1585 etiam
1273 1531 1646 1601 yravedinem,
1696 1537 1748 1586 te
1800 1537 2040 1602 veyetum
2095 1529 2287 1598 Orelli,

267 1601 481 1668 Baiter,
539 1607 591 1655 et
623 1600 657 1635 *
682 1600 716 1635 *
741 1617 942 1668 novum
984 1602 1227 1656 ‘morbwm
1269 1603 1568 1669 removisti,
1622 1602 1717 1657 sed
1768 1630 1865 1669 --·,
1918 1609 1968 1657 te
2004 1600 2287 1669 Wesenb.,

266 1671 425 1740 Boot,
469 1688 586 1726 non
612 1672 769 1725 modo
804 1669 1101 1742 (Lambin.)
1136 1688 1338 1726 novum
1372 1703 1442 1715 —-
1477 1680 1528 1728 te
1566 1672 1708 1728 coni.
1740 1672 2002 1729 Wesenb.
2033 1674 2092 1727 et
2125 1672 2287 1741 Boot,

267 1759 367 1799 scr.
395 1740 632 1812 Tyrrell.
688 1773 758 1783 —
813 1748 880 1796 25
917 1742 1142 1813 †Boot,
1188 1760 1293 1798 om.
1324 1743 1555 1811 reliqui,
1608 1744 1750 1798 coni.
1779 1742 1878 1797 ille
1924 1744 2108 1798 vellem
2142 1761 2288 1813 spee-

265 1821 445 1881 tasses,
484 1814 615 1867 belle
648 1819 712 1868 ut
746 1813 978 1883 Madvig
1012 1814 1152 1869 Adv.
1180 1813 1258 1866 III
1337 1859 1347 1869 .
1381 1820 1500 1881 187,
1546 1814 1744 1868 Vellem
1780 1831 1990 1869 cernere
2018 1817 2290 1884 potuisses

268 1883 328 1940 Ο.
347 1885 411 1940 Ε.
442 1883 701 1938 Schmidt
746 1882 881 1939 ‘Der
921 1884 1292 1939 Briefwechse
1321 1886 1337 1910 ’
1384 1903 1441 1955 p.
1465 1890 1582 1939 182.
1645 1884 1865 1938 Incerta
1919 1885 2133 1953 omnia,
2188 1886 2287 1940 scd

266 1958 454 2010 tamen
499 1955 685 2026 magis
721 1955 911 2025 placet
952 1956 1152 2011 Vellem
1186 1963 1301 2011 tam
1337 1956 1568 2011 laudare
1595 1972 1806 2026 possem
1841 1963 2013 2011 cetera
2048 1957 2179 2012 eius.
2217 1989 2287 1998 —

268 2034 332 2081 27
378 2029 595 2097 aperui
639 2025 927 2095 Wesenb.,
973 2028 1119 2082 Boot
1162 2031 1282 2082 tam
1327 2027 1588 2097 imperite
1633 2042 1805 2096 quam
1846 2045 1903 2097 p.
1932 2032 2054 2082 458.
2084 2033 2170 2082 21.
2218 2057 2287 2069 -—

268 2104 334 2152 29
370 2099 505 2154 lecta
531 2096 768 2167 Manut„
805 2097 1086 2166 Wesenb„
1122 2100 1386 2169 †scripta
1413 2098 1622 2165 Baiter,
1658 2098 1805 2152 Boot
1839 2100 1909 2167 (v.
1931 2098 2004 2150 ad
2029 2116 2085 2167 p.
2108 2104 2194 2153 24.
2216 2102 2287 2167 8),

266 2172 453 2224 stricta
486 2167 707 2238 ’Ἐγ-11911
742 2185 829 2239 cp.
848 2175 971 2237 403,
1008 2170 1177 2224 scissa
1213 2170 1355 2225 coni.
1377 2167 1568 2237 Orelli,
1605 2175 1797 2239 aperta
1823 2168 2005 2224 Klotz.
2027 2197 2097 2210 -
2124 2174 2285 2238 29=sq.

266 2241 533 2295 hominem
569 2241 768 2294 bonum
802 2247 854 2295 et
885 2241 1103 2295 doctum
1137 2246 1189 2294 et
1298 2242 1458 2295 obwm
1484 2242 1732 2295 existimo
1758 2257 1934 2310 marg.
1956 2239 2032 2308 M,
2069 2239 2289 2310 Tyrrcll

269 2322 383 2364 non
414 2310 572 2367 benc.
626 2341 699 2352 --
752 2316 824 2365 32
856 2312 1170 2378 refricatur
1222 2312 1450 2380 'oi-rad„
1487 2311 1653 2378 Bait„
1690 2310 1861 2380 Wes.,
1901 2310 2100 2365 ‘Usum
2135 2312 2290 2366 verbi

270 2381 689 2435 intransitivum
732 2380 891 2435 nullo
942 2382 1198 2451 exemplo
1243 2383 1462 2436 munire
1503 2384 1713 2452 potost'
1763 2381 1932 2450 Boot,
1986 2383 2109 2436 ‘sed
2152 2382 2288 2438 licet

269 2452 466 2507 audire
509 2453 631 2508 me'.
695 2452 854 2506 Idem
896 2453 971 2505 ad
1007 2452 1109 2506 XH
1136 2458 1223 2509 45.
1253 2458 1285 2507 2
1328 2453 1421 2507 ‘do
1457 2453 1512 2507 vi
1548 2470 1596 2508 v.
1626 2454 1890 2521 resticare
1923 2454 2288 2520 intransitiva

267 2524 400 2577 vids
431 2524 507 2577 ad
541 2522 593 2577 X
624 2528 706 2579 17.
736 2524 811 2579 2’.
876 2527 893 2591 ΙΙ
957 2521 1028 2578 P.
1058 2523 1196 2578 821.
1226 2530 1258 2577 2
1302 2526 1502 2591 suma
1547 2524 1994 2596 add-Lehmann
2031 2522 2285 2589 Quaestt.

266 2613 319 2664 p.
352 2600 482 2663 110,
526 2593 760 2663 Tyrrell.
816 2625 886 2635 —-
940 2601 975 2648 4
1012 2596 1295 2650 transierit
1339 2594 1547 2648 Ziohen
1581 2595 1813 2665 Ephem.
1844 2595 1989 2650 Tun.
2017 2612 2072 2665 p.
2104 2601 2188 2651 34.
2218 2599 2284 2649 51

265 2666 335 2721 cf.
372 2681 427 2736 p.
460 2672 544 2721 67.
577 2670 637 2733 8,
682 2666 838 2735 prob.
870 2664 933 2721 O.
960 2665 1024 2721 Ε.
1055 2664 1310 2719 Schmidt
1357 2665 1491 2719 ‘Der
1533 2665 1779 2720 Briofw?
1818 2684 1872 2736 p.
1898 2672 2025 2733 182,
2081 2664 2290 2734 ἀκραὲς

262 2738 369 2792 erit
402 2737 632 2804 Bosius,
675 2736 893 2803 Baiter,
938 2735 1107 2803 Boot,
1158 2735 1402 2806 Tyrrell,
1449 2738 1485 2807 ᾧ
1504 2751 1627 2791 cras
1661 2738 1765 2791 erit
1798 2731 2061 2792 Wesenb.
2100 2765 2171 2778 —-·
2206 2737 2286 2792 ΙΙ).

264 2812 516 2863 maneat!
548 2807 846 2863 Hortensio
864 2808 1079 2876 quidem
1095 2807 1256 2875 Boot,
1284 2807 1634 2875 Hortensius,
1661 2823 1785 2876 quo
1800 2809 2016 2877 quidem
2034 2806 2292 2862 Schmidt

264 2878 300 2934 l.
329 2878 369 2934 l.
426 2909 497 2919 --
554 2884 620 2932 18
673 2880 895 2948 qaudeo
939 2877 1201 2944 Ursinus,
1257 2877 1477 2945 Baiter,
1530 2879 1803 2949 yawdeam
1845 2878 1929 2946 M,
1983 2879 2289 2949 yawdebam

263 2949 500 3017 Manu-t„
544 2947 826 3016 Wesenb.,
864 2948 1023 3016 Boot,
1061 2950 1212 3017 quod
1248 2949 1436 3016 miror,
1473 2956 1552 3004 est
1584 2950 1729 3018 quod
1762 2950 2033 3020 yawdeoem
2069 2949 2289 3019 Tynell

262 3036 351 3090 op.
382 3026 488 3074 404
525 3036 638 3074 11011
672 3019 1041 3090 probabilius.
1097 3019 1189 3073 Illi
1223 3021 1521 3091 qaudeam
1555 3036 1668 3074 non
1704 3020 1789 3073 ita
1827 3019 2128 3074 dissimilia
2158 3023 2289 3075 sunt

259 3093 622 3160 pervenirem
666 3108 721 3161 p.
753 3097 837 3147 76.
868 3096 964 3159 29,
1013 3092 1197 3161 leyem
1244 3096 1364 3146 109.
1394 3096 1488 3158 22,
1535 3092 1883 3160 despicerem
1935 3090 1995 3161 (i.
2017 3107 2065 3147 e.
2095 3092 2287 3161 displi-

259 3165 397 3232 cere)
449 3168 569 3218 124.
599 3167 658 3229 5,
709 3162 988 3217 dedissem
1033 3166 1150 3217 139.
1181 3168 1241 3230 4,
1286 3162 1525 3217 tenerit
1552 3175 1781 3231 possem
1818 3168 1938 3217 237.
1969 3168 2063 3230 32,
2109 3179 2290 3218 ess-em

261 3239 486 3302 256.31,
516 3233 867 3301 offenderem
894 3238 1015 3287 281.
1037 3238 1121 3288 31.
1171 3231 1263 3285 Ad
1287 3250 1344 3302 p.
1365 3237 1450 3287 54.
1473 3238 1555 3287 15.
1603 3261 1673 3273 --
1720 3239 1785 3286 21
1816 3233 2163 3288 Hortensium
2185 3233 2290 3303 (sic

259 3305 445 3373 codd.,
476 3319 604 3358 cum
623 3319 785 3358 cruce
802 3301 966 3371 Boot)
986 3332 1056 3344 --
1082 3304 1349 3369 infantia.
1387 3304 1482 3358 Ita
1498 3304 1613 3371 fluit
1627 3302 1695 3358 H.
1707 3304 1773 3359 A.
1785 3303 1945 3358 Koch
1962 3304 2286 3370 mus.Rhen.

264 3381 400 3430 1857
448 3394 504 3445 p.
527 3380 636 3429 278
670 3373 739 3430 cf.
769 3392 822 3444 p.
854 3377 1053 3441 35739,
1100 3379 1221 3429 400.
1243 3379 1340 3441 29,
1395 3374 1781 3429 Hortensiana
1824 3379 2051 3430 omnino
2091 3377 2290 3441 futura

258 3449 467 3501 &mnia
491 3446 624 3513 fidei
648 3446 805 3501 video
832 3445 972 3501 coni.
993 3444 1154 3512 Boot,
1182 3446 1337 3511 fluere
1363 3447 1565 3499 inania
1592 3446 1724 3512 fidei
1740 3444 1974 3515 Madvig
1998 3445 2077 3499 111
2093 3463 2148 3515 p.
2168 3450 2288 3513 187,

256 3520 451 3573 omnia
504 3518 661 3584 fuere
703 3518 968 3584 infantia.
1024 3517 1118 3571 Ita
1161 3516 1278 3582 filet.-
1340 3516 1496 3571 homo
1541 3515 1784 3583 Tyrrcll,
1849 3517 2079 3582 fuerunt
2125 3516 2287 3581 fatua
