2642 3923
192 1210 263 1258 24

197 1563 265 1612 25

205 3498 274 3546 26

307 168 432 232 168
961 168 1033 223 Μ.
1074 166 1286 222 TULLI
1321 166 1701 223 CICERONIS

298 311 628 395 scripsisse
692 310 904 377 audio.
997 308 1136 396 Cup
1138 311 1203 376 io
1257 311 1379 376 lios
1439 311 1769 395 expeditos
1823 310 2061 395 videre,
2126 310 2315 412 cupio

296 400 499 553 {13th
501 398 867 552 8⁸¹3Sestlum
932 334 1136 464 addeP
1154 399 1243 464 sis
1300 396 1616 481 Caelium3
1681 399 1751 463 in
1814 399 2049 484 quibus
2117 399 2316 464 omni-

406 611 764 677 Ἀἴὸεσθεν
806 607 930 695 μὲν
972 610 1372 695 ἀνήνασθαι,
1418 611 1648 676 δεῖσαν
1693 609 1752 676 δ’
1798 608 2211 696 ὑποδέχθαι.’

299 750 396 817 De
439 751 743 830 Memmio
797 751 1193 816 restituendo
1253 755 1328 816 ut
1374 747 1570 816 Curio
1617 751 1885 837 cogitet,
1943 755 2011 816 te
2056 750 2310 815 audisse
2369 777 2394 816 ο

298 845 474 925 puto.
548 838 644 904 De
682 839 923 925 Egnati
962 837 1230 904 Sidicini
1264 840 1523 904 nomine
1557 860 1676 904 nec
1711 839 1890 903 nulla
1925 860 2041 903 nec
2078 860 2312 924 magna

299 950 410 1029 spe
457 950 693 993 sumus.
765 927 1113 1012 Pinarium,
1160 949 1351 1012 quem
1386 926 1547 992 mihi
1583 927 2001 1012 commendas,
2044 927 2312 1012 diligen-

300 1016 547 1081 tissime
611 1015 955 1081 Deiotarus
1012 1019 1194 1080 curat
1257 1015 1542 1100 graviter
1604 1036 1883 1101 aegrum.
1984 979 2311 1099 Respondi

299 1105 493 1169 etiam
537 1105 789 1169 minori.

434 1192 532 1257 Tu
568 1194 780 1276 velim,
815 1192 967 1256 dum
1003 1213 1111 1257 ero
1148 1190 1517 1278 Laodiceae,
1554 1191 1618 1255 id
1653 1194 1754 1257 est
1790 1192 1870 1256 ad
1905 1190 2057 1256 Idus
2096 1191 2317 1275 MaiaS,
2344 1216 2399 1257 10

304 1303 495 1365 quam
533 1281 901 1365 saepissime
939 1302 1187 1344 mecum
1222 1301 1336 1364 per
1371 1280 1622 1345 litteras
1651 1280 2015 1364 colloquare
2043 1284 2126 1365 et,
2170 1301 2315 1345 cum

301 1369 590 1433 Athenas
638 1369 889 1433 veneris
934 1365 1100 1453 (iam
1147 1369 1315 1432 enim
1362 1369 1635 1433 sciemus
1681 1369 1756 1432 de
1802 1369 1995 1432 rebus
2032 1368 2317 1454 urbanis,

303 1458 380 1522 de
434 1457 781 1541 provinciis
796 1505 815 1539 ,
870 1478 1032 1542 quae
1088 1457 1303 1522 omnia
1357 1457 1424 1520 in
1483 1478 1766 1521 mensem
1811 1456 2121 1521 Martium
2165 1459 2317 1521 sunt

304 1543 623 1631 conlata),
686 1545 908 1629 utique
969 1545 1049 1609 ad
1094 1567 1196 1609 me
1247 1544 1620 1609 tabellarios
1674 1545 1913 1609 mittas.
2013 1544 2104 1609 Et
2155 1544 2315 1609 heus

303 1636 402 1698 tu!
466 1634 675 1698 iamne
718 1654 835 1698 vos
883 1654 922 1697 a
965 1631 1232 1698 Caesare
1276 1654 1391 1717 per
1436 1632 1757 1699 Herodem
1804 1633 2050 1697 talenta
2095 1633 2318 1697 Attica
2344 1658 2398 1698 ιτ,

304 1739 349 1786 L
405 1721 812 1787 extorsistis?
871 1722 942 1785 in
978 1743 1123 1806 qu0‚
1169 1725 1244 1786 ut
1280 1721 1490 1807 audi0‚
1533 1741 1837 1806 magnum
1876 1721 2095 1786 odium
2134 1721 2318 1785 Pom·

304 1810 409 1894 pei
464 1809 851 1894 suscepistis
944 1809 1142 1874 Putat
1200 1810 1372 1874 enim
1418 1831 1568 1874 suos
1612 1831 1906 1874 nummos
1953 1831 2069 1874 vos
2117 1831 2319 1874 come·

306 1898 502 1987 disse,
558 1896 891 1965 Caesarem
945 1898 1015 1963 in
1058 1896 1334 1964 Nemore
1393 1898 1777 1963 aedificando
1839 1896 2318 1984 diligentiorem

305 1989 457 2052 fore.
558 1986 734 2053 Haec
789 2008 908 2074 ego
968 2009 1045 2051 ex
1099 1986 1164 2051 P.
1212 1985 1447 2073 Vedio,
1508 2007 1742 2072 magno
1794 1987 2143 2072 nebulone,
2206 1988 2316 2051 sed

303 2075 567 2177 Pompei
613 2079 830 2141 tamen
872 2075 1194 2160 familiari,
1237 2038 1468 2140 audivi.
1541 2074 1666 2139 Hic
1710 2073 1952 2139 Vedius
2000 2075 2160 2139 1111111
2212 2075 2319 2139 ob·
2347 2101 2402 2139 20

305 2166 475 2229 viam
528 2166 703 2229 venit
758 2185 903 2229 cum
947 2163 1197 2229 duobus
1244 2164 1481 2227 essedis
1528 2167 1594 2228 et
1639 2163 1829 2227 raeda
1872 2164 2053 2246 equis
2100 2164 2320 2228 iuncta

307 2257 372 2316 et
415 2251 641 2317 lectica
685 2256 748 2317 et
793 2252 1035 2318 familia
1079 2272 1338 2337 magna,
1392 2274 1508 2335 pro
1557 2273 1710 2338 qua,
1766 2252 1822 2315 si
1868 2249 2065 2316 Curio
2111 2252 2319 2337 legem

307 2341 661 2425 pertulerit,
705 2336 816 2405 HS
854 2345 1154 2405 centenos
1192 2339 1428 2424 pendat
1461 2361 1718 2404 necesse
1756 2344 1868 2404 est.
1944 2339 2108 2404 Erat
2143 2361 2321 2424 prae-

308 2433 483 2493 terea
553 2428 1019 2513 cynocephalus
1094 2428 1162 2491 in
1234 2428 1484 2513 essedo,
1552 2450 1669 2492 nec
1741 2428 2001 2492 deerant
2074 2428 2317 2513 onagri.

307 2515 679 2601 Numquam
732 2516 864 2580 vidi
919 2516 1245 2581 hominem
1298 2480 1688 2601 nequiorem.
1782 2515 1904 2581 Sed
1964 2519 2317 2580 extremum
2347 2540 2400 2580 85

308 2604 471 2669 audi.
558 2604 944 2670 Deversatus
992 2608 1090 2669 est
1136 2603 1483 2669 Laodiceae
1531 2604 1699 2688 apud
1742 2603 2119 2688 Pompeium
2164 2602 2320 2668 Vin·

308 2693 569 2757 dullum.
659 2691 761 2757 Ibi
817 2714 933 2758 sua
992 2693 1315 2778 deposuit,
1370 2715 1515 2757 cum
1562 2693 1640 2757 ad
1685 2715 1786 2757 me
1831 2692 2156 2776 profectus
2205 2695 2320 2757 est.

306 2781 585 2845 Moritur
628 2782 887 2846 interim
915 2780 1285 2865 Vindullus3
1333 2803 1493 2865 quae
1534 2803 1635 2845 res
1674 2781 1755 2845 ad
1791 2780 2102 2865 Magnum
2137 2779 2321 2845 Pom-

308 2869 521 2952 peium
566 2870 884 2955 pertinere
924 2870 1288 2954 putabatur.
1365 2867 1432 2935 O.
1461 2866 1837 2934 Vennonius
1874 2869 2139 2933 domum
2167 2867 2321 2932 Vin-

308 2957 466 3022 dulli
520 2958 712 3023 ‘venit
804 2955 967 3022 Cum
1020 2958 1233 3023 omnia
1278 2957 1675 3042 obsignaret,
1734 2957 1804 3021 in
1847 2955 2173 3022 Vedianas
2218 2978 2320 3021 res
2350 2980 2404 3021 so

307 3046 546 3111 incidit
645 3044 722 3111 In
793 3046 896 3111 his
959 3047 1253 3110 inventae
1317 3050 1469 3110 sunt
1532 3045 1813 3131 quinque
1875 3045 2322 3130 imagunculae

309 3139 775 3221 matronarum,
827 3135 897 3198 in
951 3134 1184 3219 quibus
1240 3156 1370 3198 una
1423 3134 1664 3199 sororis
1722 3134 1907 3199 amici
1963 3134 2062 3197 tui
2117 3132 2323 3199 homi-

308 3223 410 3286 nis
459 3223 702 3308 ‘bruti',
756 3223 867 3307 qui
911 3222 1034 3287 hoc
1078 3225 1318 3306 utatur,
1366 3225 1429 3286 et
1475 3222 1651 3287 illius
1699 3221 1962 3307 lepidi’,
2008 3222 2119 3306 qui
2166 3220 2324 3286 haec

309 3314 442 3374 tam
496 3309 905 3396 neglegenter
965 3310 1144 3375 ferat.
1235 3309 1411 3375 Haec
1471 3313 1537 3375 te
1591 3309 1767 3375 volui
1828 3318 2323 3396 παριστορῆσαι.

312 3396 545 3461 Sumus
591 3398 760 3461 enim
806 3398 995 3462 ambo
1041 3397 1208 3463 belle
1255 3398 1507 3464 curiosi.
2354 3422 2407 3463 ³5

443 3482 662 3548 Unum
717 3486 909 3549 etiam
962 3485 1156 3550 velim
1210 3487 1475 3571 cogites.
1566 3485 1779 3551 Audio
1839 3485 2119 3569 Appium
2166 3487 2327 3567 πρό-
