2642 3923
547 215 1059 271 EPISTULARUM
1096 215 1195 268 AD
1233 213 1556 268 ATTICUM
1592 213 1721 267 XVI
1759 218 1842 280 11,
1882 217 1963 265 12.
2153 210 2281 275 509

268 361 432 444 cipia
476 361 636 425 mire
682 360 917 425 favent.
1008 358 1141 422 Iter
1188 358 1357 421 enim
1402 357 1640 421 faciens
1685 356 1751 420 in
1801 354 2131 419 Samnium
2178 376 2284 418 ve-

264 451 363 513 nit
410 447 615 533 GaleS,
659 448 901 511 mansit
946 446 1160 511 Teani.
1235 445 1509 509 Mirifica
1555 443 1915 527 ἀπάντησις
1961 448 2025 507 et
2062 442 2282 507 cohor-

264 538 445 601 tatio,
538 536 680 600 Hoc
732 541 808 600 tu
865 535 1170 619 putares?
1245 532 1345 598 Ob
1400 533 1523 596 hoc
1580 553 1699 616 ego
1757 532 1945 595 citius
1991 531 2283 613 Romam,

266 647 459 709 quam
505 624 982 689 constitueram.
1075 621 1282 686 Simul
1316 625 1394 707 ⁴et
1439 622 1854 705 constituerO,
1901 621 2192 684 scribam.

206 738 235 777 5
398 713 547 776 Etsi
597 712 884 777 nondum
923 711 1373 794 stipulationes
1411 709 1692 793 legeram
1729 706 1874 793 (nec
1911 709 2080 772 enim
2115 707 2282 771 Eros
2322 726 2345 772 ’ῐ

269 798 577 885 venerat),
622 805 841 864 tamen
884 822 1020 863 rem
1065 799 1269 882 pridie
1313 797 1465 861 Idus
1513 798 1706 860 velim
1742 797 2055 861 conficias,
2129 796 2281 879 Epi-

267 889 470 953 stulas
526 888 850 974 Catinam,
904 887 1429 971 Tauromenium,
1490 884 1834 969 Syracusas
1889 885 2281 948 commodius

264 977 521 1041 mittere
575 981 801 1061 potero
811 1028 829 1061 ,
894 977 947 1039 si
1008 975 1300 1040 Valerius
1362 974 1676 1057 interpres
1733 973 1814 1038 ad
1866 995 1969 1037 me
2021 973 2283 1036 nomina

265 1066 699 1149 gratiosorum
737 1064 1082 1147 scripserit.
1156 1063 1292 1126 Alii
1330 1063 1499 1126 enim
1538 1066 1690 1125 sunt
1728 1062 1904 1147 aliaS,
1949 1062 2283 1145 nostrique

185 1180 236 1218 ιο
264 1153 612 1217 familiares
660 1155 791 1217 fere
838 1152 1174 1216 demortui.
1246 1150 1512 1215 Publice
1547 1155 1762 1214 tamen
1800 1150 2051 1233 scripsi,
2092 1150 2148 1213 si
2182 1149 2282 1213 uti

263 1241 455 1306 vellet
502 1242 594 1306 eis
639 1240 968 1326 Valerius3
1015 1244 1126 1305 aut
1171 1239 1333 1303 mihi
1378 1239 1639 1303 nomina
1683 1239 1986 1303 mitteret.

396 1329 493 1394 De
530 1329 898 1413 Lepidianis
935 1328 1114 1392 feriis
1152 1327 1394 1392 Balbus
1433 1327 1514 1391 ad
1550 1349 1651 1391 me
1688 1348 1891 1410 usque
1929 1327 2007 1390 ad
2035 1344 2112 1389 111
2139 1324 2279 1389 Kal.

263 1418 671 1502 Exspectabo
718 1422 865 1481 tuas
913 1418 1163 1480 litteras
1210 1438 1438 1499 meque
1484 1417 1557 1479 de
1593 1416 1904 1499 Torquati
1951 1414 2279 1499 negotiolo

265 1506 575 1570 sciturum
620 1509 795 1588 puto.
889 1502 1111 1579 Quinti
1165 1504 1419 1568 litteras
1479 1504 1558 1567 ad
1612 1508 1677 1567 te
1722 1503 1897 1586 misi,
1949 1507 2023 1566 ut
2070 1504 2283 1588 scires,

185 1620 234 1659 15
265 1616 457 1677 quam
497 1593 676 1656 valde
714 1615 859 1656 eum
898 1596 1157 1675 amaret,
1196 1614 1387 1675 quem
1425 1592 1600 1655 dolet
1638 1615 1674 1655 a
1712 1595 1774 1655 te
1813 1592 2026 1655 minus
2065 1592 2280 1655 amari.

264 1680 545 1765 Atticae,
600 1681 932 1765 quoniam,
987 1680 1156 1763 quod
1205 1680 1521 1762 optimum
1567 1680 1637 1742 in
1681 1680 1897 1763 pueris
1946 1684 2061 1765 est,
2118 1680 2280 1743 hila-

263 1768 406 1832 rula
451 1773 566 1854 est,
611 1769 771 1833 meis
816 1769 1030 1832 verbis
1078 1771 1372 1832 suavium
1418 1768 1527 1831 des
1574 1768 1739 1831 volo.

1199 1978 1324 2044 XII
1331 2033 1341 2043 .

545 2102 660 2158 Ser.
697 2103 762 2154 in
797 2102 1103 2155 Puteolano
1146 2100 1306 2154 VIII
1335 2101 1423 2154 Id.
1454 2101 1595 2154 Nov.
1627 2118 1678 2154 α.
1711 2103 1819 2155 710
1856 2104 1994 2168 (44).

180 2184 254 2278 20⁵
870 2223 1160 2278 CICERO
1193 2223 1486 2278 ATTICO
1523 2224 1685 2279 SAL.

396 2332 565 2417 Oppi
631 2333 967 2417 epistulae,
1043 2333 1193 2416 quia
1257 2333 1652 2415 perhumana
1715 2336 1878 2415 erat,
1943 2333 2066 2397 tibi
2130 2334 2278 2397 misi

263 2422 638 2506 exemplum.
729 2419 828 2485 De
884 2419 1125 2505 Ocella,
1190 2421 1342 2484 dum
1404 2426 1477 2485 tu
1541 2421 1894 2504 muginaris
1949 2442 2065 2485 nec
2119 2421 2279 2485 mihi

265 2511 605 2594 quicquam
650 2510 969 2592 rescribis,
1025 2509 1162 2592 cepi
1208 2509 1548 2573 consilium
1594 2509 2012 2573 domesticum
2059 2510 2278 2594 itaque

260 2621 362 2661 me
431 2621 522 2681 pr.
583 2597 735 2662 Idus
805 2598 1086 2661 arbitror
1144 2597 1389 2662 Romae
1447 2598 1751 2661 futurum.
1864 2596 2275 2662 Commodius

183 2712 234 2753 25
263 2691 362 2750 est
415 2687 626 2749 visum
681 2686 922 2750 frustra
975 2707 1079 2749 me
1133 2686 1282 2750 istic
1328 2708 1491 2767 esse,
1546 2708 1690 2749 cum
1734 2685 1802 2749 id
1844 2708 1975 2749 non
2020 2708 2275 2751 necesse

264 2778 460 2859 esset,
515 2796 733 2860 quam,
788 2773 842 2838 si
891 2795 1051 2857 opus
1098 2778 1291 2855 esset,
1346 2796 1480 2838 non
1525 2774 1771 2857 adesse,
1827 2778 1892 2837 et
1941 2774 2152 2860 simul,
2196 2797 2275 2839 ne

261 2862 732 2945 intercluderer,
778 2862 1159 2926 metuebam.
1232 2860 1353 2927 Ille
1390 2863 1561 2926 enim
1596 2863 1723 2926 iam
1761 2863 2099 2926 adventare
2135 2868 2275 2946 pot-

263 2954 375 3015 est.
448 2950 596 3014 Etsi
632 2951 794 3014 varii
831 2972 1120 3014 rumores
1156 2951 1491 3035 multique,
1532 2972 1693 3033 quos
1733 2972 2027 3034 cuperem
2063 2974 2272 3035 veros3

260 3038 424 3102 nihil
468 3043 686 3102 tamen
730 3039 903 3103 certi.
994 3038 1138 3123 Ego
1185 3061 1356 3123 vem,
1403 3039 1705 3123 quicquid
1751 3043 1866 3123 est,
1909 3043 2119 3103 tecum
2164 3061 2274 3124 po-

182 3127 412 3212 sotius,
468 3150 658 3211 quam
705 3127 903 3191 animi
947 3127 1273 3213 pendeam,
1319 3150 1464 3191 cum
1512 3151 1548 3191 a
1594 3132 1658 3191 te
1705 3127 1929 3211 absim,
1977 3132 2040 3191 et
2086 3128 2163 3190 de
2207 3132 2274 3191 te

263 3220 326 3279 et
390 3216 467 3280 de
529 3238 648 3279 me.
740 3213 865 3279 Sed
928 3215 1082 3298 quid
1145 3217 1268 3279 tibi
1334 3216 1581 3280 dicam‘?
1654 3214 1908 3279 Bonum
1974 3216 2273 3279 animum.

258 3302 356 3369 De
393 3303 861 3391 Ἡρακλειδείῳ
907 3302 1219 3367 Varronis
1274 3304 1536 3388 negotia
1593 3304 1774 3367 salsa.
1867 3303 1972 3366 Me
2017 3304 2273 3386 quidem

257 3393 423 3456 nihil
467 3415 772 3476 umquam
820 3392 911 3455 sic
956 3391 1306 3456 delectavit.
1385 3392 1507 3457 Sed
1550 3393 1705 3456 haec
1751 3395 1814 3456 et
1860 3391 1986 3455 alia
2031 3392 2275 3456 maiora

260 3501 493 3547 coram.

2318 1342 2350 1389 8
