2642 3923
322 199 457 266 532
966 199 1039 253 M.
1079 196 1294 253 TULLI
1332 194 1711 253 eicERoms

1304 339 1383 404 X.

716 461 828 519 Sor.
858 464 1067 518 Romae
1102 463 1235 517 med.
1266 480 1334 516 m.
1370 462 1557 531 Quint.
1586 479 1639 516 a.
1671 465 1774 514 711
1815 464 1951 530 (43).

971 584 1226 641 CICERO
1263 584 1508 640 BRUTO
1547 584 1696 638 SAL.

252 713 284 763 1
458 694 692 761 Nullas
752 695 959 759 adhuc
1016 717 1053 757 a
1097 697 1164 758 te
1209 693 1462 758 litteras
1508 693 1934 776 habebamuS,
1988 714 2070 757 ne
2114 693 2364 757 famam

328 785 606 870 quidem,
652 806 815 868 quae
861 784 1210 847 declararet
1254 786 1323 847 te
1367 782 1626 866 cognita
1670 786 1929 845 senatus
1968 782 2362 846 auctoritate
2424 809 2448 848 ε

325 875 396 938 in
448 872 707 937 Italiam
753 871 1059 936 adducere
1106 872 1482 953 exercitum3
1539 869 1711 953 quod
1757 873 1832 933 ut
1875 870 2114 934 faceres
2160 869 2363 953 idque

320 966 710 1045 maturares,
765 980 999 1044 magno
1063 980 1253 1043 opere
1300 958 1701 1023 desiderabat
1747 980 1851 1023 res
1896 958 2167 1041 publica.
2253 956 2363 1022 In-

324 1049 648 1135 gravescit
693 1050 864 1113 enim
909 1049 982 1112 in
1016 1048 1151 1112 dies
1189 1047 1574 1111 intestinum
1610 1047 1872 1131 malum,
1915 1068 2033 1111 nec
2072 1047 2360 1111 externis

322 1137 630 1203 hostibus
677 1137 884 1223 magis
933 1158 1125 1220 quam
1173 1135 1541 1204 domesticis
1586 1135 1978 1220 laboramuS,
2023 1136 2135 1219 qui
2172 1140 2362 1199 erant

326 1226 595 1292 omnino
636 1226 717 1290 ab
755 1225 946 1290 initio
983 1224 1157 1307 belli,
1188 1224 1297 1288 sed
1335 1224 1587 1288 facilius
1624 1223 2106 1309 frangebantur.
2161 1223 2361 1287 Erec-
2392 1250 2447 1290 ιο

323 1315 459 1379 tior
520 1319 778 1379 senatus
847 1318 984 1377 erat
1046 1335 1178 1377 non
1248 1312 1585 1377 sententiis
1642 1312 1857 1377 solum
1911 1312 2153 1376 nostris
2161 1363 2180 1396 ,
2245 1312 2362 1375 sed

326 1404 526 1467 etiam
572 1401 1130 1466 cohortationibus
1177 1401 1513 1466 excitatus,
1595 1400 1759 1464 Erat
1805 1400 1877 1464 in
1921 1404 2148 1464 senatu
2193 1401 2359 1464 satis

327 1491 668 1557 vehemens
715 1494 780 1554 et
825 1511 966 1554 acer
1010 1489 1220 1554 Pansa
1264 1512 1411 1554 cum
1457 1489 1528 1553 in
1571 1493 1817 1554 ceteros
1861 1488 2055 1553 huius
2102 1489 2360 1574 generis

328 1583 470 1643 tum
523 1579 800 1643 maxime
866 1579 934 1641 in
981 1600 1299 1663 socerum,
1358 1578 1460 1642 cui
1505 1577 1754 1642 consuli
1797 1599 1929 1641 non
1975 1577 2224 1641 animus
2275 1578 2358 1640 ab

260 1686 293 1733 2
333 1667 541 1750 initi0,
586 1689 719 1731 non
762 1666 921 1730 fides
971 1666 1050 1730 ad
1095 1671 1454 1730 extremum
1501 1666 1721 1730 defuit.
1794 1665 2046 1729 Bellum
2093 1666 2174 1729 ad
2217 1665 2359 1729 Mu-
2390 1694 2443 1734 15

330 1757 536 1820 tinam
600 1755 970 1839 gerebatur,
1032 1754 1199 1818 nihil
1262 1759 1337 1818 ut
1395 1755 1464 1818 in
1520 1752 1787 1818 Caesare
1845 1753 2360 1837 reprehenderes,

328 1867 463 1909 non
505 1845 687 1908 nulla
730 1843 802 1907 in
847 1843 1085 1907 Hirtio.
1173 1842 1386 1906 Huius
1434 1842 1588 1906 belli
1632 1843 1892 1906 fortuna
1939 1842 2057 1906 ‘ut
2111 1842 2193 1906 1‘n
2247 1865 2357 1906 se-

329 1933 597 1998 cundis
644 1932 891 2017 fluxa,
934 1934 1018 1996 ut
1062 1932 1142 1997 in
1187 1928 1539 1996 adversis
1584 1930 1824 1996 bona'.
1914 1929 2078 1996 Erat
2124 1931 2351 1995 victrix

331 2043 434 2086 res
490 2021 751 2105 publica
794 2020 999 2086 caesis
1041 2019 1290 2084 Antoni
1336 2020 1555 2103 copiiS,
1601 2020 1742 2103 ipso
1788 2020 2073 2103 expulso.
2168 2019 2349 2084 Bruti

327 2111 555 2175 deinde
617 2110 712 2173 ita
775 2110 982 2173 multa
1040 2112 1324 2192 peccata,
1380 2112 1454 2171 ut
1509 2109 1786 2192 quodam
1838 2109 2028 2173 modo
2087 2108 2353 2173 victoria
2379 2137 2433 2176 20

331 2199 651 2262 excideret
719 2219 753 2262 e
815 2198 1131 2262 manibus.
1239 2196 1654 2282 PerterritOS,
1726 2196 2032 2282 inermes,
2108 2196 2356 2261 saucios

331 2308 457 2352 non
535 2289 685 2350 sunt
756 2287 963 2350 nostri
1029 2285 1218 2350 duces
1282 2285 1628 2370 persecuti,
1699 2285 2050 2368 datumque
2114 2283 2360 2368 Lepido

332 2379 589 2457 tempus
644 2377 768 2458 est,
828 2375 899 2437 in
952 2395 1081 2458 quo
1135 2373 1465 2438 levitatem
1520 2374 1658 2438 eius
1719 2395 1905 2456 saepe
1959 2377 2362 2457 perspectam

333 2463 686 2527 maioribus
733 2462 805 2526 in
847 2462 1036 2527 malis
1083 2462 1532 2545 experiremur.
1607 2459 1773 2525 Sunt
1819 2462 2135 2526 exercitus
2182 2461 2358 2543 boni,

335 2552 446 2615 sed
490 2552 680 2615 rudes
727 2550 917 2614 Bruti
964 2555 1029 2615 et
1072 2547 1312 2636 Planci,
1359 2553 1511 2613 sunt
1554 2549 1926 2614 fidelissima
1973 2555 2038 2613 et
2081 2549 2358 2613 maxima
2389 2571 2448 2612 25

259 2656 296 2705 3
335 2640 574 2703 auxilia
622 2637 984 2723 Gallorum3
1049 2638 1159 2702 sed
1205 2636 1543 2702 Gaesarem
1596 2638 1756 2702 meis
1816 2638 2105 2702 consiliis
2152 2637 2360 2702 adhuc

334 2728 784 2813 gubernatum,
824 2726 1149 2811 praeclara
1185 2726 1401 2810 ipsum
1434 2726 1648 2790 indole
1685 2726 2176 2810 admirabilique
2212 2748 2361 2791 con-

335 2816 577 2880 stantia
656 2815 1155 2900 improbissimis
1236 2814 1475 2879 litteris
1559 2815 1823 2898 quidam
1891 2815 2361 2898 fallacibusque

334 2904 796 2988 interpretibus
853 2925 925 2968 ac
976 2903 1222 2967 nuntiis
1278 2902 1677 2986 impulerunt
1730 2904 1799 2968 in
1856 2925 2034 2987 spem
2082 2903 2363 2968 certissi-

331 3014 504 3056 mam
548 2992 937 3057 consulatus.
1030 2991 1214 3068 Quod
1261 2991 1456 3055 simul
1501 2995 1695 3075 atque
1741 2993 1932 3078 sensi,
1983 3012 2192 3076 neque
2236 3012 2359 3076 ego
2392 3015 2453 3056 so

326 3081 519 3145 illum
584 3080 915 3145 absentem
968 3080 1208 3144 litteris
1273 3101 1535 3144 monere
1603 3080 1824 3146 destiti
1883 3102 2001 3145 nec
2060 3101 2359 3145 accusare

329 3173 702 3253 praesentes
749 3170 885 3233 eius
932 3169 1323 3233 necessarios
1339 3220 1355 3251 ,
1410 3168 1522 3251 qui
1568 3168 1704 3232 eius
1750 3168 2087 3252 cupiditati
2136 3168 2363 3233 suffra-

326 3256 475 3342 gari
518 3257 921 3342 videbantur,
975 3279 1093 3321 nec
1138 3257 1208 3320 in
1255 3260 1482 3320 senatu
1530 3256 2168 3322 sceleratissimorum
2213 3277 2363 3321 con-

327 3343 625 3410 siliorum
672 3345 885 3409 fontes
933 3346 1178 3429 aperire
1226 3345 1529 3408 dubitavi.
1614 3342 1751 3409 Nec
1795 3367 1946 3410 vero
1994 3345 2129 3410 ulla
2175 3344 2246 3409 in
2289 3366 2361 3410 re

326 3432 596 3497 memini
643 3437 753 3496 aut
801 3437 1094 3497 senatum
1139 3434 1469 3497 meliorem
1515 3436 1627 3497 aut
1673 3434 2121 3518 magistratu83
2177 3455 2362 3498 num·
2389 3459 2452 3501 ³6

327 3541 525 3601 quam
570 3521 740 3584 enim
786 3521 855 3583 in
899 3520 1145 3586 honore
1194 3520 1701 3586 extraordinario
1749 3523 2035 3606 potentis
2073 3521 2359 3586 hominis
