2642 3923
338 193 469 257 406
976 191 1050 245 M.
1089 191 1303 246 TULLI
1340 190 1719 247 CICERONIS

339 358 529 401 eurea
589 332 659 398 L.
716 333 1073 418 Torquato,
1139 332 1358 399 Stoica
1417 333 1503 398 M.
1567 333 1824 418 Catoni,
1884 314 2358 417 περιπατητικά

339 424 425 488 Μ.
454 423 677 488 Pisoni
714 423 945 488 darem.
1000 420 1526 505 Ἀζηλοτύπητον
1561 422 1627 486 id
1661 422 1800 486 fore
1834 425 2148 504 putaram,
2185 420 2358 505 quod

272 529 304 576 6
345 534 564 576 omnes
600 512 699 575 illi
734 511 1152 577 decesserant.
1223 509 1401 575 Haeo
1437 509 1878 596 ‘Academiea'‚
1921 514 1995 573 ut
2032 510 2177 594 sois,
2211 531 2357 573 eum

343 598 603 685 Catulo,
656 598 946 685 Lucull0‚
998 598 1350 664 Hortensio
1396 599 1805 663 contuleram.
1899 596 2063 662 Sane
2107 599 2176 661 in
2220 620 2358 680 per-

345 710 534 753 sonas
591 709 725 752 non
785 688 1119 771 cadebant3
1185 691 1368 751 erant
1431 686 1600 751 enim
1671 687 2117 773 λογικώτερα,
2164 708 2359 770 quam
2419 713 2450 752 5

344 781 417 840 ut
475 776 573 839 illi
633 776 710 840 de
763 776 846 839 iis
894 776 1245 839 somniasse
1290 797 1597 858 umquam
1638 774 2022 839 viderentur.
2113 772 2360 859 Itaque,

343 869 419 929 ut
477 865 606 949 legi
665 867 811 928 tuas
862 863 939 928 de
997 862 1317 948 Varrone,
1376 867 1706 946 tamquam
1765 861 2039 946 ἕρμαιον
2098 862 2359 946 arripui.

344 951 584 1035 Aptius
629 973 766 1016 esse
799 951 967 1016 nihil
1002 951 1219 1034 potuit
1255 951 1338 1016 ad
1373 951 1440 1015 id
1475 950 1923 1034 philosophiae
1961 970 2182 1036 genus,
2228 972 2357 1034 quo

345 1041 455 1105 ille
512 1040 786 1105 maxime
821 1039 984 1104 mihi
1020 1039 1321 1104 delectari
1367 1039 1648 1124 videtur,
1706 1060 1941 1122 easque
1985 1043 2228 1124 parteS‚
2281 1042 2360 1102 ut

343 1150 476 1193 non
530 1128 653 1194 sim
704 1132 1112 1211 consecutus,
1166 1132 1239 1192 ut
1293 1129 1584 1210 superior
1628 1149 1770 1192 mea
1813 1148 2005 1191 eausa
2050 1127 2355 1191 videatur.
2388 1154 2448 1193 ιο

348 1216 513 1282 Sunt
566 1216 732 1280 enim
789 1215 1196 1280 vehementer
1250 1206 1511 1281 πιθανά
1564 1214 1935 1298 Antioohia3
2001 1237 2163 1298 quae
2219 1215 2359 1278 dili-

346 1309 569 1389 genter
623 1326 661 1368 a
717 1325 819 1368 me
863 1325 1167 1386 expressa
1211 1325 1476 1367 acumen
1518 1303 1757 1368 habent
1803 1302 2138 1389 Antiochi,
2193 1303 2362 1367 nito·

343 1415 478 1458 rem
536 1392 846 1457 orationis
892 1396 1213 1477 nostrum,
1268 1392 1325 1455 si
1370 1392 1561 1456 modo
1607 1393 1664 1456 is
1709 1396 1807 1456 est
1854 1391 2087 1475 aliquis
2132 1392 2203 1455 in
2246 1412 2360 1455 no-

344 1481 462 1545 bis.
539 1479 665 1545 Sed
707 1483 800 1566 tu,
846 1480 1165 1544 dandosne
1211 1483 1399 1563 putes
1436 1478 1557 1544 hos
1593 1480 1795 1544 libros
1831 1479 2128 1564 Varroni,
2173 1481 2361 1544 etiam

347 1573 539 1652 atque
584 1568 778 1634 etiam
823 1568 1082 1632 videbis.
1157 1567 1324 1632 Mihi
1369 1568 1680 1651 quaedam
1726 1572 2095 1654 oeeurrunt3
2139 1568 2250 1632 sed
2284 1589 2362 1631 ea
2390 1595 2445 1635 ιτ,

345 1678 576 1723 eoram.

1279 1795 1419 1860 XX.

525 1901 638 1957 Ser.
666 1902 730 1955 in
765 1899 1033 1970 Arpinati
1078 1898 1169 1952 VI
1196 1905 1295 1954 aut
1340 1898 1394 1952 V
1422 1899 1570 1953 Non.
1606 1898 1790 1969 Quint.
1820 1916 1871 1953 a.
1904 1902 2014 1955 709
2052 1903 2190 1969 (45).

951 2004 1239 2059 CICERO
1274 2004 1564 2061 ATTICO
1599 2004 1764 2060 SAL.

282 2117 308 2164 1
479 2096 542 2162 A
586 2096 855 2163 Caesare
898 2097 1149 2161 litteras
1191 2096 1403 2178 aoeepi
1438 2095 1900 2160 consolatorias
1938 2095 2120 2161 datas
2155 2096 2363 2179 pridie
2390 2125 2446 2164 so

347 2185 489 2252 Kal.
536 2185 741 2251 Maias
796 2184 1067 2267 Hispali.
1158 2182 1256 2247 De
1313 2184 1469 2248 urbe
1525 2183 1814 2274 augenda
1868 2184 2024 2267 quid
2078 2185 2164 2248 sit
2218 2206 2365 2268 pro·

350 2275 735 2359 mulgatum,
788 2294 918 2337 non
973 2272 1275 2336 intellexi.
1367 2270 1442 2336 Id
1496 2273 1656 2336 seire
1711 2291 1862 2336 sane
1907 2273 2115 2337 velim.
2208 2272 2365 2337 Tor-

351 2367 548 2447 quato
616 2366 841 2427 nostra
906 2361 1116 2424 officia
1184 2363 1369 2445 grata
1436 2381 1572 2424 esse
1639 2360 1826 2425 faoile
1890 2362 2104 2443 patior
2163 2383 2365 2444 eaque

280 2468 311 2516 2
350 2472 582 2536 augere
624 2472 757 2515 non
802 2448 1098 2513 desinam.
1189 2446 1294 2512 Ad
1338 2447 1744 2533 Ligarianam
1794 2448 1869 2513 de
1914 2471 2112 2513 uxore
2157 2448 2365 2514 Tube-

350 2541 526 2604 ronis
573 2542 638 2602 et
683 2537 981 2622 privigna
1024 2556 1229 2620 neque
1272 2558 1539 2620 possum
1583 2537 1714 2601 iam
1758 2537 1984 2601 addere
2029 2535 2159 2622 (est
2193 2537 2365 2602 enim
2396 2567 2450 2606 25

351 2625 753 2712 pervulgata)
800 2646 1007 2708 neque
1051 2624 1454 2689 Tuberonem
1499 2626 1648 2689 volo
1695 2625 2037 2709 offendere3
2097 2626 2367 2690 mirifice

353 2719 450 2780 est
512 2716 680 2779 enim
742 2718 1085 2797 φιλαίτιος.
1186 2712 1536 2777 Theatrum
1600 2712 1855 2797 quidem
1915 2734 2066 2778 sane
2123 2713 2367 2778 bellum

281 2821 313 2870 3
345 2803 653 2868 habuisti.
717 2802 879 2886 Ego,
927 2802 1049 2865 etsi
1084 2800 1207 2865 hoe
1240 2800 1384 2866 loeo
1419 2801 1722 2865 facillime
1758 2805 2105 2884 sustentor,
2149 2806 2366 2867 tamen

351 2896 417 2956 te
460 2891 673 2954 videre
718 2890 922 2973 cupio,
1014 2888 1258 2973 Itaque,
1301 2892 1379 2953 ut
1422 2890 1748 2973 constitui,
1794 2889 2000 2954 adero.
2072 2888 2367 2954 Fratrem

352 2979 536 3045 eredo
584 3002 622 3043 a
666 2982 731 3043 te
777 2999 913 3042 esse
959 2981 1358 3042 conventum.
1452 2975 1626 3042 Scire
1671 2978 1874 3062 igitur
1919 2978 2165 3062 studeo,
2211 2978 2369 3062 quid
2396 3007 2455 3046 πο

352 3089 386 3133 e
433 3089 574 3133 ens.

280 3174 314 3221 4
388 3089 433 3154 g
485 3154 582 3219 De
635 3156 807 3219 fama
857 3152 1026 3217 nihil
1069 3174 1220 3218 sane
1265 3152 1518 3237 labor03
1582 3154 1704 3217 etsi
1751 3154 2127 3237 scripseram
2173 3155 2253 3218 ad
2298 3160 2367 3219 te

351 3249 505 3308 tuno
565 3242 762 3307 stulte
823 3241 1008 3305 ‘nihil
1065 3241 1346 3325 melius’3
1419 3242 1769 3306 curandum
1832 3243 2002 3306 enim
2058 3264 2189 3307 non
2247 3246 2366 3308 est.

351 3330 566 3414 Atque
624 3329 746 3395 hoo
806 3330 906 3393 ‘in
965 3330 1166 3393 omni
1225 3328 1387 3393 vita
1446 3351 1580 3393 sua
1637 3351 2004 3413 quemque
2059 3354 2096 3394 a
2150 3336 2368 3395 reeta

352 3418 830 3482 conscientia
906 3421 1356 3482 traversum
1428 3438 1751 3502 unguem
1827 3440 1976 3483 non
2053 3422 2366 3501 oportet
2398 3448 2459 3490 3⁶

354 3505 762 3569 diseedere’
809 3504 997 3567 viden
1055 3526 1249 3587 quam
1304 3507 1731 3590 φιλοσόφωςῖ
1804 3505 1909 3570 An
1955 3511 2027 3571 tu
2071 3529 2189 3570 nos
2235 3505 2353 3571 fru·
