2642 3923
585 190 1095 246 EPISTULARUM
1135 191 1232 244 AD
1270 190 1598 246 ATTICUM
1636 190 1685 244 V
1724 196 1808 258 20,
1848 196 1931 246 21.
2145 191 2270 254 153

261 335 719 419 εὐημερήματις
763 334 955 399 hodie
991 356 1140 399 vero
1178 334 1466 400 hiemant
1503 335 1572 398 in
1609 332 2034 419 Cyrrhestica,
2073 333 2271 398 maxi-

259 444 557 507 mumque
602 422 841 487 bellum
887 422 1224 506 impendet.
1316 421 1487 487 Nam
1533 426 1597 486 et
1644 421 1859 509 Orodi,
1905 423 2075 507 regis
2123 421 2269 485 Par-

261 511 551 596 thorum,
623 510 797 575 filius
860 512 929 575 in
991 511 1320 594 provincia
1381 515 1605 574 nostra
1649 515 1775 596 est,
1836 532 1953 575 nec
2016 510 2272 574 dubitat

262 598 634 683 DeiotaruS,
698 600 878 663 cuius
934 599 1068 663 filio
1124 602 1311 682 pacta
1376 604 1475 663 est
1528 597 1905 663 Artavasdis
1970 599 2129 681 filia,
2193 620 2268 661 ex

212 713 236 753 ⁶
259 708 387 770 ⁴quo
435 687 581 751 sciri
625 692 867 773 potest,
915 688 1069 771 quin
1111 708 1255 751 cum
1299 686 1596 752 om‘nibus
1643 687 1843 770 copiis
1884 688 2021 770 ipse
2066 687 2273 770 prima

264 778 500 839 aestate
564 775 943 858 Euphraten
1014 775 1405 839 transiturus
1480 775 1580 838 sit.
1691 774 1830 850 Quo
1896 778 2109 839 autem
2171 774 2271 837 die

265 861 444 928 Cassi
490 864 741 928 litterae
786 864 1077 927 victrices
1131 863 1198 926 in
1256 867 1479 927 senatu
1536 864 1838 927 recitatae
1894 868 2070 946 sunt,
2122 863 2169 944 †
2206 862 2271 925 id

263 956 360 1015 est
416 949 623 1015 Nonis
666 950 1081 1037 Octobribus,
1140 951 1362 1016 eodem
1417 973 1592 1015 meae
1650 952 2001 1015 tumultum
2062 952 2272 1014 nunti-

264 1045 460 1103 antes,
558 1040 764 1103 Axius
827 1044 1048 1105 noster
1112 1039 1204 1103 ait
1266 1044 1521 1103 nostras
1586 1039 1989 1103 auctoritatis
2051 1039 2272 1123 plenas

190 1156 239 1194 ιο
265 1128 485 1211 fuisse,
559 1128 690 1192 illis
753 1132 948 1213 negat
1010 1127 1334 1192 creditum.
1443 1126 1664 1191 Bibuli
1734 1128 2016 1192 nondum
2091 1131 2272 1191 erant

265 1216 525 1300 allatae3
571 1237 729 1299 quas
777 1219 950 1280 certo
997 1216 1128 1280 scio
1174 1216 1395 1299 plenas
1440 1216 1694 1280 timoris
1740 1217 1891 1280 fore.

396 1303 498 1367 Ex
533 1303 637 1368 his
674 1304 865 1368 rebus
901 1304 1025 1368 hoc
1051 1325 1290 1387 vereor,
1326 1326 1425 1389 ne,
1460 1326 1605 1368 cum
1630 1302 1972 1387 Pompeius
2009 1307 2272 1387 propter
2309 1320 2341 1368 3

267 1397 509 1455 metum
554 1414 766 1457 rerum
819 1414 1129 1456 novarum
1183 1414 1503 1476 nusquam
1557 1392 1951 1477 dimittatur,
2014 1389 2271 1457 Caesari

266 1479 482 1544 nullus
528 1480 735 1545 honos
781 1502 817 1544 a
863 1485 1091 1544 senatu
1135 1480 1469 1565 habeatur,
1513 1480 1664 1544 dum
1699 1480 1804 1544 hic
1840 1480 2044 1544 nodus
2071 1502 2272 1564 ‘expe-

188 1596 240 1635 15
269 1568 496 1651 diatur,
533 1590 665 1633 non
700 1572 884 1652 putet
922 1572 1180 1633 senatus
1217 1590 1356 1653 nOS,
1393 1571 1734 1652 antequam
1772 1590 2130 1632 successum
2170 1569 2274 1654 sit,

270 1660 563 1757 oportere
608 1656 900 1720 decedere
944 1678 1060 1720 nec
1104 1657 1171 1720 in
1206 1660 1391 1720 tanto
1428 1662 1611 1720 motu
1646 1677 1860 1720 rerum
1895 1657 2094 1720 tantis
2130 1679 2271 1740 pro-

269 1745 491 1808 vinciis
541 1744 829 1828 singulos
874 1744 1121 1828 legatos
1167 1765 1475 1827 praeesse.
1567 1743 1715 1827 Hic,
1769 1766 1850 1808 ne
1906 1745 2060 1828 quid
2112 1744 2270 1808 mihi

268 1838 667 1917 prorogetur,
706 1832 876 1915 quod
902 1854 984 1896 ne
1011 1833 1395 1897 intercessor
1423 1832 1679 1915 quidem
1707 1833 2020 1896 sustinere
2049 1834 2272 1916 possit,

272 1920 500 1985 horreo
548 1924 739 2005 atque
785 1942 859 1986 eo
905 1921 1138 2007 magis,
1198 1921 1368 2006 quod
1433 1924 1506 1984 tu
1573 1920 1750 2006 abes,
1814 1921 1924 2005 qui
1985 1921 2273 2004 consili0‚

190 2038 241 2076 20
271 2010 503 2094 gratia,
569 2009 782 2074 studio
844 2010 1068 2073 multis
1131 2010 1325 2073 rebus
1380 2030 1756 2074 occurreres.
1850 2006 2028 2094 [Sed]
2083 2008 2273 2073 Dices

269 2119 369 2160 me
396 2098 608 2181 ipsum
635 2097 797 2162 mihi
833 2097 1324 2162 sollicitudinem
1362 2101 1625 2162 struere.
1696 2095 1927 2181 Cogor,
1973 2101 2047 2161 ut
2082 2098 2273 2161 velim

269 2186 361 2249 ita
408 2186 520 2269 sit3
568 2186 676 2249 sed
723 2186 936 2250 omnia
980 2189 1213 2250 metuo.
1296 2186 1445 2250 Etsi
1491 2185 1730 2249 bellum
1776 2185 2276 2270 ἄκροτελεύτιον

269 2273 464 2337 habet
491 2273 605 2338 illa
632 2278 746 2338 tua
773 2274 1066 2359 epistula,
1094 2296 1286 2358 quam
1326 2274 1555 2338 dedisti
1583 2295 1897 2338 nauseans
1923 2272 2271 2338 Buthroto:

271 2361 469 2444 εΤ1111,
532 2366 606 2425 ut
658 2362 840 2426 video
897 2366 963 2426 et
1017 2383 1221 2446 spero,
1291 2363 1470 2426 nulla
1528 2361 1606 2425 ad
1669 2361 2089 2426 decedendum
2153 2362 2276 2426 erit

186 2477 239 2517 25
268 2450 490 2515 mora?
579 2448 837 2514 Mallem
885 2450 982 2514 ‘ut
1026 2450 1208 2514 video
1222 2450 1259 2534 ⁹,
1315 2449 1483 2513 nihil
1529 2471 1689 2533 opus
1734 2450 1859 2514 fuit
1905 2450 2001 2514 ‘ut
2047 2451 2276 2533 spero’.

272 2538 654 2621 Acceperam
709 2542 921 2602 autem
975 2539 1134 2602 satis
1189 2539 1477 2602 celeriter
1520 2537 1697 2602 Iconi
1742 2560 1855 2621 per
1910 2538 2277 2621 publicano·
2314 2555 2346 2602 4

271 2648 416 2690 rum
477 2625 847 2690 tabellarios
913 2649 950 2690 a
1011 2624 1269 2690 Lentuli
1333 2626 1662 2709 triumpho
1727 2626 1924 2690 datas.
2034 2626 2112 2690 In
2172 2626 2277 2691 his

269 2715 724 2796 γλυκύπικρον
758 2714 918 2778 illud
954 2714 1310 2798 confirmas,
1356 2735 1602 2777 moram
1640 2714 1799 2778 mihi
1835 2714 2078 2778 nullam
2114 2715 2279 2801 fore3

270 2799 494 2866 deinde
540 2802 746 2888 addis,
800 2803 855 2866 si
901 2802 1054 2886 quid
1099 2823 1304 2885 secus,
1359 2805 1425 2866 te
1471 2802 1550 2866 ad
1595 2824 1695 2866 me
1740 2824 1878 2867 esse
1927 2806 2277 2867 venturum.

183 2919 242 2957 so
269 2889 541 2975 Angunt
598 2912 700 2954 me
757 2889 1191 2955 dubitationes
1248 2894 1424 2971 tuae3
1486 2890 1677 2953 simul
1735 2894 1801 2954 et
1857 2890 2058 2975 vides,
2120 2913 2278 2975 quas

271 2978 620 3062 acceperim
663 2978 931 3042 litteras
1021 2976 1218 3063 Nam,
1277 3000 1437 3062 quas
1492 2977 1835 3042 Hermonis
1890 2979 2278 3043 centurionis

270 3066 523 3131 caculae
567 3067 704 3149 ipse
750 3066 978 3130 scribis
1021 3071 1085 3130 te
1127 3066 1391 3149 dedisse,
1436 3087 1568 3129 non
1608 3066 1833 3149 accepi.
1898 3065 2094 3130 Laeni
2133 3088 2280 3150 pue-

270 3154 362 3218 ris
407 3158 472 3218 te
518 3154 765 3219 dedisse
812 3176 996 3238 saepe
1042 3154 1122 3218 ad
1165 3176 1267 3218 me
1316 3153 1676 3236 scripseras.
1759 3153 1890 3218 Eas
1936 3152 2282 3219 Laodiceae

270 3243 570 3326 denique,
624 3263 773 3306 ⁴cum
818 3264 893 3308 eo
938 3242 1278 3327 venissem,
1340 3259 1415 3305 111
1464 3241 1613 3306 Idus
1659 3240 1960 3306 Februar.
2007 3240 2281 3306 Laenius

182 3357 239 3398 35
270 3330 433 3394 mihi
467 3329 740 3394 reddidit
788 3330 968 3394 datas
1015 3353 1067 3394 a.
1106 3330 1161 3394 d.
1198 3347 1246 3394 x
1282 3328 1424 3394 Kal.
1464 3328 1772 3394 Octobres
1862 3328 2098 3394 Laenio
2137 3334 2283 3394 tuas

270 3418 850 3483 commendationes
889 3422 954 3483 et
988 3418 1212 3482 statim
1247 3417 1460 3482 verbis
1497 3423 1562 3482 et
1598 3417 1845 3502 reliquo
1893 3422 2178 3501 tempore
2214 3440 2282 3482 re

270 3506 578 3590 probabo·
667 3505 799 3570 Eae
852 3506 1107 3570 litterae
1160 3510 1371 3571 cetera
1417 3509 1632 3571 vetera
1670 3505 2032 3588 habebant,
2086 3527 2286 3569 unum
2323 3524 2353 3569 ὁ
