2642 3923
267 361 304 410 4

276 3272 304 3319 1

338 200 472 265 272
979 198 1053 254 Μ.
1092 198 1306 253 TULLI
1342 197 1719 255 CICERONIS

475 341 616 426 Sed,
653 346 893 426 quanta
921 346 1270 426 tempestas
1307 342 1687 426 impendeat,
1724 342 1919 408 vides.
1994 341 2117 418 Qui
2153 346 2364 408 trans·

342 431 535 496 ierint
590 435 946 515 senatores,
1001 431 1275 495 scribam
1333 431 1412 494 ad
1465 434 1557 514 te,
1601 452 1749 495 cum
1794 435 2042 495 certum
2087 431 2358 498 habeb0.

342 517 440 583 De
484 541 552 583 re
597 518 1016 584 frumentaria
1068 523 1241 583 recte
1297 519 1650 604 intellegis,
1709 541 1871 604 quae
1929 520 2110 584 nullo
2167 520 2359 585 modo

342 606 775 672 administrari
829 607 967 671 sine
1011 607 1436 692 vectigalibus
1496 612 1739 693 potest3
1797 628 1915 672 nec
1973 608 2111 672 sine
2169 629 2361 672 causa

342 700 407 760 et
452 716 590 781 eos,
645 696 758 779 qui
802 697 1042 760 circum
1097 695 1281 759 illum
1338 700 1515 779 sunt,
1576 696 1792 760 omnia
1843 696 2246 779 postulantes
2292 701 2361 760 et
2418 722 2444 763 ε

341 783 584 848 bellum
627 784 942 848 nefarium
988 784 1195 848 times.
1285 783 1661 848 Trebatium
1712 788 2036 869 nostrum,
2090 785 2240 868 etsi,
2283 789 2361 848 ut

343 872 568 936 scribis
575 921 594 955 ,
650 871 817 936 nihil
873 872 1033 936 bene
1091 875 1334 956 sperat,
1393 875 1609 936 tamen
1666 872 1879 937 videre
1939 894 2090 936 sane
2147 872 2359 938 velim.

344 958 545 1035 Quem
596 960 698 1025 fac
755 959 1060 1044 horteriS‚
1113 963 1188 1024 ut
1241 964 1568 1045 properet3
1637 966 1996 1044 opportune
2056 963 2225 1025 enim
2280 960 2360 1024 ad

343 1070 447 1113 me
524 1053 672 1112 ante
751 1048 1093 1113 adventum
1161 1045 1454 1113 Caesaris
1512 1049 1773 1113 venerit.
1863 1048 1963 1114 De
2007 1049 2361 1130 LanuvinO,

344 1139 566 1201 statim
612 1140 686 1201 ut
733 1136 948 1200 audivi
993 1135 1338 1200 Phameam
1381 1140 1727 1219 mortuum,
1774 1137 2018 1220 optavi,
2066 1137 2121 1201 si
2168 1137 2357 1201 modo
2388 1163 2443 1203 ιο

343 1229 511 1290 esset
554 1225 774 1289 futura
817 1246 919 1289 res
966 1224 1239 1308 publica,
1283 1230 1360 1289 ut
1403 1225 1471 1288 id
1507 1224 1740 1309 aliquis
1778 1229 2015 1290 emeret
2050 1247 2358 1310 meorum,

343 1334 549 1397 neque
606 1316 822 1377 tamen
882 1313 957 1377 de
1015 1316 1108 1397 te,
1169 1314 1279 1396 qui
1338 1312 1613 1377 maxime
1669 1334 1851 1377 meus
1908 1332 1996 1398 es,
2059 1314 2357 1398 cogitavi.

345 1398 636 1466 Sciebam
686 1402 860 1465 enim
911 1405 979 1466 te
1033 1401 1267 1484 ‘quoto
1323 1401 1524 1466 anno'
1578 1405 1643 1465 et
1689 1400 2034 1485 ‘quantum
2079 1402 2150 1465 in
2194 1401 2357 1466 solo’

344 1490 551 1554 solere
596 1510 899 1572 quaerere
949 1511 1157 1573 neque
1215 1489 1426 1554 solum
1478 1488 1749 1575 Romae,
1807 1489 1917 1554 sed
1975 1490 2168 1553 etiam
2211 1488 2360 1554 Deli

343 1583 530 1642 tuum
601 1577 922 1663 digamma
991 1577 1288 1642 videram.
1394 1577 1634 1642 Verum
1705 1581 1923 1643 tamen
1995 1599 2114 1663 ego
2180 1578 2358 1662 illud,
2391 1606 2441 1645 15

345 1688 732 1750 quamquam
777 1670 876 1730 est
919 1665 1188 1751 bellum,
1245 1665 1514 1730 minoris
1569 1666 1865 1750 aestimo,
1925 1688 2118 1750 quam
2173 1668 2360 1731 aesti-

343 1754 642 1819 mabatur
688 1753 1059 1818 Marcellino
1113 1754 1400 1839 consule,
1462 1775 1607 1818 cum
1662 1775 1780 1839 ego
1839 1754 2002 1818 istos
2060 1754 2357 1819 hortulos

345 1846 609 1927 propter
654 1842 914 1907 domum
959 1842 1306 1926 antiquam,
1352 1863 1541 1924 quam
1585 1845 1725 1906 tum
1764 1842 2096 1926 habebam,
2142 1844 2358 1907 iucun-

346 1931 553 1997 diores
600 1930 758 1996 mihi
804 1931 944 1996 fore
1001 1930 1308 2015 putabam
1363 1935 1427 1995 et
1485 1931 1730 1996 minore
1789 1931 2106 2016 impensa,
2165 1954 2358 2017 quam

346 2021 403 2085 si
465 2020 895 2084 Tusculanum
958 2020 1334 2084 refecissem.
1425 2019 1623 2084 Volui
1685 2018 1815 2085 HS.
1879 2018 1951 2097 Q.
2048 2020 2180 2105 Egi
2243 2043 2357 2104 per
2385 2048 2438 2088 ιο

344 2110 391 2193 †
415 2108 699 2193 predum,
744 2106 855 2172 ille
900 2107 1080 2172 daret
1124 2108 1308 2192 tanti,
1357 2129 1550 2192 quom
1596 2107 1862 2173 haberet
1906 2109 2142 2173 venale.
2226 2107 2358 2173 No·

343 2197 486 2262 luit.
559 2194 683 2260 Sed
739 2217 909 2260 nunc
969 2196 1183 2261 omnia
1235 2196 1365 2259 ista
1419 2196 1622 2261 iacere
1665 2200 1826 2280 puto
1870 2201 2135 2281 propter
2177 2218 2357 2262 num-

344 2307 593 2350 morum
641 2284 987 2349 caritatem.
1077 2283 1242 2348 Mihi
1301 2284 1558 2367 quidem
1617 2284 1739 2348 erit
1795 2284 2203 2368 aptissimum
2255 2286 2357 2349 vel

343 2374 532 2439 nobis
589 2373 834 2457 potius,
894 2373 950 2436 si
1007 2376 1082 2436 tu
1141 2374 1398 2456 emeris3
1458 2372 1568 2437 sed
1617 2370 1901 2436 eiusdem
1936 2370 2168 2435 Antias
2207 2395 2356 2438 cave

344 2466 729 2526 contemnas.
783 2458 987 2524 Valde
1023 2464 1120 2524 est
1155 2464 1517 2525 venustum.
1591 2460 1988 2545 Quamquam
2031 2461 2193 2525 mihi
2230 2463 2357 2526 ista
2384 2488 2437 2530 25

346 2550 560 2616 omnia
606 2549 732 2613 iam
779 2548 1030 2612 addicta
1074 2549 1369 2612 vastitati
1415 2549 1728 2614 videntur.

475 2636 802 2721 Respondi
849 2636 1145 2721 epistulis
1191 2636 1424 2722 tribuS,
1470 2637 1579 2701 sed
1623 2642 1923 2721 exspecto
1970 2637 2153 2721 alias;
2207 2659 2357 2702 nam

344 2749 445 2791 me
492 2726 696 2790 adhuc
749 2729 898 2789 tuae
950 2725 1202 2789 litterae
1257 2729 1719 2790 sustentarunt.
1810 2724 1887 2790 D.
1935 2724 2357 2790 Liberalibus

1309 2900 1389 2965 X.

643 3023 754 3079 Ser.
795 3025 858 3077 in
895 3022 1199 3077 Formiano
1237 3020 1362 3075 XV
1392 3022 1466 3076 K.
1504 3023 1643 3092 Apr.
1681 3040 1732 3077 a.
1775 3025 1884 3077 705
1923 3025 2061 3091 (49).
2385 3034 2437 3074 ευ

936 3144 1226 3201 CICERO
1260 3143 1553 3199 ATTICO
1588 3145 1751 3201 SAL.

475 3254 663 3321 Nihil
702 3255 1037 3339 habebam,
1082 3254 1253 3338 quod
1298 3253 1656 3318 scriberem.
1728 3251 1955 3338 Neque
1991 3253 2160 3318 enim
2204 3254 2354 3318 novi

347 3344 685 3428 quicquam
746 3343 1067 3407 audieram
1135 3346 1199 3407 et
1259 3342 1339 3405 ad
1405 3346 1553 3406 tuas
1624 3364 1842 3407 omnes
1911 3342 2358 3426 rescripseram

344 3431 566 3515 pridie.
666 3430 815 3513 Sed,
885 3452 1029 3494 cum
1092 3451 1195 3494 me
1259 3430 1594 3515 aegritudo
1662 3452 1796 3496 non
1856 3430 2066 3495 solum
2132 3452 2355 3495 somno

345 3521 645 3601 privaret,
689 3539 907 3580 verum
943 3539 1023 3580 ne
1060 3518 1329 3601 vigilare
1366 3519 1621 3602 quidem
1668 3519 1805 3583 sine
1852 3540 2099 3583 summo
2138 3518 2356 3583 dolore
2384 3546 2438 3587 35
