2642 3923
291 755 312 801 1

351 172 484 237 510
990 173 1065 228 M.
1105 173 1318 228 TULLI
1356 172 1731 229 CICERONIS

1210 384 1372 451 XIII
1393 384 1504 473 (a).

777 506 889 563 Ser.
918 508 1134 577 Aquini
1167 506 1266 561 IV
1294 508 1382 562 Id.
1413 508 1554 562 Nov.
1582 525 1635 563 a.
1667 511 1775 563 710
1814 512 1947 577 (44).

956 630 1244 685 CICERO
1278 631 1569 686 ATTICO
1604 632 1768 687 SAL.

486 735 540 801 Ο
605 759 822 802 casum
875 739 1244 804 mirificum!
1318 757 1366 801 v
1418 737 1569 805 Idus
1623 762 1767 804 cum
1824 745 1971 805 ante
2026 741 2235 804 lucem
2297 740 2382 806 de

357 823 743 890 Sinuessano
798 827 1214 892 surrexissem
1268 828 1707 912 venissemque
1762 829 2040 893 diluculo
2089 828 2170 891 ad
2213 851 2382 912 pon·
2447 858 2475 897 5

354 919 485 987 tem
528 914 852 1000 Tirenum,
897 915 1007 998 qui
1053 920 1153 979 est
1196 915 1575 1001 MenturniS,
1620 916 1689 981 in
1737 938 1862 1000 quo
1911 916 2114 981 flexus
2151 921 2250 980 est
2294 918 2378 980 ad

355 1003 476 1066 iter
537 1002 846 1088 ArpinaS,
918 1002 1173 1066 obviam
1244 1004 1405 1067 mihi
1470 1005 1546 1067 fit
1610 1005 2014 1090 tabellarius3
2088 1005 2201 1088 qui
2266 1027 2378 1069 me

355 1090 620 1155 offendit
675 1091 969 1174 (δολιχὸν
1020 1094 1232 1157 πλόον
1287 1093 1731 1177 ὁρμαίνοντα’.
1823 1093 1914 1156 At
1968 1114 2087 1178 ego
2144 1094 2376 1156 statim

354 1178 594 1265 ‘Cedo’,
646 1180 936 1264 inquam,
992 1179 1071 1243 ‘si
1124 1180 1278 1263 quid
1325 1179 1406 1244 ab
1451 1180 1712 1245 Attico?
1804 1178 2106 1245 Nondum
2151 1180 2375 1265 legere

352 1272 746 1352 poteramus3
790 1289 941 1331 nam
976 1271 1040 1330 et
1074 1268 1320 1333 lumina
1356 1268 1817 1352 dimiseramus,
1852 1290 1968 1333 nec
2005 1268 2160 1332 satis
2200 1268 2374 1332 luce-
2407 1296 2465 1334 ιο

355 1357 480 1421 bat.
555 1353 717 1420 Cum
762 1361 974 1419 autem
1019 1356 1276 1440 luceret,
1323 1361 1472 1421 ante
1509 1358 1748 1440 scripta
1786 1357 2059 1441 epistula
2096 1378 2174 1420 ex
2214 1357 2374 1421 dua-

354 1445 474 1508 bus
518 1443 649 1507 tuis
693 1444 870 1527 prior
914 1443 1074 1507 mihi
1119 1444 1249 1530 legi
1295 1449 1521 1529 coepta
1558 1450 1672 1509 est.
1746 1444 1867 1509 Illa
1904 1445 2190 1508 omnium
2229 1446 2372 1528 qui-

353 1532 494 1596 dem
540 1531 1031 1617 elegantissima.
1105 1530 1206 1596 Ne
1250 1533 1373 1596 sim
1419 1533 1653 1617 salvus,
1700 1534 1754 1597 si
1801 1533 1986 1597 aliter
2034 1532 2245 1597 scribo
2295 1555 2374 1597 ac

354 1621 577 1685 sentio.
659 1618 844 1684 Nihil
886 1620 1016 1704 legi
1060 1620 1421 1686 humanius.
1494 1619 1721 1705 Itaque
1766 1621 2034 1706 veniam,
2080 1643 2209 1704 quo
2257 1643 2374 1685 vo-

353 1731 476 1793 caS,
521 1708 708 1773 modo
755 1708 1043 1772 adiutore
1097 1713 1177 1772 te.
1273 1709 1397 1773 Sed
1439 1710 1604 1773 nihil
1651 1714 1785 1773 tam
1834 1709 2374 1793 ἀπροςὸιόνυσον
2402 1736 2452 1775 15

352 1798 511 1861 mihi
575 1797 785 1881 primo
850 1797 1187 1860 videbatur
1241 1819 1433 1880 quam
1490 1799 1570 1862 ad
1626 1818 1731 1861 cas
1784 1798 2064 1881 litteraS,
2131 1798 2373 1879 quibus

353 1907 472 1970 ego
529 1908 565 1948 a
618 1889 685 1949 te
738 1885 1077 1949 consilium
1120 1885 1455 1970 petieram,
1511 1891 1576 1951 te
1619 1886 1780 1950 mihi
1827 1886 1954 1949 ista
1996 1885 2369 1950 rescribere.

352 1975 517 2039 Ecce
579 1975 703 2038 tibi
768 1974 995 2059 altera,
1051 1996 1177 2057 qua
1238 1974 1520 2038 hortaris
1582 1973 1746 2059 ‘avoco'
1814 1975 2175 2059 ἠνεμόεντα
2232 1979 2371 2038 Μί-

350 2087 591 2148 μαντα,
645 2064 855 2145 νήσου
915 2060 1019 2126 ἐπὶ
1076 2062 1382 2146 Ψυρίης’,
1442 2061 1720 2147 Appiam
1768 2063 2011 2127 scilicet
2058 2060 2170 2127 ’ἐπ’
2222 2062 2373 2147 ἀρι-

354 2150 517 2236 στέρ’
569 2151 842 2235 ἔχοντα’.
907 2148 1131 2233 Itaque
1167 2171 1242 2214 eo
1280 2151 1381 2215 die
1417 2151 1624 2214 mansi
1660 2150 1920 2234 Aquini.
1995 2149 2371 2236 Longulum
2398 2178 2449 2217 πο

352 2261 502 2304 sane
559 2241 683 2303 iter
738 2242 801 2302 et
854 2238 959 2301 via
1011 2239 1191 2302 mala.
1296 2237 1449 2303 Inde
1507 2239 1817 2322 postridie
1873 2260 2059 2302 mane
2112 2239 2371 2322 profici-

352 2349 532 2393 scens
576 2327 694 2390 has
741 2327 989 2390 litteras
1038 2326 1194 2390 dedi.

1168 2518 1327 2584 XIII
1347 2543 1384 2584 a
1432 2518 1547 2607 (b).

684 2639 796 2696 Ser.
825 2642 889 2695 in
925 2642 1192 2710 Arpinati
1225 2641 1338 2695 III
1366 2642 1453 2695 Id.
1484 2641 1624 2696 Nov.
1656 2659 1704 2695 a.
1740 2644 1847 2695 710
1888 2645 2020 2708 (44).

951 2762 1238 2819 CICERO
1271 2763 1565 2818 ATTIGO
1600 2763 1763 2818 SAL.
2401 2779 2452 2818 25

479 2872 517 2914 ¹⁸
553 2871 592 2912 ‘²‘
624 2871 663 2912 ‘²‘
711 2875 775 2935 et
821 2872 1093 2956 quidem,
1139 2875 1213 2935 ut
1259 2894 1297 2935 a
1343 2895 1443 2935 me
1493 2871 1881 2935 dimitterem
1920 2871 2373 2959 invitissimuS,

348 2961 635 3024 fecerunt
679 2959 901 3024 Erotis
947 2961 1216 3024 litterae.
1290 2958 1454 3023 Rem
1499 2960 1622 3023 tibi
1667 2957 1819 3023 Tiro
1865 2960 2170 3023 narrabit.
2249 2960 2372 3046 Tu,

350 3049 504 3134 quid
549 3048 908 3112 faciendum
947 3049 1049 3128 sit,
1095 3048 1356 3113 videbis.
1449 3046 1801 3131 Praeterea,
1848 3047 2174 3130 possimne
2219 3071 2372 3130 pro-

352 3138 493 3221 pius
532 3137 823 3201 accedere
852 3134 1048 3223 (malo
1088 3137 1258 3200 enim
1296 3157 1434 3200 esse
1469 3136 1538 3199 in
1565 3135 1923 3200 Tusculano
1962 3140 2074 3199 aut
2110 3137 2369 3219 uspiam

351 3228 417 3289 in
472 3223 898 3311 suburbano),
955 3247 1034 3287 an
1090 3225 1284 3288 etiam
1337 3223 1594 3308 longius
1654 3223 2098 3287 discedendum
2158 3229 2369 3308 putes,
2399 3256 2453 3293 30

348 3313 569 3378 crebro
627 3313 706 3375 ad
750 3333 853 3376 me
897 3312 1092 3376 velim
1139 3312 1396 3376 scribas,
1489 3312 1637 3375 Erit
1684 3317 1896 3375 autem
1944 3311 2206 3396 cotidie,
2261 3315 2368 3376 cui

282 3417 308 3462 ·2
347 3401 474 3464 des.
568 3399 751 3475 Quod
805 3405 1130 3482 praeterea
1184 3401 1493 3483 consuliS,
1550 3399 1702 3483 quid
1759 3399 1880 3463 tibi
1937 3421 2227 3463 censeam
2274 3401 2365 3463 fa—

347 3487 675 3572 ciundum,
733 3487 992 3551 difficile
1036 3491 1161 3573 est,
1220 3510 1366 3552 cum
1413 3487 1633 3553 absim.
1726 3486 1967 3551 Verum
2012 3492 2244 3570 tamen,
2308 3490 2365 3552 si
