2642 3923
331 197 460 261 408
971 197 1043 252 Μ.
1083 197 1297 252 TULLI
1335 196 1715 253 CICERONIS

332 339 720 424 Semperque
767 339 1119 405 Carneades
1163 343 1504 424 προβολὴν
1548 341 1790 426 pugilis
1829 346 1894 406 et
1931 343 2353 406 retentionem

331 428 591 513 aurigae
635 428 912 492 similem
947 429 1103 493 facit
1141 429 1357 515 ἐποχῇ.
1431 428 1743 493 Inhibitio
1783 435 1998 494 autem
2035 430 2355 515 remigum

331 522 573 583 motum
633 515 830 581 habet
884 521 949 581 et
1002 516 1543 582 vehementiorem
1598 518 1854 600 quidem
1908 519 2352 603 remigationis

330 626 558 669 navem
622 605 1055 670 convertentis
1118 605 1199 670 ad
1261 606 1547 689 puppim.
1641 604 1867 691 Vides,
1932 610 2174 691 quanto
2227 606 2354 670 hoc

332 692 707 778 diligentius
747 714 961 758 curem
998 716 1191 778 quam
1226 697 1341 757 aut
1378 694 1454 759 de
1490 715 1747 758 rumore
1783 699 1896 758 aut
1934 696 2011 759 de
2041 694 2353 779 Pollione,
2411 721 2440 762 5

332 782 408 845 de
441 781 653 845 Pansa
700 782 913 864 etiam,
959 782 1016 845 si
1055 782 1208 865 quid
1245 783 1482 846 certius
1519 781 1736 869 (credo
1776 784 1945 846 enim
1980 783 2192 866 palam
2227 783 2354 847 fac-

330 873 471 933 tum
526 867 719 955 esse),
780 871 858 933 de
911 868 1233 956 Critonio,
1293 871 1351 934 si
1406 870 1559 954 quid
1613 872 1661 951 †
1695 874 1863 934 esset
1918 876 2088 935 certe
2141 893 2222 935 ne
2278 871 2355 934 de

332 956 593 1022 Metello
642 962 706 1022 et
751 957 1043 1023 Balbino.
1972 978 1975 981 ’

1245 1133 1455 1198 XXIa.

507 1254 622 1310 Ser.
650 1256 716 1309 in
752 1255 1021 1322 Arpinati
1048 1256 1198 1323 prid.
1231 1255 1305 1309 K.
1336 1262 1437 1310 aut
1473 1255 1547 1310 K.
1583 1256 1770 1326 Quint.
1800 1273 1853 1310 a.
1886 1259 1997 1311 709
2034 1259 2172 1323 (45).
2387 1268 2442 1307 10

940 1376 1230 1433 CICERO
1264 1377 1557 1434 ATTICO
1592 1378 1760 1434 SAL.

177 1504 204 1551 1
242 1504 304 1556 (ι)
464 1483 585 1549 Dic
629 1484 810 1569 mihi,
854 1485 1145 1569 placetne
1179 1486 1302 1550 tibi
1340 1487 1621 1570 primum
1659 1487 1841 1551 edere
1877 1485 2128 1551 iniussu
2164 1486 2353 1549 meo?

332 1573 474 1638 Hoc
525 1595 606 1637 ne
651 1572 1090 1638 Hermodorus
1137 1574 1397 1658 quidem
1438 1576 1745 1659 faciebat,
1800 1576 1857 1638 is
1906 1574 2017 1658 qui
2060 1573 2355 1637 Platonis

331 1662 535 1726 libros
589 1662 821 1727 solitus
876 1666 975 1727 est
1029 1662 1390 1749 divulgare,
1449 1685 1525 1727 ex
1587 1685 1715 1747 quo
1762 1664 2087 1745 (λόγοισιν
2127 1660 2356 1746 Ἑρμό-

334 1750 588 1836 dmoog'.
687 1748 898 1826 Quid?
971 1750 1133 1814 illud
1204 1755 1533 1815 rectumne
1604 1751 1933 1815 existimas
2007 1750 2357 1834 quoiquam
2384 1778 2438 1818 15

333 1844 477 1903 ame
520 1859 709 1920 quam
751 1837 976 1924 Bruto,
1020 1840 1122 1903 cui
1170 1840 1246 1903 de
1291 1843 1551 1905 auctore
1587 1839 2004 1924 προςφωνῶῗ
2080 1835 2355 1921 Scripsit

335 1926 504 1992 enim
547 1925 788 1992 Balbus
845 1927 924 1991 ad
968 1949 1070 1992 me
1126 1948 1193 1992 se
1248 1949 1285 1990 a
1340 1932 1406 1992 te
1462 1927 1761 2012 quintum
1817 1928 1919 1992 ‘de
1972 1926 2235 1991 finibus'
2278 1925 2353 1989 li-

334 2016 522 2080 brum
568 2015 1005 2101 descripsisse3
1052 2017 1120 2080 in
1166 2038 1293 2100 quo
1332 2038 1462 2082 non
1502 2038 1652 2080 sane
1688 2017 1895 2080 multa
1931 2016 2196 2101 mutavi,
2239 2015 2353 2079 sed

334 2108 550 2168 tamen
604 2104 930 2187 quaedam.
1020 2102 1120 2167 Tu
1165 2108 1383 2169 autem
1426 2106 1756 2169 commode
1801 2105 2053 2188 feceriS,
2113 2105 2168 2167 si
2210 2102 2353 2166 reli-

336 2214 498 2276 quos
552 2192 971 2276 continueris.
1024 2214 1104 2256 ne
1160 2196 1225 2257 et
1279 2192 1664 2277 ἀδιόρθωτα
1718 2192 1953 2257 habeat
1998 2192 2241 2256 Balbus
2290 2210 2356 2255 et
2384 2219 2442 2258 20

335 2281 507 2345 ἕωλα
543 2280 801 2344 Brutus.
869 2278 995 2344 Sed
1037 2280 1194 2344 haec
1232 2279 1559 2365 haetenus,
1596 2303 1676 2345 ne
1713 2281 1929 2345 videar
1965 2283 2044 2345 ’πε
2095 2279 2118 2344 ὶ
2155 2281 2357 2364 μικρὰ

336 2369 747 2448 σπουδάζειν.
855 2367 1004 2431 Etsi
1069 2390 1239 2433 nunc
1307 2369 1562 2452 quidem
1627 2370 1907 2433 maxima
1975 2304 2137 2432 mihi
2205 2372 2358 2431 sunt

333 2457 516 2521 haec·
564 2456 719 2540 quid
764 2460 863 2521 est
908 2457 1079 2520 enim
1126 2457 1344 2521 aliud?

467 2508 748 2610 liar-roni
802 2544 1059 2628 quidem
1114 2566 1276 2628 quae
1332 2546 1558 2629 scripsi
1618 2549 1684 2609 te
1730 2548 2017 2628 auctore,
2071 2544 2165 2607 ita
2211 2565 2360 2627 pro-

336 2655 489 2717 pero
526 2633 802 2718 mittere,
845 2637 921 2696 ut
955 2632 1085 2697 iam
1121 2632 1395 2697 Romam
1429 2633 1717 2697 miserim
1753 2631 2182 2697 describenda.
2257 2631 2359 2695 Ea
2385 2660 2441 2701 25

337 2722 394 2786 si
455 2722 660 2807 voles,
724 2721 947 2785 statim
998 2720 1283 2785 habebis.
1378 2720 1620 2805 Scripsi
1676 2722 1847 2784 enim
1902 2721 1981 2783 ad
2034 2720 2358 2804 librarios,

336 2814 412 2874 ut
464 2811 645 2874 fieret
703 2810 864 2895 tuis,
919 2810 975 2873 si
1019 2813 1094 2873 tu
1138 2810 1336 2875 velles
1345 2861 1363 2894 ,
1419 2809 1817 2873 describendi
1862 2813 2166 2892 potestas
2259 2807 2359 2872 Ea

335 2920 486 2962 vero
534 2897 920 2979 continebiS,
975 2899 1187 2981 quoad
1231 2898 1370 2981 ipse
1415 2903 1481 2962 te
1525 2897 1801 2982 videam3
1872 2897 2046 2980 quod
2091 2896 2358 2981 diligen-

338 2986 586 3050 tissime
629 2987 836 3051 facere
894 2987 1088 3071 soles,
1144 3008 1288 3049 cum
1336 3009 1373 3050 a
1419 3008 1520 3050 me
1564 2986 1688 3050 tibi
1735 2986 1983 3049 dictum
2029 2988 2142 3048 est.
2237 2984 2361 3049 Sed

196 3093 228 3140 2
249 3092 310 3144 ‹5›
335 3076 536 3140 nescio
591 3097 718 3158 quo
766 3074 955 3138 modo
1004 3078 1192 3138 antea
1236 3074 1411 3159 fugit
1456 3096 1556 3138 me
1602 3074 1721 3137 tibi
1771 3073 1993 3138 dicere.
2085 3072 2359 3137 Mirifice
2384 3100 2443 3139 zo

339 3162 651 3228 Caerellia
679 3163 894 3227 studio
921 3163 1215 3227 videlicet
1241 3161 1687 3246 philosophiae
1714 3161 1994 3247 flagrans
2024 3160 2360 3247 [describit

339 3274 377 3315 a
420 3250 579 3334 tuis]
628 3251 790 3315 istos
835 3251 1012 3333 ipsos
1060 3251 1159 3315 ‘de
1204 3251 1467 3315 finibus’
1513 3249 1724 3314 habet.
1798 3250 1945 3335 Ego
1983 3254 2200 3314 autem
2235 3249 2360 3312 tibi

338 3338 644 3403 confirmo
692 3336 987 3423 (possum
1031 3338 1172 3403 falli
1218 3343 1293 3403 ut
1339 3337 1563 3426 homo)
1604 3361 1641 3403 a
1684 3339 1845 3403 meis
1892 3360 2032 3403 eam
2074 3359 2207 3403 non
2251 3335 2359 3400 ha-

336 3425 514 3510 bere3
576 3446 927 3508 numquam
982 3427 1152 3490 enim
1209 3427 1288 3492 ab
1339 3427 1540 3492 oculis
1586 3427 1746 3492 meis
1792 3427 2107 3491 afuerunt.
2199 3424 2361 3489 Tan·

339 3516 480 3574 tum
533 3534 728 3596 porro
783 3513 1032 3598 aberat,
1090 3518 1164 3578 ut
1217 3515 1407 3581 binos
1462 3517 1839 3598 scriberent3
1901 3516 2011 3580 vix
2067 3514 2359 3599 singulos
2388 3539 2447 3581 ss
