2642 3923
358 198 492 261 464
1003 199 1076 252 M.
1108 198 1323 253 TULLI
1359 197 1739 254 CICERONIS

361 342 480 429 rei,
535 342 643 408 sed
698 343 902 407 totius
958 343 1331 407 consulatus
1388 343 1506 406 sui.
1598 341 1763 407 Cum
1816 341 2103 407 Antonio
2166 346 2390 407 autem

362 431 453 495 sio
499 453 780 517 agemuS,
827 434 901 495 ut
946 432 1313 514 perspiciat,
1361 431 1417 494 si
1463 431 1532 494 in
1578 452 1652 495 eo
1688 431 1954 514 negotio
1991 431 2181 494 nobis
2221 431 2387 495 satis

359 519 608 602 fecerit,
672 524 884 584 totum
939 541 1041 583 me
1095 521 1388 583 futurum
1448 541 1651 583 suum.
1742 517 2143 583 Dolabellam
2192 541 2384 602 spero

361 608 533 672 domi
578 629 735 672 esse.

288 712 322 761 8
492 695 847 760 Redeamus
895 696 976 760 ad
1019 700 1297 761 nostros.
1370 693 1468 760 De
1515 696 1750 779 quibus
1797 700 1872 760 tu
1917 696 2154 760 bonam
2202 718 2386 779 spem
2443 724 2473 764 ⁵

360 788 424 858 te
488 784 812 869 significas
875 783 1109 849 habere
1171 788 1437 868 propter
1490 785 1843 849 edictorum
1894 784 2385 848 humanitatem.

358 856 503 957 Ego
559 877 774 937 autem
827 873 1147 957 perspexi,
1204 894 1347 936 oum
1405 896 1443 936 a
1497 894 1600 935 me
1645 891 1794 936 xvn
1838 873 1980 937 Kal.
2030 873 2105 936 de
2149 872 2386 937 Puteo-

359 960 506 1025 lano
553 959 895 1044 Neapolim
937 959 1183 1024 Pansae
1243 960 1659 1026 conveniendi
1718 982 1910 1026 causa
1955 961 2386 1044 proficiscere-

358 1052 469 1113 tur
512 1048 790 1135 Hirtius,
837 1071 1088 1113 omnem
1134 1050 1272 1113 eius
1320 1070 1596 1114 sensum.
1690 1047 1925 1114 Seduxi
1974 1050 2144 1113 enim
2190 1053 2254 1113 et
2302 1049 2384 1113 ad

360 1159 579 1220 paoem
642 1160 784 1201 sum
839 1136 1229 1201 cohortatus,
1332 1137 1484 1202 Non
1537 1142 1793 1221 poterat
1849 1138 2092 1202 scilicet
2146 1158 2384 1222 negare
2413 1167 2471 1206 ιο

364 1247 431 1290 se
475 1226 637 1290 velle
683 1247 921 1310 pacem,
968 1225 1077 1288 sed
1120 1248 1254 1289 non
1296 1227 1509 1289 minus
1557 1247 1624 1290 se
1668 1230 2040 1291 nostrorum
2086 1248 2261 1290 arma
2296 1226 2386 1289 ti-

362 1336 532 1377 mere
580 1336 772 1397 quam
816 1312 1083 1400 Antoni,
1127 1318 1192 1378 et
1237 1318 1457 1378 tamen
1501 1319 1811 1399 utrosque
1846 1335 1980 1378 non
2016 1314 2152 1378 sine
2189 1336 2385 1378 causa

361 1402 749 1485 praesidium
801 1401 1063 1485 habere,
1129 1424 1197 1466 se
1252 1407 1467 1466 autem
1522 1407 1794 1486 utraque
1850 1425 2026 1467 arma
2079 1407 2383 1469 metuere.

363 1489 529 1566 Quid
576 1491 877 1574 quaeris?
951 1487 1153 1555 οὐδὲν
1195 1489 1394 1574 ὑγιές.

291 1593 326 1642 4
494 1576 591 1642 De
639 1577 879 1655 Quinto
924 1578 1060 1642 filio
1106 1579 1232 1642 tibi
1277 1578 1616 1644 adsentior.
1689 1578 1868 1644 Patri
1916 1579 2172 1664 quidem
2209 1583 2384 1644 certe
2414 1608 2465 1649 15

362 1667 767 1751 gratissimae
839 1667 1042 1731 bellae
1113 1671 1262 1732 tuae
1335 1667 1589 1732 litterae
1650 1668 1927 1733 fuerunt.
2032 1665 2385 1733 Caerelliae

359 1777 510 1819 vero
574 1756 760 1820 facile
824 1756 981 1819 satis
1045 1755 1196 1838 feci3
1258 1777 1376 1819 neo
1435 1756 1620 1820 valde
1676 1756 1969 1820 laborare
2023 1756 2186 1820 mihi
2239 1757 2384 1820 visa

361 1847 475 1926 est,
521 1848 603 1929 et,
650 1845 706 1907 si
750 1843 881 1927 illa,
927 1865 1047 1929 ego
1095 1847 1263 1908 certe
1307 1865 1442 1908 non
1486 1845 1862 1909 laborarem.
1954 1843 2158 1909 Istam
2203 1867 2382 1928 vero,

362 1953 550 2015 quam
607 1932 731 1996 tibi
785 1932 1124 1997 molestam
1179 1932 1407 1997 scribis
1461 1954 1627 2018 esse,
1691 1933 1975 1998 auditam
2033 1956 2070 1997 a
2128 1937 2195 1999 te
2241 1955 2384 1998 esse
2488 1965 2503 1980 =

363 2021 623 2085 omnino
681 2021 972 2085 demiror.
1073 2019 1270 2105 Nam,
1338 2021 1510 2105 quod
1565 2044 1704 2086 eam
1767 2021 2145 2086 conlaudavi
2208 2023 2383 2105 apud
2412 2051 2465 2090 20

361 2110 598 2173 amicos
659 2109 1066 2173 audientibus
1112 2109 1324 2173 tribus
1369 2110 1521 2172 filiis
1568 2111 1705 2174 eius
1752 2114 1818 2175 et
1864 2110 1998 2174 filia
2042 2115 2184 2196 tua,
2237 2111 2283 2194 †
2302 2111 2380 2176 τὸ

361 2197 431 2262 ἐκ
475 2197 718 2262 τούτου
767 2198 921 2281 quid
966 2201 1065 2262 est
1109 2197 1274 2262 hoo?

555 2319 782 2397 ‘Quid
836 2325 958 2385 est
1012 2326 1289 2404 autem,
1351 2343 1481 2386 our
1526 2342 1664 2407 ego
1724 2324 2186 2407 personatus

1153 2410 1590 2474 ambulem?

288 2567 321 2614 5
357 2549 673 2615 Parumne
736 2551 922 2615 foeda
984 2572 1258 2634 persona
1314 2555 1413 2615 est
1469 2550 1672 2633 ipsius
1731 2552 2123 2617 senectutis?
2197 2552 2382 2629 Quod
2411 2579 2466 2621 25

358 2638 600 2704 Brutus
658 2643 873 2723 rogat,
935 2644 1008 2703 ut
1055 2643 1202 2702 ante
1248 2638 1596 2723 Kalendas,
1652 2639 1733 2704 ad
1775 2662 1879 2704 me
1927 2662 2182 2724 quoque
2229 2643 2379 2706 seri-

358 2728 511 2812 psit,
556 2731 621 2791 et
665 2727 938 2791 fortasse
985 2728 1228 2791 faciam.
1319 2725 1444 2791 Sed
1480 2727 1686 2811 plane,
1735 2728 1888 2811 quid
1922 2729 2099 2812 velit,
2144 2731 2378 2795 nescio.

361 2814 529 2892 Quid
565 2816 736 2880 enim
776 2816 873 2879 illi
911 2816 1157 2879 adferre
1194 2816 1449 2880 consilii
1487 2837 1771 2900 possum,
1799 2838 1943 2880 oum
1979 2817 2119 2900 ipse
2157 2839 2380 2903 egeam

361 2904 658 2989 consilio,
712 2908 776 2967 et
830 2925 973 2967 cum
1029 2903 1137 2967 ille
1199 2926 1352 2968 suae
1412 2904 1865 2969 inmortalitati
1908 2906 2136 2969 melius
2186 2928 2380 2989 quam

358 2997 583 3057 nostro
640 2993 774 3056 otio
831 2992 1268 3056 consuluerit?
1342 2991 1440 3056 De
1495 2993 1718 3077 regina
1762 3015 1981 3057 rumor
2026 2995 2380 3080 exstingui·
2411 3022 2467 3062 so

360 3085 485 3146 tur.
576 3078 674 3145 De
718 3079 1027 3168 Flamma,
1072 3080 1337 3145 obsecro
1384 3085 1468 3166 te,
1514 3081 1569 3145 si
1617 3081 1773 3165 quid
1818 3085 2020 3165 potes,
