2642 3923
620 199 1134 255 EPISTULARUM
1172 200 1270 254 AD
1308 198 1634 255 ATTICUM
1674 198 1723 254 V
1760 205 1950 255 8-10.
2163 198 2284 264 137

270 345 562 410 accedere
627 345 763 409 sine
826 343 1300 429 impedimentis
1362 365 1496 409 non
1560 345 1718 408 satis
1776 343 1982 409 visum
2037 346 2136 408 est
2192 343 2291 407 de-

270 451 508 499 corum.
599 433 774 519 Ego,
832 438 905 498 ut
952 455 1138 517 saepe
1185 436 1260 496 tu
1303 454 1408 497 me
1454 436 1814 498 currentem
1860 432 2158 497 hortatus
2206 453 2289 513 ee,

270 522 503 588 cotidie
565 522 867 605 meditor,
924 521 1246 606 praecipio
1310 521 1500 605 meis,
1563 521 1791 585 faciam
1858 521 2154 605 denique,
2220 525 2292 584 ut

272 633 521 676 summa
591 610 908 675 modestia
972 614 1036 675 et
1101 632 1353 674 summa
1417 608 1810 673 abstinentia
1872 630 2105 674 munus
2169 608 2290 673 hoc

218 724 244 765 5
272 699 849 763 extraordinarium
906 698 1330 763 traducamus.
1421 696 1700 762 Parthus
1749 698 1939 763 velim
1987 697 2291 781 quiescat,

271 798 338 852 et
385 788 647 852 fortuna
691 809 811 852 nos
858 787 1052 869 iuvet,
1098 791 1325 851 nostra
1367 786 1854 870 praestabimus.

405 876 522 961 Tu,
565 897 821 961 quaese,
857 875 1014 960 quid
1051 896 1224 960 agaS,
1262 874 1378 939 ubi
1415 895 1670 959 quoque
1707 880 1996 959 tempore
2034 874 2291 938 futurus
2328 890 2360 938 2

272 963 395 1051 sis,
453 965 672 1049 quales
731 985 832 1028 res
876 967 1132 1027 nostras
1181 961 1423 1027 Romae
1478 963 1840 1047 reliqueris,
1891 963 2164 1027 maxime
2215 963 2291 1026 de

274 1068 375 1117 xx
429 1057 494 1117 et
539 1056 719 1116 Dccc'
775 1073 927 1116 cura
977 1054 1052 1116 ut
1098 1052 1390 1117 sciamus.
1491 1049 1563 1116 Id
1612 1052 1756 1124 unis
1804 1052 2143 1136 diligenter
2189 1051 2289 1115 lit-

193 1166 246 1206 10
272 1140 430 1205 teris
469 1140 656 1223 datis,
701 1162 862 1225 qua-e
899 1140 978 1204 ad
1017 1162 1117 1205 me
1155 1141 1380 1224 utique
1417 1140 1840 1224 perferantur,
1886 1160 2288 1224 consequere.

271 1227 442 1294 Illud
488 1233 752 1311 tamen,
789 1229 1092 1313 quoniam
1139 1250 1309 1292 nunc
1355 1228 1525 1311 abeS,
1581 1250 1725 1293 cum
1772 1228 1835 1292 id
1881 1249 2011 1293 non
2059 1227 2293 1313 agitur,

273 1317 477 1381 aderis
533 1322 747 1382 autem
802 1317 882 1381 ad
929 1320 1209 1401 tempus,
1265 1321 1340 1382 ut
1386 1316 1559 1381 mihi
1590 1317 1917 1418 recepisti,
1968 1321 2289 1381 memento

272 1427 492 1470 curare
554 1427 667 1489 per
730 1412 794 1470 te
859 1409 924 1470 et
981 1427 1095 1489 per
1150 1426 1370 1470 omnes
1423 1409 1719 1483 nostros,
1774 1406 1845 1470 in
1896 1405 2123 1489 primis
2179 1426 2290 1489 per

273 1493 723 1576 Hortensium,
787 1499 861 1558 ut
925 1515 1130 1557 annus
1186 1498 1406 1559 noster
1461 1498 1716 1559 maneat
1771 1515 1887 1558 suo
1944 1499 2147 1577 statu,
2209 1515 2288 1558 ne

194 1608 244 1647 15
273 1582 427 1667 quid
463 1582 614 1647 novi
653 1582 1043 1647 decernatur.
1116 1580 1259 1647 Hoc
1293 1581 1418 1645 tibi
1455 1582 1548 1646 ita
1584 1582 1835 1664 mand0‚
1873 1586 1947 1646 ut
1982 1581 2287 1664 dubitem,

272 1693 354 1735 an
408 1671 602 1735 etiam
655 1675 720 1735 te
767 1691 1013 1754 rogem,
1069 1675 1142 1734 ut
1189 1690 1465 1754 pugnes,
1517 1691 1599 1735 ne
1643 1670 2075 1735 intercaletur.
2166 1667 2291 1735 Sed

271 1781 401 1823 non
448 1758 648 1823 audeo
696 1758 819 1823 tibi
867 1758 1084 1823 omnia
1121 1779 1316 1823 onera
1352 1758 1711 1843 imponere;
1756 1780 1993 1823 annum
2034 1759 2296 1844 quidem.

272 1849 496 1931 utique
541 1850 775 1912 teneto.

405 1936 628 2002 Cicero
683 1957 893 2020 meus,
946 1934 1464 2002 modestissimus
1520 1938 1586 2002 et
1650 1935 2069 2001 suavissimus
2117 1957 2289 2019 puer,
2327 1952 2355 2001 ³

136 2051 244 2100 ‘220
271 2025 393 2089 tibi
459 2026 732 2089 salutem
797 2025 968 2090 dicit.
1070 2023 1456 2108 Dionysium
1524 2046 1771 2109 semper
1835 2025 2156 2108 equidem,
2217 2029 2290 2087 ut

200 2102 225 2122 '
272 2115 426 2197 scis,
485 2113 706 2196 dilexi,
763 2113 872 2178 sed
933 2113 1166 2178 cotidie
1212 2113 1417 2197 pluris
1463 2113 1655 2196 facie,
1710 2115 1775 2178 et
1819 2111 2177 2177 mehercule
2222 2113 2291 2176 in

271 2202 498 2286 primis
561 2202 732 2286 quod
797 2205 864 2267 te
928 2206 1101 2266 amat
1164 2223 1280 2267 nec
1343 2201 1443 2266 tui
1498 2202 1889 2266 mentionem
1943 2200 2288 2265 intermitti

271 2291 446 2356 sinit.

1238 2429 1316 2496 X.

190 2546 240 2587 25
516 2535 628 2592 Ser.
658 2536 889 2591 Athenis
916 2536 1066 2605 prid.
1109 2532 1182 2589 K.
1215 2541 1314 2590 aut
1352 2535 1427 2589 K.
1465 2535 1650 2606 Quint.
1681 2552 1733 2590 a.
1765 2538 1873 2590 703
1912 2537 2049 2604 (51).

910 2639 1166 2697 CICERO
1206 2638 1469 2696 ATTICO
1508 2640 1655 2695 SAL.

402 2730 496 2798 Ut
553 2729 844 2797 Athenas
901 2755 955 2798 a.
1002 2731 1083 2797 d„
1108 2749 1153 2795 v
1210 2731 1352 2806 Kal.
1401 2729 1754 2806 Quinctiles
1808 2753 2130 2815 veneram,
2185 2752 2285 2795 ex·
2324 2749 2348 2798 1

271 2820 637 2905 spectabam
695 2820 785 2884 ibi
840 2821 970 2885 iam
1026 2823 1330 2905 quartum
1385 2820 1553 2884 diem
1607 2819 2023 2904 Pomptinum
2080 2841 2283 2903 neque

272 2909 348 2973 de
384 2910 520 2975 eius
559 2908 836 2974 adventu
872 2907 1029 2974 certi
1068 2908 1423 2993 quicquam>
1439 2908 1769 2973 habebam.
1844 2908 2040 2973 Eram
2071 2912 2278 2972 autem

190 3023 244 3064 ao
273 3002 479 3080 totus,
533 2997 719 3063 crede
771 2995 959 3079 mihi,
1017 3000 1228 3061 tecum
1285 3001 1377 3079 et,
1431 3018 1820 3098 quamquam
1866 2997 2004 3062 sine
2049 2996 2129 3060 iis
2173 3018 2284 3081 per

270 3107 372 3151 me
434 3087 597 3170 ipse,
662 3090 875 3150 tamen
942 3086 1151 3150 acrius
1212 3047 1505 3169 vestigiis
1563 3085 1694 3149 tuis
1752 3085 2034 3150 monitus
2088 3085 2165 3149 de
2221 3090 2283 3150 te

268 3173 663 3276 cogitabam.
742 3172 910 3249 Quid
956 3174 1256 3258 quaeris?
1321 3195 1454 3238 non
1499 3172 1859 3239 mehercule
1904 3175 2067 3239 alius
2112 3173 2283 3238 ullus

269 3284 476 3328 sermo
539 3262 666 3328 nisi
729 3262 807 3327 de
859 3267 941 3328 te.
1042 3259 1166 3327 Sed
1223 3266 1296 3327 tu
1350 3262 1426 3326 de
1480 3283 1576 3327 me
1629 3262 1780 3346 ipso
1827 3262 2069 3347 aliquid
2123 3262 2285 3327 scire
2318 3279 2351 3327 2

268 3352 541 3417 fortasse
595 3351 816 3415 mavis
916 3349 1094 3416 Haec
1148 3353 1316 3415 sunt.
1411 3349 1638 3414 Adhuc
1693 3353 1991 3434 sumptus
2045 3371 2162 3416 nec
2217 3351 2280 3415 in

187 3466 238 3507 οε
267 3462 368 3505 me
415 3446 528 3505 aut
575 3439 830 3522 publice
875 3444 988 3503 aut
1034 3439 1336 3523 privatim
1387 3459 1501 3507 nec
1548 3440 1613 3502 in
1660 3460 2045 3523 quemquam
2093 3439 2282 3504 comi-

269 3533 423 3594 tum.
497 3527 687 3593 Nihil
723 3527 1034 3611 accipitur
1071 3529 1212 3613 lege
1247 3525 1432 3611 Iulia,
1468 3525 1636 3591 nihil
1671 3527 1751 3591 ab
1791 3526 2063 3610 hospite.
2138 3525 2281 3590 Per-
