<?xml version="1.0" encoding="UTF-8"?>
<!DOCTYPE html PUBLIC "-//W3C//DTD XHTML 1.0 Transitional//EN"
    "http://www.w3.org/TR/xhtml1/DTD/xhtml1-transitional.dtd">
<html xmlns="http://www.w3.org/1999/xhtml" xml:lang="en" lang="en">
 <head>
  <title>
</title>
<meta http-equiv="Content-Type" content="text/html;charset=utf-8" />
  <meta name='ocr-system' content='tesseract 3.04.00' />
  <meta name='ocr-capabilities' content='ocr_page ocr_carea ocr_par ocr_line ocrx_word'/>
</head>
<body>
  <div class='ocr_page' id='page_1' title='image "./scriptaquaemans00friegoog_0662.png"; bbox 0 0 2642 3923; ppageno 0'>
   <div class='ocr_carea' id='block_1_1' title="bbox 375 194 1750 260">
    <p class='ocr_par' dir='ltr' id='par_1_1' title="bbox 375 194 1750 260">
     <span class='ocr_line' id='line_1_1' title="bbox 375 194 1750 260; baseline -0.007 0"><span class='ocrx_word' id='word_1_1' title='bbox 375 194 503 260; x_wconf 88' lang='grc'><strong>498</strong></span> <span class='ocrx_word' id='word_1_2' title='bbox 1010 196 1083 250; x_wconf 89' lang='grc' dir='ltr'><strong>Μ.</strong></span> <span class='ocrx_word' id='word_1_3' title='bbox 1123 195 1337 250; x_wconf 88' lang='lat' dir='ltr'>TULLI</span> <span class='ocrx_word' id='word_1_4' title='bbox 1374 196 1750 251; x_wconf 84' lang='lat' dir='ltr'>CICERONIS</span> 
     </span>
    </p>
   </div>
   <div class='ocr_carea' id='block_1_2' title="bbox 374 339 2612 775">
    <p class='ocr_par' dir='ltr' id='par_1_2' title="bbox 374 339 2612 775">
     <span class='ocr_line' id='line_1_2' title="bbox 377 339 2402 423; baseline 0 -21"><span class='ocrx_word' id='word_1_5' title='bbox 377 339 687 421; x_wconf 90' lang='lat' dir='ltr'><strong>scriptum</strong></span> <span class='ocrx_word' id='word_1_6' title='bbox 752 342 945 419; x_wconf 85' lang='lat' dir='ltr'><strong>esset,</strong></span> <span class='ocrx_word' id='word_1_7' title='bbox 1007 361 1087 403; x_wconf 89' lang='lat' dir='ltr'><strong>ne</strong></span> <span class='ocrx_word' id='word_1_8' title='bbox 1151 339 1307 423; x_wconf 93' lang='lat' dir='ltr'><strong>quid</strong></span> <span class='ocrx_word' id='word_1_9' title='bbox 1370 340 1507 403; x_wconf 88' lang='lat' dir='ltr'><strong>sine</strong></span> <span class='ocrx_word' id='word_1_10' title='bbox 1573 339 1752 404; x_wconf 83' lang='lat' dir='ltr'><strong>Sexti</strong></span> <span class='ocrx_word' id='word_1_11' title='bbox 1804 340 2013 403; x_wconf 89' lang='lat' dir='ltr'><strong>nostri</strong></span> <span class='ocrx_word' id='word_1_12' title='bbox 2074 340 2402 403; x_wconf 89' lang='lat' dir='ltr'><strong>sententia</strong></span> 
     </span>
     <span class='ocr_line' id='line_1_3' title="bbox 377 426 2397 529; baseline -0 -39"><span class='ocrx_word' id='word_1_13' title='bbox 377 431 621 528; x_wconf 73' lang='lat' dir='ltr'><strong>ageret,</strong></span> <span class='ocrx_word' id='word_1_14' title='bbox 672 448 885 528; x_wconf 79' lang='lat' dir='ltr'><strong>neque</strong></span> <span class='ocrx_word' id='word_1_15' title='bbox 925 426 1006 491; x_wconf 91' lang='lat' dir='ltr'><strong>ad</strong></span> <span class='ocrx_word' id='word_1_16' title='bbox 1050 427 1237 491; x_wconf 91' lang='lat' dir='ltr'><strong>illum</strong></span> <span class='ocrx_word' id='word_1_17' title='bbox 1281 449 1487 511; x_wconf 92' lang='lat' dir='ltr'><strong>neque</strong></span> <span class='ocrx_word' id='word_1_18' title='bbox 1535 427 1614 529; x_wconf 82' lang='lat' dir='ltr'><strong>ad</strong></span> <span class='ocrx_word' id='word_1_19' title='bbox 1661 448 2048 511; x_wconf 92' lang='lat' dir='ltr'><strong>quemquam</strong></span> <span class='ocrx_word' id='word_1_20' title='bbox 2092 431 2397 529; x_wconf 67' lang='lat' dir='ltr'><strong>nostrum</strong></span> 
     </span>
     <span class='ocr_line' id='line_1_4' title="bbox 375 514 2399 687; baseline 0.001 -22"><span class='ocrx_word' id='word_1_21' title='bbox 375 515 643 666; x_wconf 53' lang='grc' dir='ltr'><strong>ἷῗῗῗὲἶ·</strong></span> <span class='ocrx_word' id='word_1_22' title='bbox 656 514 865 667; x_wconf 57' lang='grc' dir='ltr'><strong>(1ηέἷέ</strong></span> <span class='ocrx_word' id='word_1_23' title='bbox 867 537 1078 667; x_wconf 55' lang='lat' dir='ltr'>&#39;‘zffis</span> <span class='ocrx_word' id='word_1_24' title='bbox 1092 520 1407 668; x_wconf 43' lang='grc' dir='ltr'><strong>Πὲῑίῗᾚκ</strong></span> <span class='ocrx_word' id='word_1_25' title='bbox 1446 538 1677 687; x_wconf 51' lang='grc' dir='ltr'><strong>(ξίὲῖῙῇ</strong></span> <span class='ocrx_word' id='word_1_26' title='bbox 1700 515 2030 667; x_wconf 54' lang='grc' dir='ltr'><strong>Ἓῗὲἕίῗ</strong></span> <span class='ocrx_word' id='word_1_27' title='bbox 2066 537 2399 667; x_wconf 50' lang='grc' dir='ltr'><strong>ὧῖῗῊῗιῗὲ</strong></span> 
     </span>
     <span class='ocr_line' id='line_1_5' title="bbox 374 690 2612 775; baseline 0.001 -21"><span class='ocrx_word' id='word_1_28' title='bbox 374 691 536 754; x_wconf 83' lang='lat' dir='ltr'><strong>feres</strong></span> <span class='ocrx_word' id='word_1_29' title='bbox 583 691 785 775; x_wconf 87' lang='lat' dir='ltr'><strong>igitur</strong></span> <span class='ocrx_word' id='word_1_30' title='bbox 829 692 887 755; x_wconf 93' lang='lat' dir='ltr'><strong>ei</strong></span> <span class='ocrx_word' id='word_1_31' title='bbox 931 692 1274 775; x_wconf 83' lang='lat' dir='ltr'>plurimam</span> <span class='ocrx_word' id='word_1_32' title='bbox 1318 692 1603 775; x_wconf 76' lang='lat' dir='ltr'><strong>itemque</strong></span> <span class='ocrx_word' id='word_1_33' title='bbox 1647 690 1849 756; x_wconf 80' lang='lat' dir='ltr'><strong>Piliae</strong></span> <span class='ocrx_word' id='word_1_34' title='bbox 1894 692 2064 756; x_wconf 88' lang='lat' dir='ltr'><strong>dicas</strong></span> <span class='ocrx_word' id='word_1_35' title='bbox 2110 692 2321 755; x_wconf 84' lang='lat' dir='ltr'><strong>velim.</strong></span> <span class='ocrx_word' id='word_1_36' title='bbox 2458 718 2484 756; x_wconf 78' lang='lat'>5</span> <span class='ocrx_word' id='word_1_37' title='bbox 2611 709 2612 712; x_wconf 73' lang='grc'>’</span> 
     </span>
    </p>
   </div>
   <div class='ocr_carea' id='block_1_3' title="bbox 642 865 2082 1057">
    <p class='ocr_par' dir='ltr' id='par_1_3' title="bbox 642 865 2082 1057">
     <span class='ocr_line' id='line_1_6' title="bbox 1326 865 1437 931; baseline 0.018 -2"><span class='ocrx_word' id='word_1_38' title='bbox 1326 865 1437 931; x_wconf 90' lang='lat' dir='ltr'><strong>IV.</strong></span> 
     </span>
     <span class='ocr_line' id='line_1_7' title="bbox 642 955 2082 1057; baseline 0 -14"><span class='ocrx_word' id='word_1_39' title='bbox 642 955 784 1043; x_wconf 55' lang='lat' dir='ltr'><strong>&#39;Sea</strong></span> <span class='ocrx_word' id='word_1_40' title='bbox 815 989 878 1041; x_wconf 66' lang='lat' dir='ltr'><strong>in</strong></span> <span class='ocrx_word' id='word_1_41' title='bbox 913 988 1216 1042; x_wconf 74' lang='lat' dir='ltr'><strong>Puteolano</strong></span> <span class='ocrx_word' id='word_1_42' title='bbox 1266 988 1355 1042; x_wconf 85' lang='lat' dir='ltr'><strong>VI</strong></span> <span class='ocrx_word' id='word_1_43' title='bbox 1380 988 1467 1041; x_wconf 80' lang='lat' dir='ltr'><strong>Id.</strong></span> <span class='ocrx_word' id='word_1_44' title='bbox 1503 987 1685 1057; x_wconf 72' lang='lat' dir='ltr'><strong>Quint.</strong></span> <span class='ocrx_word' id='word_1_45' title='bbox 1718 1006 1767 1043; x_wconf 84' lang='lat' dir='ltr'><strong>a.</strong></span> <span class='ocrx_word' id='word_1_46' title='bbox 1800 992 1910 1043; x_wconf 87' lang='lat'><strong>710</strong></span> <span class='ocrx_word' id='word_1_47' title='bbox 1948 990 2082 1056; x_wconf 79' lang='lat'><em>(44).</em></span> 
     </span>
    </p>
   </div>
   <div class='ocr_carea' id='block_1_4' title="bbox 978 1110 1791 1165">
    <p class='ocr_par' dir='ltr' id='par_1_4' title="bbox 978 1110 1791 1165">
     <span class='ocr_line' id='line_1_8' title="bbox 978 1110 1791 1165; baseline 0.001 -1"><span class='ocrx_word' id='word_1_48' title='bbox 978 1110 1265 1165; x_wconf 80' lang='lat' dir='ltr'><strong><em>CICERO</em></strong></span> <span class='ocrx_word' id='word_1_49' title='bbox 1298 1110 1590 1165; x_wconf 79' lang='lat' dir='ltr'><strong><em>ATTICO</em></strong></span> <span class='ocrx_word' id='word_1_50' title='bbox 1625 1110 1791 1165; x_wconf 80' lang='lat' dir='ltr'><strong><em>SAL.</em></strong></span> 
     </span>
    </p>
   </div>
   <div class='ocr_carea' id='block_1_5' title="bbox 298 1217 2481 3594">
    <p class='ocr_par' dir='ltr' id='par_1_5' title="bbox 308 1217 2474 2363">
     <span class='ocr_line' id='line_1_9' title="bbox 308 1217 2391 1305; baseline 0 -22"><span class='ocrx_word' id='word_1_51' title='bbox 308 1237 325 1283; x_wconf 85' lang='lat'>1</span> <span class='ocrx_word' id='word_1_52' title='bbox 505 1218 606 1283; x_wconf 82' lang='lat' dir='ltr'><strong>Ita</strong></span> <span class='ocrx_word' id='word_1_53' title='bbox 660 1224 735 1283; x_wconf 91' lang='lat' dir='ltr'><strong>ut</strong></span> <span class='ocrx_word' id='word_1_54' title='bbox 778 1219 919 1282; x_wconf 88' lang='lat' dir='ltr'><strong>heri</strong></span> <span class='ocrx_word' id='word_1_55' title='bbox 972 1218 1095 1283; x_wconf 89' lang='lat' dir='ltr'><strong>tibi</strong></span> <span class='ocrx_word' id='word_1_56' title='bbox 1151 1219 1408 1283; x_wconf 82' lang='lat' dir='ltr'><strong>narravi</strong></span> <span class='ocrx_word' id='word_1_57' title='bbox 1463 1220 1564 1283; x_wconf 85' lang='lat' dir='ltr'><strong>vel</strong></span> <span class='ocrx_word' id='word_1_58' title='bbox 1609 1220 1884 1283; x_wconf 86' lang='lat' dir='ltr'><strong>fortasse</strong></span> <span class='ocrx_word' id='word_1_59' title='bbox 1925 1219 2116 1283; x_wconf 88' lang='lat' dir='ltr'><strong>hodie</strong></span> <span class='ocrx_word' id='word_1_60' title='bbox 2162 1217 2391 1305; x_wconf 84' lang='lat' dir='ltr'><strong>(Quin-</strong></span> 
     </span>
     <span class='ocr_line' id='line_1_10' title="bbox 373 1305 2474 1393; baseline 0.001 -22"><span class='ocrx_word' id='word_1_61' title='bbox 373 1312 479 1371; x_wconf 87' lang='lat' dir='ltr'><strong>tus</strong></span> <span class='ocrx_word' id='word_1_62' title='bbox 543 1308 714 1371; x_wconf 91' lang='lat' dir='ltr'><strong>enim</strong></span> <span class='ocrx_word' id='word_1_63' title='bbox 777 1308 977 1370; x_wconf 90' lang='lat' dir='ltr'><strong>altero</strong></span> <span class='ocrx_word' id='word_1_64' title='bbox 1042 1307 1143 1371; x_wconf 87' lang='lat' dir='ltr'><strong>die</strong></span> <span class='ocrx_word' id='word_1_65' title='bbox 1203 1329 1270 1371; x_wconf 88' lang='lat' dir='ltr'><strong>se</strong></span> <span class='ocrx_word' id='word_1_66' title='bbox 1325 1306 1535 1371; x_wconf 86' lang='lat' dir='ltr'><strong>aiebat</strong></span> <span class='ocrx_word' id='word_1_67' title='bbox 1578 1360 1596 1393; x_wconf 92' lang='lat'><strong>,</strong></span> <span class='ocrx_word' id='word_1_68' title='bbox 1648 1308 1718 1371; x_wconf 92' lang='lat' dir='ltr'><strong>in</strong></span> <span class='ocrx_word' id='word_1_69' title='bbox 1762 1305 2000 1371; x_wconf 85' lang='lat' dir='ltr'><strong>Nesida</strong></span> <span class='ocrx_word' id='word_1_70' title='bbox 2043 1326 2169 1371; x_wconf 85' lang='lat' dir='ltr'><strong>vm</strong></span> <span class='ocrx_word' id='word_1_71' title='bbox 2212 1307 2389 1372; x_wconf 72' lang='lat' dir='ltr'><strong>Idus</strong></span> <span class='ocrx_word' id='word_1_72' title='bbox 2422 1336 2474 1375; x_wconf 81' lang='grc' dir='ltr'><strong>ιο</strong></span> 
     </span>
     <span class='ocr_line' id='line_1_11' title="bbox 371 1393 2391 1472; baseline 0 -13"><span class='ocrx_word' id='word_1_73' title='bbox 371 1394 471 1459; x_wconf 94' lang='lat' dir='ltr'><strong>Ibi</strong></span> <span class='ocrx_word' id='word_1_74' title='bbox 517 1395 775 1459; x_wconf 89' lang='lat' dir='ltr'><strong>Brutus.</strong></span> <span class='ocrx_word' id='word_1_75' title='bbox 852 1395 1055 1472; x_wconf 87' lang='lat' dir='ltr'><strong>Quam</strong></span> <span class='ocrx_word' id='word_1_76' title='bbox 1109 1396 1219 1459; x_wconf 91' lang='lat' dir='ltr'><strong>ille</strong></span> <span class='ocrx_word' id='word_1_77' title='bbox 1264 1395 1471 1458; x_wconf 91' lang='lat' dir='ltr'><strong>doluit</strong></span> <span class='ocrx_word' id='word_1_78' title='bbox 1558 1417 1592 1459; x_wconf 94' lang='lat' dir='ltr'><strong>e</strong></span> <span class='ocrx_word' id='word_1_79' title='bbox 1638 1393 1862 1460; x_wconf 81' lang='lat' dir='ltr'>NONIS</span> <span class='ocrx_word' id='word_1_80' title='bbox 1903 1395 2144 1460; x_wconf 81' lang='lat' dir='ltr'>IULIIS!</span> <span class='ocrx_word' id='word_1_81' title='bbox 2210 1397 2391 1460; x_wconf 92' lang='lat' dir='ltr'><strong>miri-</strong></span> 
     </span>
     <span class='ocr_line' id='line_1_12' title="bbox 372 1482 2391 1569; baseline 0 -22"><span class='ocrx_word' id='word_1_82' title='bbox 372 1485 487 1547; x_wconf 89' lang='lat' dir='ltr'><strong>fice</strong></span> <span class='ocrx_word' id='word_1_83' title='bbox 542 1488 639 1547; x_wconf 85' lang='lat' dir='ltr'><strong>est</strong></span> <span class='ocrx_word' id='word_1_84' title='bbox 694 1483 1130 1548; x_wconf 81' lang='lat' dir='ltr'><strong>conturbatus.</strong></span> <span class='ocrx_word' id='word_1_85' title='bbox 1229 1482 1457 1566; x_wconf 88' lang='lat' dir='ltr'><strong>Itaque</strong></span> <span class='ocrx_word' id='word_1_86' title='bbox 1513 1505 1649 1547; x_wconf 91' lang='lat' dir='ltr'><strong>sese</strong></span> <span class='ocrx_word' id='word_1_87' title='bbox 1711 1484 2099 1567; x_wconf 88' lang='lat' dir='ltr'><strong>scripturum</strong></span> <span class='ocrx_word' id='word_1_88' title='bbox 2155 1484 2391 1569; x_wconf 90' lang='lat' dir='ltr'><strong>aiebat,</strong></span> 
     </span>
     <span class='ocr_line' id='line_1_13' title="bbox 372 1572 2389 1657; baseline 0.001 -23"><span class='ocrx_word' id='word_1_89' title='bbox 372 1576 446 1635; x_wconf 84' lang='lat' dir='ltr'><strong>ut</strong></span> <span class='ocrx_word' id='word_1_90' title='bbox 489 1572 894 1636; x_wconf 81' lang='lat' dir='ltr'><strong>venationem</strong></span> <span class='ocrx_word' id='word_1_91' title='bbox 941 1593 1106 1657; x_wconf 89' lang='lat' dir='ltr'><strong>eam,</strong></span> <span class='ocrx_word' id='word_1_92' title='bbox 1161 1594 1323 1655; x_wconf 90' lang='lat' dir='ltr'><strong>quae</strong></span> <span class='ocrx_word' id='word_1_93' title='bbox 1378 1572 1690 1654; x_wconf 72' lang='lat' dir='ltr'><strong>postridie</strong></span> <span class='ocrx_word' id='word_1_94' title='bbox 1742 1572 1929 1635; x_wconf 91' lang='lat' dir='ltr'><strong>ludos</strong></span> <span class='ocrx_word' id='word_1_95' title='bbox 1975 1572 2389 1655; x_wconf 81' lang='lat' dir='ltr'><strong>Apollinares</strong></span> 
     </span>
     <span class='ocr_line' id='line_1_14' title="bbox 371 1659 2387 1743; baseline 0.001 -20"><span class='ocrx_word' id='word_1_96' title='bbox 371 1660 589 1724; x_wconf 83' lang='lat' dir='ltr'><strong>futura</strong></span> <span class='ocrx_word' id='word_1_97' title='bbox 626 1664 742 1743; x_wconf 89' lang='lat' dir='ltr'><strong>est,</strong></span> <span class='ocrx_word' id='word_1_98' title='bbox 788 1661 1261 1743; x_wconf 81' lang='lat' dir='ltr'><strong>proscriberent</strong></span> <span class='ocrx_word' id='word_1_99' title='bbox 1295 1662 1368 1723; x_wconf 76' lang='lat' dir='ltr'><strong>in</strong></span> <span class='ocrx_word' id='word_1_100' title='bbox 1404 1677 1482 1723; x_wconf 92' lang='lat'><strong>111</strong></span> <span class='ocrx_word' id='word_1_101' title='bbox 1518 1677 1679 1724; x_wconf 86' lang='lat' dir='ltr'>IDUS</span> <span class='ocrx_word' id='word_1_102' title='bbox 1719 1676 2151 1736; x_wconf 76' lang='lat' dir='ltr'><strong>QUINGTILES.</strong></span> <span class='ocrx_word' id='word_1_103' title='bbox 2217 1659 2387 1727; x_wconf 90' lang='lat' dir='ltr'><strong>Libo</strong></span> 
     </span>
     <span class='ocr_line' id='line_1_15' title="bbox 370 1746 2467 1833; baseline 0.001 -22"><span class='ocrx_word' id='word_1_104' title='bbox 370 1748 731 1812; x_wconf 84' lang='lat' dir='ltr'><strong>intervenit.</strong></span> <span class='ocrx_word' id='word_1_105' title='bbox 804 1746 870 1813; x_wconf 91' lang='lat' dir='ltr'><strong>Is</strong></span> <span class='ocrx_word' id='word_1_106' title='bbox 908 1747 1261 1833; x_wconf 87' lang='lat' dir='ltr'><strong>Philonem,</strong></span> <span class='ocrx_word' id='word_1_107' title='bbox 1304 1747 1570 1831; x_wconf 90' lang='lat' dir='ltr'><strong>Pompei</strong></span> <span class='ocrx_word' id='word_1_108' title='bbox 1605 1747 1929 1833; x_wconf 89' lang='lat' dir='ltr'><strong>libertum,</strong></span> <span class='ocrx_word' id='word_1_109' title='bbox 1966 1753 2029 1812; x_wconf 91' lang='lat' dir='ltr'><strong>et</strong></span> <span class='ocrx_word' id='word_1_110' title='bbox 2065 1748 2387 1833; x_wconf 77' lang='lat' dir='ltr'><strong>Hilarum,</strong></span> <span class='ocrx_word' id='word_1_111' title='bbox 2416 1774 2467 1815; x_wconf 84' lang='lat'><strong>15</strong></span> 
     </span>
     <span class='ocr_line' id='line_1_16' title="bbox 373 1834 2387 1920; baseline 0 -20"><span class='ocrx_word' id='word_1_112' title='bbox 373 1859 561 1900; x_wconf 90' lang='lat' dir='ltr'><strong>suum</strong></span> <span class='ocrx_word' id='word_1_113' title='bbox 615 1837 949 1920; x_wconf 88' lang='lat' dir='ltr'><strong>libertum,</strong></span> <span class='ocrx_word' id='word_1_114' title='bbox 1003 1837 1254 1901; x_wconf 83' lang='lat' dir='ltr'><strong>venisse</strong></span> <span class='ocrx_word' id='word_1_115' title='bbox 1314 1859 1351 1899; x_wconf 88' lang='lat' dir='ltr'><strong>a</strong></span> <span class='ocrx_word' id='word_1_116' title='bbox 1398 1834 1592 1900; x_wconf 83' lang='lat' dir='ltr'><strong>Sexto</strong></span> <span class='ocrx_word' id='word_1_117' title='bbox 1640 1858 1784 1900; x_wconf 94' lang='lat' dir='ltr'><strong>cum</strong></span> <span class='ocrx_word' id='word_1_118' title='bbox 1828 1836 2065 1900; x_wconf 88' lang='lat' dir='ltr'><strong>litteris</strong></span> <span class='ocrx_word' id='word_1_119' title='bbox 2114 1837 2194 1900; x_wconf 89' lang='lat' dir='ltr'><strong>ad</strong></span> <span class='ocrx_word' id='word_1_120' title='bbox 2238 1859 2387 1901; x_wconf 88' lang='lat' dir='ltr'><strong>con-</strong></span> 
     </span>
     <span class='ocr_line' id='line_1_17' title="bbox 373 1924 2388 2010; baseline 0 -21"><span class='ocrx_word' id='word_1_121' title='bbox 373 1925 559 2010; x_wconf 76' lang='lat' dir='ltr'><strong>suleS,</strong></span> <span class='ocrx_word' id='word_1_122' title='bbox 606 1925 764 1990; x_wconf 78' lang='lat' dir='ltr'><strong>‘sive</strong></span> <span class='ocrx_word' id='word_1_123' title='bbox 810 1946 936 2009; x_wconf 97' lang='lat' dir='ltr'><strong>quo</strong></span> <span class='ocrx_word' id='word_1_124' title='bbox 984 1924 1111 1989; x_wconf 92' lang='lat' dir='ltr'><strong>alio</strong></span> <span class='ocrx_word' id='word_1_125' title='bbox 1156 1925 1416 1989; x_wconf 90' lang='lat' dir='ltr'><strong>nomine</strong></span> <span class='ocrx_word' id='word_1_126' title='bbox 1463 1924 1652 1989; x_wconf 88' lang='lat' dir='ltr'><strong>sunt&#39;.</strong></span> <span class='ocrx_word' id='word_1_127' title='bbox 1734 1924 1979 1989; x_wconf 86' lang='lat' dir='ltr'><strong>Earum</strong></span> <span class='ocrx_word' id='word_1_128' title='bbox 2022 1925 2388 2008; x_wconf 84' lang='lat' dir='ltr'><strong>exemplum</strong></span> 
     </span>
     <span class='ocr_line' id='line_1_18' title="bbox 369 2012 2385 2100; baseline 0 -23"><span class='ocrx_word' id='word_1_129' title='bbox 369 2014 556 2078; x_wconf 91' lang='lat' dir='ltr'><strong>nobis</strong></span> <span class='ocrx_word' id='word_1_130' title='bbox 599 2014 778 2100; x_wconf 90' lang='lat' dir='ltr'><strong>legit,</strong></span> <span class='ocrx_word' id='word_1_131' title='bbox 841 2014 896 2077; x_wconf 93' lang='lat' dir='ltr'><strong>si</strong></span> <span class='ocrx_word' id='word_1_132' title='bbox 943 2014 1097 2097; x_wconf 90' lang='lat' dir='ltr'><strong>quid</strong></span> <span class='ocrx_word' id='word_1_133' title='bbox 1140 2014 1479 2078; x_wconf 85' lang='lat' dir='ltr'><strong>videretur.</strong></span> <span class='ocrx_word' id='word_1_134' title='bbox 1569 2012 1777 2077; x_wconf 87' lang='lat' dir='ltr'><strong>Pauca</strong></span> <span class='ocrx_word' id='word_1_135' title='bbox 1822 2016 2000 2098; x_wconf 79' lang='grc' dir='ltr'><strong><em>παρὰ</em></strong></span> <span class='ocrx_word' id='word_1_136' title='bbox 2046 2013 2239 2096; x_wconf 81' lang='grc' dir='ltr'><em>λέξιν,</em></span> <span class='ocrx_word' id='word_1_137' title='bbox 2285 2036 2385 2077; x_wconf 88' lang='lat' dir='ltr'><strong>ce-</strong></span> 
     </span>
     <span class='ocr_line' id='line_1_19' title="bbox 371 2102 2388 2186; baseline -0 -20"><span class='ocrx_word' id='word_1_138' title='bbox 371 2102 624 2186; x_wconf 89' lang='lat' dir='ltr'><strong>teroqui</strong></span> <span class='ocrx_word' id='word_1_139' title='bbox 671 2106 735 2165; x_wconf 94' lang='lat' dir='ltr'><strong>et</strong></span> <span class='ocrx_word' id='word_1_140' title='bbox 774 2102 932 2165; x_wconf 83' lang='lat' dir='ltr'><strong>satis</strong></span> <span class='ocrx_word' id='word_1_141' title='bbox 969 2102 1251 2186; x_wconf 83' lang='lat' dir='ltr'><strong>graviter</strong></span> <span class='ocrx_word' id='word_1_142' title='bbox 1289 2106 1355 2165; x_wconf 90' lang='lat' dir='ltr'><strong>et</strong></span> <span class='ocrx_word' id='word_1_143' title='bbox 1389 2123 1522 2165; x_wconf 90' lang='lat' dir='ltr'><strong>non</strong></span> <span class='ocrx_word' id='word_1_144' title='bbox 1557 2103 2032 2166; x_wconf 87' lang='lat' dir='ltr'><strong>contumaciter.</strong></span> <span class='ocrx_word' id='word_1_145' title='bbox 2106 2102 2388 2166; x_wconf 85' lang='lat' dir='ltr'><strong>Tantum</strong></span> 
     </span>
     <span class='ocr_line' id='line_1_20' title="bbox 372 2189 2466 2274; baseline 0 -20"><span class='ocrx_word' id='word_1_146' title='bbox 372 2190 515 2254; x_wconf 91' lang='lat' dir='ltr'><strong>addi</strong></span> <span class='ocrx_word' id='word_1_147' title='bbox 552 2190 813 2274; x_wconf 84' lang='lat' dir='ltr'><strong>placuit,</strong></span> <span class='ocrx_word' id='word_1_148' title='bbox 843 2189 1013 2273; x_wconf 92' lang='lat' dir='ltr'><strong>quod</strong></span> <span class='ocrx_word' id='word_1_149' title='bbox 1049 2194 1186 2254; x_wconf 90' lang='lat' dir='ltr'><strong>erat</strong></span> <span class='ocrx_word' id='word_1_150' title='bbox 1216 2190 1445 2254; x_wconf 72' lang='lat' dir='ltr'><strong>‘coss&#39;</strong></span> <span class='ocrx_word' id='word_1_151' title='bbox 1480 2190 1706 2274; x_wconf 91' lang='lat' dir='ltr'><strong>solum,</strong></span> <span class='ocrx_word' id='word_1_152' title='bbox 1742 2195 1816 2253; x_wconf 88' lang='lat' dir='ltr'><strong>ut</strong></span> <span class='ocrx_word' id='word_1_153' title='bbox 1853 2194 2021 2254; x_wconf 91' lang='lat' dir='ltr'><strong>esset</strong></span> <span class='ocrx_word' id='word_1_154' title='bbox 2044 2190 2385 2274; x_wconf 70' lang='lat' dir='ltr'><strong>‘PRAETT.,</strong></span> <span class='ocrx_word' id='word_1_155' title='bbox 2415 2216 2466 2254; x_wconf 83' lang='lat'><strong>20</strong></span> 
     </span>
     <span class='ocr_line' id='line_1_21' title="bbox 373 2278 2385 2363; baseline 0.001 -22"><span class='ocrx_word' id='word_1_156' title='bbox 373 2296 596 2342; x_wconf 79' lang='lat' dir='ltr'>TRIBB.</span> <span class='ocrx_word' id='word_1_157' title='bbox 644 2296 770 2363; x_wconf 65' lang='lat' dir='ltr'><strong>PL„</strong></span> <span class='ocrx_word' id='word_1_158' title='bbox 817 2278 1159 2359; x_wconf 80' lang='lat' dir='ltr'>SENATVI&#39;‚</span> <span class='ocrx_word' id='word_1_159' title='bbox 1204 2300 1284 2342; x_wconf 86' lang='lat' dir='ltr'><strong>ne</strong></span> <span class='ocrx_word' id='word_1_160' title='bbox 1331 2278 1431 2341; x_wconf 89' lang='lat' dir='ltr'><strong>illi</strong></span> <span class='ocrx_word' id='word_1_161' title='bbox 1474 2300 1605 2342; x_wconf 90' lang='lat' dir='ltr'><strong>non</strong></span> <span class='ocrx_word' id='word_1_162' title='bbox 1650 2278 2013 2361; x_wconf 87' lang='lat' dir='ltr'><strong>proferrent</strong></span> <span class='ocrx_word' id='word_1_163' title='bbox 2050 2300 2175 2363; x_wconf 78' lang='lat' dir='ltr'><strong>eaS,</strong></span> <span class='ocrx_word' id='word_1_164' title='bbox 2220 2299 2385 2362; x_wconf 85' lang='lat' dir='ltr'><strong>quae</strong></span> 
     </span>
    </p>

    <p class='ocr_par' dir='ltr' id='par_1_6' title="bbox 301 2363 2476 3224">
     <span class='ocr_line' id='line_1_22' title="bbox 301 2363 2376 2449; baseline -0 -18"><span class='ocrx_word' id='word_1_165' title='bbox 301 2385 332 2431; x_wconf 81' lang='lat'>2</span> <span class='ocrx_word' id='word_1_166' title='bbox 372 2367 452 2430; x_wconf 90' lang='lat' dir='ltr'><strong>ad</strong></span> <span class='ocrx_word' id='word_1_167' title='bbox 496 2368 672 2449; x_wconf 90' lang='lat' dir='ltr'><strong>ipsos</strong></span> <span class='ocrx_word' id='word_1_168' title='bbox 715 2367 948 2430; x_wconf 89' lang='lat' dir='ltr'><strong>missae</strong></span> <span class='ocrx_word' id='word_1_169' title='bbox 994 2370 1224 2429; x_wconf 89' lang='lat' dir='ltr'><strong>essent.</strong></span> <span class='ocrx_word' id='word_1_170' title='bbox 1317 2363 1585 2429; x_wconf 83' lang='lat' dir='ltr'><strong>Sextum</strong></span> <span class='ocrx_word' id='word_1_171' title='bbox 1630 2370 1843 2429; x_wconf 87' lang='lat' dir='ltr'><strong>autem</strong></span> <span class='ocrx_word' id='word_1_172' title='bbox 1887 2367 2191 2430; x_wconf 84' lang='lat' dir='ltr'><strong>nuntiant</strong></span> <span class='ocrx_word' id='word_1_173' title='bbox 2236 2388 2376 2430; x_wconf 90' lang='lat' dir='ltr'><strong>cum</strong></span> 
     </span>
     <span class='ocr_line' id='line_1_23' title="bbox 370 2454 2381 2542; baseline 0 -24"><span class='ocrx_word' id='word_1_174' title='bbox 370 2477 497 2518; x_wconf 87' lang='lat' dir='ltr'><strong>una</strong></span> <span class='ocrx_word' id='word_1_175' title='bbox 562 2455 769 2518; x_wconf 92' lang='lat' dir='ltr'><strong>solum</strong></span> <span class='ocrx_word' id='word_1_176' title='bbox 821 2454 1073 2538; x_wconf 83' lang='lat' dir='ltr'><strong>legione</strong></span> <span class='ocrx_word' id='word_1_177' title='bbox 1125 2454 1325 2518; x_wconf 84' lang='lat' dir='ltr'><strong>fuisse</strong></span> <span class='ocrx_word' id='word_1_178' title='bbox 1381 2454 1805 2538; x_wconf 82' lang='lat' dir='ltr'><strong>Karthagine,</strong></span> <span class='ocrx_word' id='word_1_179' title='bbox 1868 2455 2053 2537; x_wconf 89' lang='lat' dir='ltr'><strong>eique</strong></span> <span class='ocrx_word' id='word_1_180' title='bbox 2107 2475 2183 2518; x_wconf 88' lang='lat' dir='ltr'><strong>eo</strong></span> <span class='ocrx_word' id='word_1_181' title='bbox 2238 2455 2381 2542; x_wconf 90' lang='lat' dir='ltr'><strong>ipso</strong></span> 
     </span>
     <span class='ocr_line' id='line_1_24' title="bbox 370 2541 2386 2628; baseline 0 -23"><span class='ocrx_word' id='word_1_182' title='bbox 370 2544 489 2627; x_wconf 92' lang='lat' dir='ltr'><strong>die,</strong></span> <span class='ocrx_word' id='word_1_183' title='bbox 535 2564 662 2626; x_wconf 93' lang='lat' dir='ltr'><strong>quo</strong></span> <span class='ocrx_word' id='word_1_184' title='bbox 710 2542 1016 2625; x_wconf 90' lang='lat' dir='ltr'><strong>oppidum</strong></span> <span class='ocrx_word' id='word_1_185' title='bbox 1061 2541 1329 2606; x_wconf 88' lang='lat' dir='ltr'><strong>Baream</strong></span> <span class='ocrx_word' id='word_1_186' title='bbox 1375 2543 1664 2628; x_wconf 83' lang='lat' dir='ltr'><strong>cepisset,</strong></span> <span class='ocrx_word' id='word_1_187' title='bbox 1708 2544 2079 2606; x_wconf 89' lang='lat' dir='ltr'><strong>nuntiatum</strong></span> <span class='ocrx_word' id='word_1_188' title='bbox 2127 2564 2269 2607; x_wconf 88' lang='lat' dir='ltr'><strong>esse</strong></span> <span class='ocrx_word' id='word_1_189' title='bbox 2307 2544 2386 2607; x_wconf 90' lang='lat' dir='ltr'><strong>de</strong></span> 
     </span>
     <span class='ocr_line' id='line_1_25' title="bbox 371 2630 2466 2713; baseline 0 -18"><span class='ocrx_word' id='word_1_190' title='bbox 371 2630 656 2713; x_wconf 84' lang='lat' dir='ltr'><strong>Caesare,</strong></span> <span class='ocrx_word' id='word_1_191' title='bbox 685 2634 872 2713; x_wconf 89' lang='lat' dir='ltr'><strong>capto</strong></span> <span class='ocrx_word' id='word_1_192' title='bbox 912 2630 1145 2713; x_wconf 90' lang='lat' dir='ltr'><strong>oppido</strong></span> <span class='ocrx_word' id='word_1_193' title='bbox 1182 2631 1412 2694; x_wconf 94' lang='lat' dir='ltr'><strong>miram</strong></span> <span class='ocrx_word' id='word_1_194' title='bbox 1450 2631 1762 2695; x_wconf 85' lang='lat' dir='ltr'><strong>laetitiam</strong></span> <span class='ocrx_word' id='word_1_195' title='bbox 1790 2631 2383 2694; x_wconf 86' lang='lat' dir='ltr'><strong>commutationem·</strong></span> <span class='ocrx_word' id='word_1_196' title='bbox 2416 2655 2466 2695; x_wconf 75' lang='lat'><strong>2⁵</strong></span> 
     </span>
     <span class='ocr_line' id='line_1_26' title="bbox 371 2719 2387 2803; baseline 0.001 -22"><span class='ocrx_word' id='word_1_197' title='bbox 371 2741 494 2802; x_wconf 92' lang='lat' dir='ltr'><strong>que</strong></span> <span class='ocrx_word' id='word_1_198' title='bbox 557 2719 913 2782; x_wconf 91' lang='lat' dir='ltr'><strong>animorum</strong></span> <span class='ocrx_word' id='word_1_199' title='bbox 969 2740 1471 2802; x_wconf 90' lang='lat' dir='ltr'><strong>concursumque</strong></span> <span class='ocrx_word' id='word_1_200' title='bbox 1524 2719 1830 2803; x_wconf 83' lang='lat' dir='ltr'><strong>undique3</strong></span> <span class='ocrx_word' id='word_1_201' title='bbox 1896 2719 2007 2783; x_wconf 90' lang='lat' dir='ltr'><strong>sed</strong></span> <span class='ocrx_word' id='word_1_202' title='bbox 2060 2719 2247 2782; x_wconf 92' lang='lat' dir='ltr'><strong>illum</strong></span> <span class='ocrx_word' id='word_1_203' title='bbox 2305 2720 2387 2783; x_wconf 86' lang='lat' dir='ltr'><strong>ad</strong></span> 
     </span>
     <span class='ocr_line' id='line_1_27' title="bbox 371 2807 2387 2891; baseline 0 -21"><span class='ocrx_word' id='word_1_204' title='bbox 371 2829 481 2870; x_wconf 86' lang='lat' dir='ltr'><strong>sex</strong></span> <span class='ocrx_word' id='word_1_205' title='bbox 535 2807 820 2891; x_wconf 88' lang='lat' dir='ltr'><strong>legiones</strong></span> <span class='ocrx_word' id='word_1_206' title='bbox 830 2857 848 2890; x_wconf 89' lang='lat'><strong>,</strong></span> <span class='ocrx_word' id='word_1_207' title='bbox 904 2829 1062 2891; x_wconf 86' lang='lat' dir='ltr'><strong>quas</strong></span> <span class='ocrx_word' id='word_1_208' title='bbox 1110 2807 1178 2870; x_wconf 87' lang='lat' dir='ltr'><strong>in</strong></span> <span class='ocrx_word' id='word_1_209' title='bbox 1224 2807 1530 2870; x_wconf 90' lang='lat' dir='ltr'><strong>ulteriore</strong></span> <span class='ocrx_word' id='word_1_210' title='bbox 1575 2807 1967 2891; x_wconf 90' lang='lat' dir='ltr'><strong>reliquisset,</strong></span> <span class='ocrx_word' id='word_1_211' title='bbox 2027 2808 2387 2871; x_wconf 88' lang='lat' dir='ltr'><strong>revertisse.</strong></span> 
     </span>
     <span class='ocr_line' id='line_1_28' title="bbox 370 2892 2390 2979; baseline 0 -22"><span class='ocrx_word' id='word_1_212' title='bbox 370 2895 472 2958; x_wconf 89' lang='lat' dir='ltr'><strong>Ad</strong></span> <span class='ocrx_word' id='word_1_213' title='bbox 525 2895 736 2977; x_wconf 90' lang='lat' dir='ltr'><strong>ipsum</strong></span> <span class='ocrx_word' id='word_1_214' title='bbox 784 2899 998 2959; x_wconf 87' lang='lat' dir='ltr'><strong>autem</strong></span> <span class='ocrx_word' id='word_1_215' title='bbox 1042 2892 1355 2958; x_wconf 89' lang='lat' dir='ltr'><strong>Libonem</strong></span> <span class='ocrx_word' id='word_1_216' title='bbox 1402 2895 1659 2977; x_wconf 89' lang='lat' dir='ltr'><strong>scripsit</strong></span> <span class='ocrx_word' id='word_1_217' title='bbox 1702 2895 1868 2958; x_wconf 90' lang='lat' dir='ltr'><strong>nihil</strong></span> <span class='ocrx_word' id='word_1_218' title='bbox 1913 2916 2078 2979; x_wconf 87' lang='lat' dir='ltr'><strong>esse,</strong></span> <span class='ocrx_word' id='word_1_219' title='bbox 2129 2895 2256 2958; x_wconf 86' lang='lat' dir='ltr'><strong>nisi</strong></span> <span class='ocrx_word' id='word_1_220' title='bbox 2306 2896 2390 2959; x_wconf 87' lang='lat' dir='ltr'><strong>ad</strong></span> 
     </span>
     <span class='ocr_line' id='line_1_29' title="bbox 368 2981 2388 3069; baseline 0 -23"><span class='ocrx_word' id='word_1_221' title='bbox 368 2983 567 3047; x_wconf 87' lang='lat' dir='ltr'><strong>larem</strong></span> <span class='ocrx_word' id='word_1_222' title='bbox 616 3005 803 3046; x_wconf 88' lang='lat' dir='ltr'><strong>suum</strong></span> <span class='ocrx_word' id='word_1_223' title='bbox 848 2983 1083 3046; x_wconf 90' lang='lat' dir='ltr'><strong>liceret.</strong></span> <span class='ocrx_word' id='word_1_224' title='bbox 1177 2981 1441 3047; x_wconf 82' lang='lat' dir='ltr'><strong>Summa</strong></span> <span class='ocrx_word' id='word_1_225' title='bbox 1486 2983 1988 3069; x_wconf 88' lang='lat' dir='ltr'><strong>postulatorum,</strong></span> <span class='ocrx_word' id='word_1_226' title='bbox 2042 2987 2115 3046; x_wconf 93' lang='lat' dir='ltr'><strong>ut</strong></span> <span class='ocrx_word' id='word_1_227' title='bbox 2163 3004 2388 3046; x_wconf 89' lang='lat' dir='ltr'><strong>omnes</strong></span> 
     </span>
     <span class='ocr_line' id='line_1_30' title="bbox 371 3070 2476 3154; baseline 0 -19"><span class='ocrx_word' id='word_1_228' title='bbox 371 3072 685 3135; x_wconf 88' lang='lat' dir='ltr'><strong>exercitus</strong></span> <span class='ocrx_word' id='word_1_229' title='bbox 732 3071 1169 3154; x_wconf 84' lang='lat' dir='ltr'><strong>dimittantur,</strong></span> <span class='ocrx_word' id='word_1_230' title='bbox 1226 3071 1338 3154; x_wconf 93' lang='lat' dir='ltr'><strong>qui</strong></span> <span class='ocrx_word' id='word_1_231' title='bbox 1385 3070 1621 3154; x_wconf 91' lang='lat' dir='ltr'><strong>ubique</strong></span> <span class='ocrx_word' id='word_1_232' title='bbox 1670 3073 1817 3135; x_wconf 90' lang='lat' dir='ltr'><strong>sint.</strong></span> <span class='ocrx_word' id='word_1_233' title='bbox 1908 3070 2083 3135; x_wconf 88' lang='lat' dir='ltr'><strong>Haec</strong></span> <span class='ocrx_word' id='word_1_234' title='bbox 2127 3071 2260 3135; x_wconf 86' lang='lat' dir='ltr'><strong>fere</strong></span> <span class='ocrx_word' id='word_1_235' title='bbox 2308 3072 2388 3135; x_wconf 90' lang='lat' dir='ltr'><strong>de</strong></span> <span class='ocrx_word' id='word_1_236' title='bbox 2419 3098 2476 3137; x_wconf 77' lang='lat' dir='ltr'><strong>ao</strong></span> 
     </span>
     <span class='ocr_line' id='line_1_31' title="bbox 373 3157 588 3224; baseline -0.009 0"><span class='ocrx_word' id='word_1_237' title='bbox 373 3157 588 3224; x_wconf 79' lang='lat' dir='ltr'><strong>Sexto,</strong></span> 
     </span>
    </p>

    <p class='ocr_par' dir='ltr' id='par_1_7' title="bbox 298 3246 2481 3594">
     <span class='ocr_line' id='line_1_32' title="bbox 298 3246 2389 3331; baseline -0 -19"><span class='ocrx_word' id='word_1_238' title='bbox 298 3263 331 3312; x_wconf 79' lang='grc'><strong>3</strong></span> <span class='ocrx_word' id='word_1_239' title='bbox 457 3246 554 3310; x_wconf 91' lang='lat' dir='ltr'><strong>De</strong></span> <span class='ocrx_word' id='word_1_240' title='bbox 613 3246 979 3311; x_wconf 79' lang='lat' dir='ltr'><strong>Buthrotiis</strong></span> <span class='ocrx_word' id='word_1_241' title='bbox 1039 3247 1319 3331; x_wconf 91' lang='lat' dir='ltr'><strong>undique</strong></span> <span class='ocrx_word' id='word_1_242' title='bbox 1384 3268 1694 3330; x_wconf 86' lang='lat' dir='ltr'><strong>quaerens</strong></span> <span class='ocrx_word' id='word_1_243' title='bbox 1747 3247 1915 3311; x_wconf 90' lang='lat' dir='ltr'><strong>nihil</strong></span> <span class='ocrx_word' id='word_1_244' title='bbox 1967 3247 2389 3329; x_wconf 87' lang='lat' dir='ltr'><strong>reperiebam.</strong></span> 
     </span>
     <span class='ocr_line' id='line_1_33' title="bbox 367 3333 2387 3420; baseline -0 -22"><span class='ocrx_word' id='word_1_245' title='bbox 367 3334 502 3398; x_wconf 85' lang='lat' dir='ltr'><strong>Alii</strong></span> <span class='ocrx_word' id='word_1_246' title='bbox 547 3335 835 3398; x_wconf 90' lang='lat' dir='ltr'><strong>concisos</strong></span> <span class='ocrx_word' id='word_1_247' title='bbox 884 3334 1224 3420; x_wconf 89' lang='lat' dir='ltr'><strong>agripetas,</strong></span> <span class='ocrx_word' id='word_1_248' title='bbox 1271 3334 1383 3399; x_wconf 92' lang='lat' dir='ltr'><strong>alii</strong></span> <span class='ocrx_word' id='word_1_249' title='bbox 1428 3333 1731 3398; x_wconf 88' lang='lat' dir='ltr'><strong>Plancum</strong></span> <span class='ocrx_word' id='word_1_250' title='bbox 1780 3335 2055 3417; x_wconf 89' lang='lat' dir='ltr'><strong>acceptis</strong></span> <span class='ocrx_word' id='word_1_251' title='bbox 2101 3336 2387 3398; x_wconf 89' lang='lat' dir='ltr'><strong>nummis</strong></span> 
     </span>
     <span class='ocr_line' id='line_1_34' title="bbox 368 3421 2392 3510; baseline -0 -23"><span class='ocrx_word' id='word_1_252' title='bbox 368 3422 610 3489; x_wconf 86' lang='lat' dir='ltr'><strong>relictis</strong></span> <span class='ocrx_word' id='word_1_253' title='bbox 655 3423 786 3486; x_wconf 88' lang='lat' dir='ltr'><strong>illis</strong></span> <span class='ocrx_word' id='word_1_254' title='bbox 834 3423 1174 3507; x_wconf 86' lang='lat' dir='ltr'><strong>aufugisse.</strong></span> <span class='ocrx_word' id='word_1_255' title='bbox 1253 3421 1479 3507; x_wconf 89' lang='lat' dir='ltr'><strong>Itaque</strong></span> <span class='ocrx_word' id='word_1_256' title='bbox 1524 3445 1658 3487; x_wconf 91' lang='lat' dir='ltr'><strong>non</strong></span> <span class='ocrx_word' id='word_1_257' title='bbox 1692 3423 1876 3487; x_wconf 83' lang='lat' dir='ltr'><strong>video</strong></span> <span class='ocrx_word' id='word_1_258' title='bbox 1916 3423 2225 3486; x_wconf 91' lang='lat' dir='ltr'><strong>sciturum</strong></span> <span class='ocrx_word' id='word_1_259' title='bbox 2260 3445 2392 3510; x_wconf 87' lang='lat' dir='ltr'><strong>me,</strong></span> 
     </span>
     <span class='ocr_line' id='line_1_35' title="bbox 369 3510 2481 3594; baseline 0.003 -22"><span class='ocrx_word' id='word_1_260' title='bbox 369 3510 520 3591; x_wconf 93' lang='lat' dir='ltr'><strong>quid</strong></span> <span class='ocrx_word' id='word_1_261' title='bbox 569 3510 705 3574; x_wconf 90' lang='lat' dir='ltr'><strong>eius</strong></span> <span class='ocrx_word' id='word_1_262' title='bbox 751 3510 856 3594; x_wconf 92' lang='lat' dir='ltr'><strong>sit,</strong></span> <span class='ocrx_word' id='word_1_263' title='bbox 901 3511 968 3573; x_wconf 90' lang='lat' dir='ltr'><strong>ni</strong></span> <span class='ocrx_word' id='word_1_264' title='bbox 1018 3512 1241 3575; x_wconf 88' lang='lat' dir='ltr'><strong>statim</strong></span> <span class='ocrx_word' id='word_1_265' title='bbox 1287 3511 1531 3594; x_wconf 90' lang='lat' dir='ltr'><strong>aliquid</strong></span> <span class='ocrx_word' id='word_1_266' title='bbox 1577 3512 1955 3575; x_wconf 84' lang='lat' dir='ltr'><strong>litterarum.</strong></span> <span class='ocrx_word' id='word_1_267' title='bbox 2421 3538 2481 3579; x_wconf 75' lang='lat'><strong>⁸⁶</strong></span> 
     </span>
    </p>
   </div>
   <div class='ocr_carea' id='block_1_6' title="bbox 2607 454 2616 1442">
    <p class='ocr_par' dir='ltr' id='par_1_8' title="bbox 2607 454 2616 1442">
     <span class='ocr_line' id='line_1_36' title="bbox 2607 454 2616 1442; baseline 0 0"><span class='ocrx_word' id='word_1_268' title='bbox 2607 454 2616 1442; x_wconf 95' lang='lat' dir='ltr'><strong> </strong></span> 
     </span>
    </p>
   </div>
  </div>
 </body>
</html>
