2642 3923
622 249 1138 304 EPISTULARUM
1174 250 1273 304 AD
1310 249 1637 305 ATTICUM
1673 249 1802 304 xm
1842 256 1998 305 1-8.
2193 250 2324 314 395

1239 479 1376 546 IIb.

625 604 741 661 Ser.
770 603 836 658 im
877 603 1189 659 Tusculano
1225 580 1325 657 IV
1356 567 1432 657 K.
1460 604 1593 658 Ium.
1623 621 1674 658 a.
1705 606 1819 659 709
1855 607 1991 671 (45).

910 724 1201 781 CICERO
1237 725 1530 780 ATTICO
1564 725 1731 781 SAL.

432 833 591 902 Cras
658 835 861 920 igitur
927 835 1140 899 auctio
1197 833 1527 899 Peducaei.
1632 832 1793 900 Cum
1846 835 2091 918 poteris
2145 855 2316 920 ergo.
2345 850 2413 904 (Π
2440 850 2483 899 ³)

247 949 272 990 ε
298 924 448 990 Etsi
493 923 801 1008 impediet
845 924 1121 987 fortasse
1165 920 1493 987 Faberius.
1570 920 1694 987 Sed
1737 926 1953 987 tamen
1998 945 2143 988 cum
2178 924 2324 988 lice-

299 1013 417 1078 bit.
489 1010 847 1096 Dionysius
892 1015 1115 1075 noster
1159 1011 1444 1095 graviter
1489 1012 1778 1094 queritur
1824 1015 1891 1076 et
1933 1016 2152 1076 tamen
2185 1013 2324 1076 iure

299 1125 337 1166 a
382 1099 713 1186 discipulis
761 1100 984 1165 abesse
1026 1119 1093 1165 se
1136 1102 1270 1163 tam
1318 1098 1444 1163 diu.
1526 1098 1756 1163 Multis
1802 1100 2015 1164 verbis
2064 1099 2324 1183 scripsit

298 1191 379 1254 ad
422 1211 543 1272 me,
589 1188 775 1253 credo
821 1188 980 1252 item
1027 1187 1104 1250 ad
1149 1191 1230 1252 te.
1313 1186 1480 1250 Mihi
1527 1187 1783 1271 quidem
1828 1187 2083 1254 videtur
2126 1189 2323 1253 etiam

298 1277 541 1342 diutius
606 1278 920 1341 afuturus.
1021 1276 1118 1341 Ac
1178 1275 1447 1360 nollem3
1511 1275 1695 1339 valde
1760 1277 1931 1341 enim
1993 1276 2319 1341 hominem

218 1391 271 1430 ιο
297 1366 602 1431 desidero.

428 1452 490 1518 A
542 1457 608 1518 te
666 1453 918 1517 litteras
974 1450 1451 1537 exspectabam,
1505 1451 1790 1516 nondum
1837 1452 2109 1537 scilicet3
2169 1473 2326 1517 nam
2348 1467 2441 1519 (ΠΙ
2467 1467 2510 1518 1)

293 1542 412 1607 has
457 1562 642 1607 mane
686 1539 1125 1605 rescribebam.

1250 1713 1367 1780 III.

627 1836 740 1892 Ser.
769 1839 833 1891 in
874 1838 1186 1892 Tusculano
1221 1837 1337 1890 ΙΠ
1365 1836 1439 1890 K
1470 1836 1600 1891 Iwn.
1631 1853 1682 1891 a.
1716 1840 1827 1892 709
1864 1839 2003 1906 (45).

216 1972 268 2014 15
902 1958 1191 2015 CICERO
1225 1958 1519 2015 ATTICO
1553 1958 1719 2015 SAL.

421 2069 574 2154 ,Ego
633 2091 784 2134 vero
839 2069 968 2133 ista
1021 2068 1286 2134 nomina
1341 2069 1432 2132 sic
1490 2068 1725 2153 probo,
1787 2073 1863 2134 ut
1916 2068 2084 2134 nihil
2142 2069 2315 2134 aliud
2354 2092 2382 2137 1

297 2179 398 2242 me
441 2161 717 2243 moveat,
760 2158 889 2221 nisi
935 2157 1106 2242 quod
1150 2161 1226 2222 tu
1270 2156 1507 2221 videris
1553 2157 1865 2222 dubitare.
1937 2156 2109 2222 Illud
2145 2158 2315 2223 enim

298 2269 429 2311 11011
475 2246 716 2330 accipio
762 2247 831 2309 in
877 2246 1114 2310 bonam
1159 2249 1429 2331 partem,
1471 2247 1636 2327 quod
1677 2245 1756 2309 ad
1791 2268 1894 2310 me
1929 2246 2155 2331 refers3
2203 2247 2314 2331 qui

296 2336 352 2400 si
412 2337 551 2419 ipse
613 2334 948 2420 negotium
998 2356 1212 2399 meum
1266 2355 1580 2419 gererem,
1641 2334 1807 2398 nihil
1859 2356 2145 2419 gererem
2187 2336 2316 2399 nisi

216 2451 270 2490 20
297 2423 565 2490 consilio
630 2427 762 2487 tuo.
872 2420 998 2487 Sed
1059 2427 1277 2487 tamen
1340 2421 1647 2507 intellego
1710 2423 1917 2507 magis
1977 2426 2042 2487 te
2099 2424 2168 2487 id
2225 2425 2315 2488 fa-

297 2534 436 2578 cere
483 2511 835 2596 diligentia,
884 2533 1010 2594 qua
1055 2532 1305 2594 semper
1349 2511 1570 2594 uteris,
1617 2532 1810 2594 quam
1851 2511 2022 2596 quod
2057 2512 2312 2576 dubites

295 2602 371 2665 de
444 2600 816 2665 nominibus
893 2599 1055 2663 istis.
1163 2598 1428 2663 Etenim
1501 2596 1789 2663 Caelium
1861 2621 1994 2664 non
2062 2600 2314 2685 probas,

296 2689 482 2772 plura
524 2709 659 2753 non
702 2688 817 2752 vis
892 2686 1256 2771 Utrumque
1300 2687 1510 2751 laud0.
1588 2686 1710 2750 His
1758 2688 1960 2772 igitur
2005 2689 2312 2752 utendum

295 2778 341 2858 †
359 2797 614 2860 espraes
660 2776 1001 2861 aliquando
1053 2775 1259 2840 factus
1305 2779 1475 2840 esset
1513 2775 1584 2838 in
1618 2774 1722 2839 his
1760 2775 2017 2859 quidem
2053 2776 2311 2842 tabulis.

214 2890 268 2931 25
296 2865 357 2928 A
419 2886 519 2928 me
574 2865 777 2949 igitur
831 2865 1059 2929 omnia.
1159 2861 1345 2940 Quod
1409 2863 1544 2927 dies
1606 2863 1866 2949 longior
1920 2869 2049 2951 est,
2103 2869 2312 2930 tenea-

295 2974 439 3017 mus
494 2953 717 3036 mod0,
776 2952 948 3037 quod
1000 2950 1323 3037 volumuS,
1378 2955 1537 3035 puto
1593 2950 1731 3016 fore
1785 2953 1979 3017 istam
2033 2954 2228 3018 etiam
2274 2976 2312 3018 a

294 3062 606 3125 praecone
652 3003 838 3124 diem,
884 3043 1055 3106 certe
1102 3041 1181 3105 ab
1226 3039 1584 3105 heredibus.

425 3127 524 3193 De
570 3126 799 3212 Crispo
847 3134 911 3193 et
956 3128 1236 3193 Mustela
1279 3127 1547 3215 videbis,
1583 3132 1649 3193 et
1692 3129 1885 3193 velim
1924 3130 2105 3215 scire,
2149 3150 2312 3214 quae

296 3217 382 3283 sit
436 3240 584 3302 pars
630 3217 917 3281 duorum.
1008 3216 1105 3281 De
1150 3216 1341 3281 Bruti
1386 3217 1664 3284 adventu
1709 3239 1882 3282 eram
1927 3219 2134 3283 factus
2181 3239 2310 3282 cer·
2346 3236 2378 3283 2

213 3333 268 3374 so
295 3306 440 3371 tior.
532 3304 861 3370 Attulerat
915 3306 1086 3370 enim
1132 3305 1211 3369 ab
1260 3327 1335 3370 eo
1378 3305 1680 3390 Aegypta
1723 3306 1994 3370 libertus
2039 3307 2308 3372 litteras.

293 3394 445 3478 Misi
490 3394 569 3458 ad
613 3397 679 3457 te
725 3394 1085 3478 epistulam,
1135 3393 1285 3478 quia
1332 3394 1660 3458 commode
1707 3394 1947 3478 scripta
1992 3398 2145 3457 erat.
