2642 3923
658 159 1172 215 EPISTULARUM
1207 160 1307 214 AD
1345 159 1670 215 ATTICUM
1709 161 1808 215 XV
1845 166 1895 230 ὅ,
1934 166 1981 214 6.
2203 161 2330 225 471

1269 409 1382 475 VI.

528 530 643 588 Ser.
666 531 732 585 in
770 532 1083 586 Tusculano
1131 532 1219 585 VI
1249 531 1323 585 K.
1354 532 1483 585 Iwn.
1512 532 1720 600 vesperi
1755 549 1806 586 a.
1838 534 1946 586 710
1984 534 2121 598 (44).

955 654 1244 709 CICERO
1274 654 1567 709 ATTICO
1600 654 1765 709 SAL.

450 759 613 828 Cum
675 763 753 827 ad
807 785 908 827 me
961 761 1203 827 Brutus
1258 768 1481 827 noster
1536 763 1896 851 scripsisset
1943 766 2008 826 et
2053 760 2333 847 Cassius,
2373 778 2401 825 1

259 877 287 919 5
320 854 390 914 ut
443 850 759 938 Hirtium,
824 852 936 935 qui
999 851 1203 916 adhuc
1261 852 1471 916 bonus
1526 841 1756 915 fuisset
1810 850 1849 892 ’¹‘
1885 850 1924 892 ’¹‘
1959 850 1998 892 ’¹‘
2057 851 2333 915 sciebam

314 961 519 1023 neque
575 961 719 1003 eum
765 939 1162 1004 confidebam
1205 940 1344 1004 fore
1391 962 1533 1003 mea
1579 940 1960 1004 auctoritate
2005 939 2332 1003 meliorem

316 1024 632 1114 (Antonio
689 1032 788 1090 est
843 1029 1012 1091 enim
1066 1028 1342 1091 fortasse
1396 1028 1652 1111 iratior,
1714 1049 1940 1091 causae
1985 1049 2134 1091 vero
2181 1028 2332 1091 ami-

314 1113 658 1202 cissimus),
685 1120 900 1180 tamen
938 1116 1016 1179 ad
1056 1138 1203 1180 eum
1240 1117 1469 1200 scripsi
1506 1117 1690 1199 eique
1727 1116 2108 1199 dignitatem
2142 1114 2332 1179 Bruti

315 1207 381 1268 et
446 1202 627 1268 Cassi
690 1204 1141 1269 commendavi.
1249 1203 1369 1268 Ille
1434 1205 1589 1288 quid
1651 1203 1814 1267 mihi
1878 1204 2332 1288 rescripsisset,

234 1321 288 1360 10
316 1292 476 1357 scire
520 1296 586 1355 te
630 1293 836 1376 volui,
884 1294 938 1355 si
984 1293 1153 1356 forte
1196 1293 1363 1356 idem
1409 1296 1484 1356 tu
1531 1293 1702 1394 quod
1747 1313 1866 1377 ego
1914 1292 2330 1375 existimares,

315 1382 478 1444 istos
516 1381 710 1444 etiam
744 1402 916 1444 nunc
952 1381 1172 1466 vereri,
1218 1402 1300 1444 ne
1335 1381 1558 1445 forte
1539 1381 1665 1464 1psi
1702 1381 1912 1444 nostri
1947 1380 2095 1463 plus
2133 1380 2332 1445 animi

312 1468 594 1532 habeant
641 1491 834 1553 quam
880 1469 1137 1532 habent.

704 1606 1084 1660 ‘HIRTIUS
1131 1604 1533 1660 CICERONI
1581 1606 1733 1661 SUO
1784 1606 1950 1661 SAL.

449 1712 745 1778 Rurene
789 1714 936 1777 iam
980 1714 1362 1799 redierim,
1401 1716 1723 1797 quaeris.
1796 1714 1912 1777 An
1959 1735 2123 1800 ego,
2167 1736 2330 1779 cum
2367 1731 2398 1778 2

239 1829 290 1870 ιε»
319 1824 573 1868 omnes
663 1802 1001 1884 caleant,
1092 1802 1487 1886 ignaviter
1577 1803 1897 1886 aliquid
1988 1803 2327 1867 faciam?

317 1891 572 1954 Etiam
644 1912 729 1954 ex
802 1890 986 1953 urbe
1060 1912 1220 1953 sum
1283 1891 1710 1975 profectuS,
1783 1891 2068 1954 utilius
2134 1892 2329 1954 enim

320 1980 564 2044 statui
609 1980 897 2043 abesse.
990 1978 1145 2043 Has
1194 1980 1345 2043 tibi
1391 1980 1710 2043 litteras
1758 1981 2018 2043 exiens
2066 1981 2142 2043 in
2188 1980 2328 2044 Tu·

307 2069 711 2133 'sculanum
786 2068 1079 2151 scripsi.
1189 2066 1371 2132 Noli
1435 2072 1682 2132 autem
1744 2090 1856 2132 me
1919 2072 2070 2132 tam
2135 2073 2328 2133 stre-

317 2179 550 2220 nuum
612 2160 909 2240 putare,
981 2159 1064 2219 ut
1129 2156 1215 2219 ad
1278 2154 1537 2219 Nonas
1601 2178 2002 2221 recurram.
2107 2155 2327 2220 Nihil

239 2273 291 2312 20
319 2245 514 2308 enim
566 2243 713 2308 iam
766 2244 990 2308 video
1048 2266 1245 2327 opus
1300 2266 1465 2308 esse
1518 2249 1784 2309 nostra
1838 2267 2041 2329 cura,
2097 2268 2327 2329 quon-

317 2334 466 2397 iam
510 2332 909 2416 praesidia
955 2337 1132 2396 sunt
1179 2332 1257 2395 in
1301 2336 1420 2396 tot
1467 2354 1701 2398 annos
1747 2334 2070 2417 provisa.
2143 2332 2327 2398 Bru·

317 2425 444 2485 tus
518 2424 592 2484 et
655 2418 970 2484 Cassius
1034 2420 1356 2503 utinam,
1431 2442 1648 2504 quam
1707 2421 1937 2485 facile
2001 2444 2038 2484 a
2099 2426 2178 2486 te
2243 2423 2327 2486 de

318 2531 427 2574 me
489 2510 907 2591 impetrare
972 2513 1324 2592 possunt,
1386 2509 1498 2572 ita
1559 2531 1690 2593 per
1753 2514 1827 2573 te
1886 2515 2329 2596 exorentur,

317 2620 407 2661 ne
462 2598 662 2681 quod
714 2597 1040 2660 calidius
1095 2597 1358 2660 ineant
1414 2598 1857 2662 consilium!
1939 2596 2325 2663 Cedentes

243 2713 293 2752 25
322 2686 519 2749 enim
590 2685 775 2749 haec
847 2685 958 2748 ais
1025 2685 1437 2767 scripsisse
1501 2723 1586 2731 —
1653 2708 1795 2769 quo
1862 2690 1990 2749 aut
2055 2688 2325 2770 quare?

319 2772 621 2858 Retine,
670 2773 984 2837 obsecro
1031 2777 1134 2859 te,
1178 2771 1478 2859 Cicero,
1522 2773 1706 2837 illos
1753 2778 1825 2838 et
1870 2775 2033 2839 noli
2080 2776 2328 2840 sinere
2365 2792 2397 2841 3

319 2862 504 2925 haec
570 2861 819 2925 omnia
881 2862 1163 2945 perire,
1229 2883 1417 2944 quae
1481 2863 1830 2926 funditus
1893 2865 2173 2928 medius
2236 2865 2328 2928 fi-

321 2950 490 3013 dius
535 2950 855 3033 rapinis,
900 2950 1306 3034 incendiis,
1353 2950 1709 3014 caedibus
1755 2956 2326 3035 pervertuntur.

321 3038 673 3123 Tantum,
740 3038 807 3101 si
864 3038 1042 3121 quid
1097 3038 1403 3122 timent,
1467 3043 1814 3123 caveant,
1868 3039 2073 3103 nihil
2125 3063 2328 3123 prae·

245 3153 296 3193 zo
322 3131 531 3190 terea
576 3126 1029 3189 moliantur.
1101 3124 1271 3189 Non
1316 3127 1603 3190 medius
1650 3128 1889 3191 fidius
1939 3129 2327 3192 acerrimis

320 3214 915 3298 consiliis'plus
981 3236 1197 3298 quam
1262 3215 1490 3278 etiam
1554 3215 2087 3299 inertissimis,
2160 3217 2329 3279 dum

319 3303 536 3367 modo
584 3302 1138 3387 diligentibuS,
1183 3311 1768 3386 consequentur.
1859 3303 2062 3367 Haec
2107 3304 2330 3390 enim,

323 3412 515 3475 quae
559 3391 847 3476 fluunt,
891 3413 1023 3473 per
1069 3413 1145 3454 se
1191 3391 1558 3455 diuturna
1600 3413 1751 3455 non
1798 3396 2000 3476 sunt3
2045 3392 2122 3455 in
2160 3414 2330 3456 con-

320 3480 670 3544 tentione
717 3483 1167 3563 praesentes
1214 3480 1300 3542 ad
1338 3480 1752 3543 nocendum
1788 3479 2073 3542 habent
2108 3481 2328 3543 vires.

1969 3711 2069 3782 Ἴ,
2616 3713 2617 3722 ’
