2642 3923
357 189 480 253 170
1013 189 1086 243 Μ.
1126 188 1338 245 TULLI
1373 188 1751 245 CICERONIS

351 333 561 418 valde,
613 336 687 397 ut
742 332 957 416 debet,
1012 354 1224 397 amare
1279 337 1471 417 teque
1524 333 1805 399 mirifice.
1900 332 2024 400 Sed
2077 336 2178 397 est
2239 355 2369 397 ma

352 443 550 506 gnum
597 420 759 486 illud
805 384 1080 506 quidem,
1123 442 1347 486 verum
1392 424 1612 487 tamen
1653 421 2001 507 multiplex
2046 421 2230 505 pueri
2274 421 2368 485 in-

352 510 638 596 genium3
683 511 754 574 in
800 530 926 594 quo
974 529 1094 594 ego
1140 510 1419 595 regendo
1466 509 1673 575 habeo
1717 510 1972 595 negotii
2021 510 2196 575 satis.

487 596 799 673 Quoniam
855 597 1156 681 respondi
1209 601 1569 681 postremae
1624 601 1774 664 tuae
1830 598 2102 684 paginae
2157 598 2366 682 prima

353 708 521 772 mea,
572 706 743 751 nunc
796 684 876 750 ad
931 685 1204 787 primam
1249 689 1565 751 revertar·
1580 690 1776 751 tuam,
1865 684 2365 771 Peloponnesias
2419 713 2446 755 ⁵

354 774 646 839 civitates
702 794 921 838 omnes
975 773 1332 837 maritimas
1388 795 1526 839 esse
1571 773 1853 840 hominis
1897 796 2030 841 non
2073 794 2368 860 nequam,

355 861 466 927 sed
511 862 704 927 etiam
751 866 865 927 tuo
911 861 1147 926 iudicio
1193 861 1469 948 probati,
1515 861 1907 948 Dicaearchi,
1953 862 2194 928 tabulis
2239 884 2367 928 cre-

355 950 502 1014 didi.
592 949 657 1015 Is
713 950 936 1014 multis
982 949 1354 1014 nominibus
1399 951 1471 1014 in
1514 950 1971 1036 Trophoniana
2015 948 2365 1015 Chaeronis

352 1039 720 1103 narratione
757 1035 1032 1103 Graecos
1079 1037 1148 1102 in
1195 1058 1268 1102 eo
1305 1039 1650 1126 reprendit,
1695 1039 1867 1124 quod
1901 1059 2077 1104 mare
2111 1042 2366 1103 tantum

357 1127 560 1192 secuti
613 1126 773 1211 sint,
831 1146 948 1192 nec
1001 1126 1208 1191 ullum
1251 1126 1320 1190 in
1366 1124 1805 1211 Peloponneso
1852 1128 2064 1193 locum
2111 1127 2364 1211 excipit.
2396 1154 2448 1195 10

356 1213 564 1290 Quom
599 1213 757 1278 mihi
794 1216 1017 1279 auctor
1051 1214 1332 1298 placeret
1378 1212 1653 1301 (etenim
1692 1219 1830 1281 erat
1868 1216 2368 1301 ὶστορικώτατος

355 1307 419 1367 et
476 1302 725 1368 vixerat
783 1302 853 1366 in
893 1300 1408 1404 Peloponneso),
1465 1303 1824 1369 admirabar
1881 1307 2097 1369 tamen
2147 1307 2210 1368 et
2260 1303 2367 1368 vix

356 1390 694 1456 adcredens
736 1390 1198 1455 communicavi
1237 1411 1384 1455 cum
1418 1389 1750 1475 Dionysio.
1806 1391 2083 1477 Atque
2063 1414 2120 1457 is
2156 1392 2366 1477 primo

355 1482 454 1544 est
493 1483 877 1563 commotus,
931 1478 1182 1563 deinde,
1227 1479 1398 1563 quod
1444 1479 1521 1544 de
1563 1480 1611 1563 †
1629 1479 1745 1545 deo
1791 1501 1937 1545 cum
1980 1481 2108 1545 isto
2146 1478 2368 1545 Dicae-

302 1625 307 1630 .
355 1565 547 1633 archo
592 1587 726 1632 non
766 1566 979 1631 minus
1023 1567 1186 1632 bene
1229 1567 1661 1632 existumabat
1696 1589 1891 1653 quam
1925 1571 2000 1633 tu
2036 1569 2113 1634 de
2149 1566 2216 1634 C.
2246 1567 2369 1633 Ve-
2396 1594 2446 1635 ιο

289 2556 324 2605 4

357 1656 559 1721 storio
570 1706 590 1740 ,
661 1675 779 1741 ego
853 1654 929 1720 de
992 1653 1078 1720 M.
1130 1651 1358 1720 Cluvio
1368 1707 1387 1740 ,
1454 1676 1591 1721 non
1652 1655 2017 1743 dubitabat,
2089 1657 2247 1742 quin
2308 1657 2368 1721 ei

356 1742 768 1809 crederemus.
832 1742 1142 1808 Arcadiae
1185 1743 1486 1810 censebat
1532 1764 1668 1809 esse
1712 1742 2004 1829 Lepreon
2049 1744 2398 1830 quoddam

355 1833 799 1917 maritumum3
856 1830 1067 1897 Tenea
1121 1834 1334 1897 autem
1394 1836 1461 1897 et
1503 1830 1816 1917 Aliphera
1867 1836 1932 1898 et
1972 1831 2177 1900 Tritia
2231 1835 2367 1899 νεό-

355 1936 583 1987 nuova
617 1920 678 1985 ei
711 1919 1110 2007 videbantur,
1144 1919 1339 2006 idque
1374 1928 1466 2007 τῷ
1502 1931 1635 1987 τῶν
1662 1931 1834 1988 νεῶν
1858 1923 2197 2009 καταλόγῳ
2225 1942 2368 1988 con-

356 2009 682 2096 firmabat,
732 2008 846 2074 ubi
897 2009 1140 2075 mentio
1193 2030 1325 2074 non
1377 2009 1455 2074 fit
1507 2010 1799 2075 istorum.
1897 2008 1959 2075 It
1961 2031 2123 2095 aque
2168 2011 2368 2075 istum
2395 2036 2449 2076 ιο

439 2119 477 2164 o
548 2097 762 2163 locum
833 2097 1103 2162 totidem
1173 2097 1387 2162 verbis
1462 2120 1500 2163 a
1570 2032 2044 2164 Dicaearchoaq
2044 2099 2364 2163 transtuli

359 2184 724 2251 ‘hliasios'
770 2189 984 2250 autem
1029 2184 1155 2250 dici
1218 2185 1522 2271 sciebam,
1579 2189 1643 2250 et
1695 2186 1789 2251 ita
1842 2186 1942 2251 fac
1985 2188 2059 2249 ut
2102 2186 2369 2273 habeas3

355 2294 475 2340 nos
522 2273 778 2358 quidem
822 2273 916 2338 sic
957 2272 1285 2339 habemus.
1359 2237 1522 2339 Sed
1519 2273 1729 2358 primo
1765 2296 1868 2339 me
1904 2273 2226 2358 ἀναλογία
2269 2274 2369 2339 de-

357 2365 636 2447 ceperat,
712 2365 989 2444 Φλιοῦς,
1043 2359 1328 2445 Ὀποῦς,
1391 2365 1679 2446 Σιποῦς,
1736 2362 1908 2448 quod
1952 2360 2367 2446 Ὀπούντιοι,

360 2450 776 2517 Σιπούντιοι.
866 2449 992 2516 Sed
1033 2449 1157 2515 hoc
1201 2449 1506 2515 continuo
1552 2450 2068 2516 correximus..
2394 2475 2448 2518 π

492 2536 756 2617 Laetari
795 2542 859 2602 te
901 2540 1126 2603 nostra
1162 2538 1599 2604 moderatione
1636 2541 1702 2604 et
1738 2538 2133 2604 continentia
2167 2537 2351 2604 video

359 2625 526 2691 Tum
588 2626 656 2691 id
716 2648 782 2692 m
892 2647 922 2690 s
985 2626 1243 2711 faceres,
1298 2626 1356 2690 si
1409 2626 1675 2692 adesses.
1765 2626 1981 2710 Atque
2033 2626 2157 2692 hoc
2211 2626 2370 2712 fore,

362 2715 533 2818 quod
576 2714 681 2800 egi
726 2736 803 2780 ex
872 2714 1059 2779 dibus
1094 2712 1459 2779 Februariis
1496 2713 1840 2780 Laodiceae
1877 2714 1957 2780 ad
1991 2712 2133 2779 Kal.
2163 2714 2366 2779 Maias

361 2803 645 2869 omnium
673 2802 1100 2869 dioecensium
1126 2805 1381 2887 praeter
1406 2799 1687 2889 Ciliciae,
1712 2801 2033 2905 mirabilia
2061 2802 2368 2887 quaedam

361 2890 701 2956 effecimus,
792 2889 893 2956 Ita
949 2891 1192 2955 multae
1245 2890 1540 2957 civitates
1596 2890 1772 2956 omni
1827 2911 1972 2957 aere
2032 2891 2240 2955 alieno
2295 2890 2367 2955 li·
2394 2916 2448 2957 ω

359 2979 637 3067 beratae,
678 2978 922 3045 multae
966 2979 1148 3044 valde
1183 2979 1431 3044 levatae
1467 2983 1637 3064 sunt,
1683 3000 1904 3045 omnes
1943 2979 2077 3044 suis
2113 2978 2366 3064 legibus

360 3072 427 3134 et
478 3031 732 3133 iudiciis
787 3090 940 3134 usae
994 3067 1396 3152 αὐτονομιαν
1451 3067 1718 3152 adeptae
1771 3067 2157 3133 revixerunt.
2247 3066 2368 3132 His

362 3177 482 3242 ego
547 3156 797 3222 duobus
865 3155 1206 3241 generibus
1271 3154 1645 3221 facultatem
1707 3155 1787 3221 ad
1841 3177 1910 3221 se
1965 3177 2107 3220 aere
2160 3155 2368 3220 alieno

358 3243 718 3309 liberandas
765 3246 877 3309 aut
920 3243 1220 3309 levandas
1258 3244 1422 3329 dedi,
1465 3265 1613 3328 uno,
1651 3244 1820 3329 quod
1859 3244 2119 3309 omnino
2157 3244 2371 3308 nullus

358 3331 428 3395 in
468 3331 743 3415 imperio
789 3354 932 3398 meo
979 3337 1276 3416 sumptus
1312 3331 1521 3397 factus
1559 3336 1659 3398 est
1704 3329 1993 3418 (nullum
2029 3354 2175 3397 cum
2211 3332 2372 3418 dic0,
2398 3355 2449 3398 ³⁵

359 3439 491 3519 non
533 3418 764 3502 loquor
808 3419 932 3485 ὑπε
901 3417 1292 3569 Ιζῖβολικῶς)
1307 3473 1328 3507 ,
1380 3421 1623 3505 nullus,
1668 3420 1958 3507 inquam,
2000 3442 2082 3486 ne
2124 3424 2372 3485 terrun·

359 3505 494 3568 cius
552 3505 704 3588 quid
705 3528 823 3570 em.
979 3528 1053 3570 ac
1106 3512 1323 3572 autem
1376 3530 1446 3574 re
1499 3508 1871 3574 incredibile
1917 3512 2016 3574 est
2062 3512 2373 3594 quantum
