2642 3923
341 178 474 244 504
980 182 1050 235 M.
1091 180 1302 235 TULLl
1343 179 1719 234 CICERONIS

343 322 688 407 significari
742 328 990 407 putem,
1045 328 1111 388 et
1165 324 1422 387 hercule
1466 322 1560 386 ita
1604 329 1719 386 est.
1810 321 1999 408 Nam,
2042 340 2166 387 XVI
2210 324 2374 389 Kal.

342 407 514 495 Sept.
552 432 696 475 cum
733 412 1047 475 venissem
1084 411 1356 494 Veliam,
1404 410 1644 474 Brutus
1682 409 1954 495 audivit3
2001 416 2137 475 erat
2184 414 2377 477 enim

341 520 486 563 cum
532 499 665 563 suis
709 500 981 563 navibus
1027 500 1195 582 apud
1240 498 1536 563 Heletem
1580 497 1849 562 fluvium
1894 499 2056 564 citra
2101 499 2372 565 Veliam

340 587 471 651 mil.
509 610 674 671 pass.
712 605 806 651 111.
879 587 1156 651 Pedibus
1202 588 1283 652 ad
1329 608 1432 651 me
1470 586 1709 650 statim.
1782 586 1903 651 Dei
1940 587 2368 675 immortaleS,

341 697 532 758 quam
587 676 768 741 valde
812 676 921 739 ille
966 676 1177 740 reditu
1222 676 1326 740 vel
1370 676 1588 758 potius
1634 675 1997 739 reversione
2041 698 2183 740 mea
2229 677 2367 740 lae·
2433 702 2464 743 ο

338 767 513 827 tatus
561 763 783 827 effudit
827 764 940 828 illa
985 764 1225 849 omnia,
1284 785 1447 846 quae
1490 766 1802 827 tacuerat!
1867 768 1940 827 ut
1985 764 2366 829 recordarer

339 851 501 915 illud
544 856 730 916 tuum
777 850 969 915 ‘Nam
1013 852 1256 916 Brutus
1299 855 1523 915 noster
1560 851 1748 914 silet'.
1823 850 2103 916 Maxime
2139 858 2368 918 autem

339 940 596 1003 dolebat
640 962 743 1005 me
786 939 928 1004 Kal.
968 937 1138 1005 Sext.
1183 940 1253 1004 in
1299 944 1526 1003 senatu
1568 960 1703 1003 non
1744 939 1958 1004 fuisse.
2050 939 2364 1005 Pisonem

338 1028 582 1091 ferebat
626 1028 697 1092 in
742 1028 1014 1112 caelum;
1079 1050 1145 1092 se
1192 1032 1406 1091 autem
1451 1028 1705 1111 laetari,
1765 1028 1937 1110 quod
1983 1028 2358 1113 effugissem

340 1116 495 1179 duas
542 1117 852 1180 maximas
896 1117 1428 1200 vituperationes,
1481 1137 1691 1199 unam,
1748 1137 1941 1198 quam
1986 1116 2215 1180 itinere
2261 1117 2359 1181 fa-
2392 1143 2452 1182 10

338 1203 558 1268 ciendo
604 1225 706 1269 me
751 1204 1201 1288 intellegebam
1247 1205 1586 1289 suscipere,
1631 1204 2096 1286 desperationis
2141 1227 2212 1268 ac
2256 1227 2357 1269 re-

336 1291 618 1356 lictionis
671 1293 766 1357 rei
819 1292 1111 1377 publicae
1164 1290 1422 1379 (fientes
1466 1314 1715 1356 mecum
1761 1291 1955 1377 vulgo
2004 1293 2356 1375 quereban-

336 1384 470 1464 tur,
544 1381 778 1463 quibus
851 1380 928 1444 de
997 1402 1140 1445 meo
1214 1381 1406 1445 celeri
1470 1380 1678 1443 reditu
1750 1401 1883 1443 non
1946 1381 2355 1466 probabam),

337 1468 630 1553 alteram,
690 1469 767 1532 de
811 1490 938 1551 qua
983 1468 1253 1552 Brutus,
1307 1472 1372 1532 et
1419 1469 1527 1552 qui
1577 1489 1703 1532 una
1748 1470 1930 1531 erant
1977 1465 2195 1554 (multi
2243 1492 2351 1534 au-

337 1560 467 1620 tem
504 1554 732 1644 erant),
775 1556 1202 1641 laetabantur,
1238 1556 1411 1639 quod
1447 1577 1586 1620 eam
1622 1555 2160 1639 vituperationem
2198 1557 2350 1621 effu-
2382 1582 2436 1622 ιι

335 1644 599 1730 gissem,
661 1666 764 1709 me
830 1644 1181 1709 existimari
1236 1645 1315 1708 ad
1374 1642 1687 1727 Olympia.
1779 1643 1922 1708 Hoc
1975 1665 2126 1709 vero
2181 1644 2350 1709 nihil

333 1733 586 1815 turpius
650 1734 878 1817 quovis
932 1733 1025 1797 rei
1071 1732 1365 1815 publicae
1409 1736 1722 1815 tempore,
1779 1732 1888 1795 sed
1933 1731 2058 1796 hoc
2103 1732 2351 1798 ἀναπο-

333 1823 654 1903 λόγητον..
721 1820 866 1907 Ego
919 1842 1069 1885 vero
1126 1824 1345 1884 austro
1401 1820 1643 1905 gratias
1700 1819 1924 1904 miras,
1979 1820 2092 1903 qui
2146 1843 2249 1885 me
2311 1845 2349 1886 a

332 1912 516 1973 tanta
557 1909 824 1974 infamia
868 1909 1188 1975 averterit.

264 2014 297 2063 6
463 1997 873 2062 Revorsionis
933 1998 1050 2062 has
1113 1999 1159 2079 †
1197 1997 1517 2081 speciosas
1579 2018 1799 2063 causas
1865 1996 2065 2061 habes
2141 1997 2337 2060 iustas
2371 2023 2432 2061 20

332 2085 477 2149 illas
526 2086 778 2169 quidem
825 2090 890 2150 et
936 2108 1227 2170 magnas3
1275 2086 1389 2150 sed
1430 2085 1609 2149 nulla
1643 2085 1893 2169 iustior,
1941 2106 2135 2168 quam
2173 2085 2339 2168 quod

331 2176 407 2238 tu
460 2174 629 2238 idem
682 2174 825 2237 aliis
884 2175 1149 2238 litteris:
1215 2172 1510 2238 ‘Provide
1522 2226 1539 2258 ,
1602 2174 1658 2236 si
1712 2173 1813 2237 cui
1862 2173 2016 2255 quid
2062 2173 2346 2256 debetur,

331 2264 406 2325 ut
470 2262 582 2346 sit,
654 2263 821 2326 unde
882 2285 999 2347 par
1060 2262 1201 2346 pari
1263 2262 1736 2344 respondeatur.
1838 2260 2113 2324 Mirifica
2176 2262 2347 2325 enim

332 2349 735 2433 δυσχρηστία
798 2355 897 2414 est
959 2354 1221 2433 propter
1282 2354 1527 2413 metum
1592 2350 1955 2413 armorum.⁹
2046 2348 2121 2412 In
2176 2350 2346 2413 freto

331 2438 541 2502 medio
585 2437 751 2502 hanc
796 2438 1138 2521 epistulam
1172 2439 1320 2522 legi,
1366 2442 1459 2523 ut,
1512 2437 1666 2521 quid
1701 2458 1956 2520 possem
1993 2437 2347 2520 providere,
2373 2461 2423 2501 2⁵

331 2526 403 2590 in
446 2530 726 2590 mentem
769 2526 930 2590 mihi
974 2547 1106 2589 non
1149 2526 1413 2610 veniret,
1455 2525 1585 2589 nisi
1621 2529 1696 2588 ut
1732 2546 2029 2608 praesens
2066 2546 2169 2588 me
2204 2526 2348 2609 ipse

333 2614 748 2678 defenderem.
840 2611 964 2678 Sed
1008 2614 1163 2678 haec
1206 2614 1545 2699 hactenus3
1590 2613 1837 2696 reliqua
1882 2634 2112 2676 coram.

265 2721 294 2769 7
465 2701 713 2766 Antoni
752 2702 1028 2766 edictum
1063 2702 1193 2788 legi
1230 2725 1267 2766 a
1294 2701 1499 2766 Bruto
1538 2705 1603 2765 et
1638 2701 1868 2766 horum
1899 2705 2123 2765 contra
2150 2701 2347 2784 scrip·

333 2794 473 2853 tum
531 2790 872 2874 praeclare3
925 2791 1060 2876 sed,
1121 2790 1274 2875 quid
1327 2789 1456 2854 ista
1501 2789 1707 2854 edicta
1751 2790 2007 2853 valeant
2056 2793 2168 2852 aut
2216 2811 2343 2872 quo

334 2880 648 2963 spectent,
702 2879 890 2961 plane
934 2900 1066 2942 non
1110 2879 1310 2942 video.
1403 2875 1539 2941 Nec
1584 2897 1702 2961 ego
1748 2899 1934 2960 nunc,
1980 2881 2054 2940 ut
2097 2876 2342 2940 Brutus
2373 2902 2431 2942 ω

332 2967 657 3049 censebat,
711 2967 880 3030 istuc
934 2967 1012 3031 ad
1064 2989 1200 3030 rem
1254 2966 1578 3048 publicam
1633 2966 2081 3048 capessendam
2137 2963 2325 3032 venio

333 3053 499 3129 Quid
535 3055 704 3118 enim
739 3055 879 3119 fieri
914 3056 1175 3140 potest?
1220 3053 1398 3117 Num
1427 3055 1571 3138 quis
1598 3052 1817 3117 Pisoni
1855 3057 1954 3117 est
1991 3049 2345 3117 adsensus?

329 3164 487 3206 num
540 3142 731 3207 rediit
782 3143 922 3226 ipse
974 3142 1331 3227 postridie?
1403 3139 1527 3205 Sed
1581 3142 1804 3205 abesse
1856 3140 2023 3205 hanc
2066 3145 2343 3206 aetatem

330 3230 522 3314 longe
569 3253 606 3294 a
653 3231 942 3312 sepulcro
988 3234 1229 3317 negant
1275 3235 1586 3312 oportere.

262 3337 294 3384 8
466 3315 616 3404 Sed,
670 3319 933 3382 obsecro
979 3323 1072 3404 te,
1129 3319 1283 3402 quid
1330 3323 1446 3403 est,
1491 3318 1665 3401 quod
1711 3317 1926 3382 audivi
1970 3317 2048 3380 de
2093 3313 2345 3379 Bruto‘?
2373 3342 2433 3384 ³⁸

331 3404 561 3469 Piliam
640 3408 1066 3492 πειράζεσθαι
1137 3407 1501 3493 παραλύσει
1572 3411 1639 3470 te
1711 3406 2042 3489 scripsisse
2114 3403 2343 3467 aiebat.

332 3491 535 3556 Valde
588 3515 727 3557 sum
783 3498 1158 3558 commotus
1248 3494 1400 3558 Etsi
1443 3494 1612 3558 idem
1655 3498 1723 3559 te
1768 3494 2042 3559 scribere
2089 3513 2346 3575 sperare
