2642 3923
705 211 1219 266 EPISTULARUM
1256 213 1356 265 AD
1393 212 1697 266 BRUTUM
1734 214 1760 267 I
1798 219 1880 268 10.
2171 214 2302 278 533

287 356 390 420 vel
445 355 878 457 potentissimi
932 356 1150 439 potius
1205 356 1489 439 (quando
1536 357 1793 441 quidem
1838 358 2129 441 potentia
2173 358 2303 421 iam

285 445 355 508 in
415 445 481 508 vi
533 442 748 528 posita
802 447 902 508 est
957 448 1023 508 et
1070 443 1296 544 armis)
1342 445 1596 529 accidit,
1651 450 1725 509 ut
1769 467 1956 509 nemo
2003 446 2311 509 tribunus·

287 532 523 618 plebis,
582 553 770 596 nemo
834 532 960 596 alio
1016 533 1430 617 magistratu,
1492 556 1679 598 nemo
1736 535 2025 616 privatus
2081 539 2304 598 auctor

289 622 641 685 exsisteret.
734 618 858 684 Sed
915 621 987 684 in
1039 620 1158 684 hac
1214 622 1576 685 constantia
1630 626 1822 705 atque
1878 621 2119 687 virtute
2166 627 2302 687 erat

233 735 260 776 5
288 713 505 773 tamen
564 709 841 773 sollicita
895 708 1138 773 civitas,
1233 708 1574 773 Illudimur
1630 710 1795 774 enim
1810 761 1830 793 ,
1882 709 2109 794 Brute,
2162 714 2302 774 tum

286 798 568 861 militum
612 797 875 882 deliciis,
931 801 1073 861 tum
1117 797 1527 881 imperatoris
1574 797 1932 862 insolentia.
2024 799 2303 862 Tantum

287 886 559 970 quisque
605 907 672 949 se
717 885 788 949 in
831 906 902 949 re
945 885 1205 968 publica
1248 907 1439 969 posse
1483 886 1790 969 postulat,
1838 891 2150 969 quantum
2193 886 2304 951 ha·

285 973 396 1039 bet
442 974 710 1058 virium3
753 995 886 1037 11011
930 975 1118 1059 ratio,
1160 996 1294 1038 non
1339 974 1583 1059 moduS,
1627 996 1761 1038 non
1806 975 1925 1058 lex,
1970 996 2103 1038 non
2139 996 2303 1061 mOS,

285 1085 418 1127 non
462 1063 746 1127 officium
788 1062 989 1148 valet,
1041 1084 1174 1127 non
1220 1062 1555 1147 iudicium,
1605 1084 1737 1127 non
1783 1062 2174 1127 existimatio
2221 1064 2303 1126 ci-

205 1176 259 1216 ιο
286 1151 480 1236 vium,
538 1172 672 1215 non
733 1151 1133 1234 posteritatis
1190 1150 1584 1215 verecundia.
1687 1151 1862 1215 Haec
1917 1171 2036 1236 ego
2094 1151 2302 1215 multo
2337 1172 2373 1219 4

286 1244 434 1303 ante
487 1239 884 1323 prospiciens
931 1239 1258 1325 fugiebam
1303 1261 1381 1302 ex
1427 1237 1619 1303 Italia
1664 1244 1824 1324 tum,
1869 1260 2012 1303 cum
2057 1261 2158 1303 me
2201 1261 2303 1303 ve-

286 1331 569 1392 strorum
614 1328 969 1391 edictorum
1013 1328 1183 1391 fama
1227 1328 1579 1411 revocavit3
1633 1327 1987 1391 incitavisti
2033 1348 2183 1391 vero
2228 1332 2303 1391 tu

283 1438 412 1502 me,
455 1415 676 1501 Brute,
718 1415 957 1480 Veliae.
1048 1414 1448 1499 Quamquam
1494 1416 1664 1479 enim
1711 1415 2004 1479 dolebam
2050 1417 2121 1479 in
2163 1438 2305 1479 eam

284 1525 385 1568 me
429 1503 656 1568 urbem
701 1504 812 1589 ire,
862 1525 1056 1586 quam
1098 1507 1173 1567 tu
1217 1504 1491 1587 fugereS‚
1538 1505 1645 1587 qui
1694 1526 1835 1568 eam
1878 1504 2305 1589 liberavisses,

203 1618 256 1658 15
286 1592 458 1675 quod
509 1592 671 1655 mihi
728 1613 981 1676 quoque
1036 1592 1356 1674 quondam
1403 1592 1716 1656 acciderat
1761 1592 2041 1677 periculo
2090 1592 2306 1676 simili,

285 1701 437 1743 casu
475 1680 781 1764 tristiore,
818 1681 1069 1763 perrexi
1105 1684 1326 1744 tamen
1360 1678 1762 1764 Romamque
1800 1681 2062 1764 perveni
2098 1681 2304 1745 nullo-

286 1790 409 1852 que
455 1768 772 1851 praesidio
820 1768 1136 1852 quatefeci
1171 1768 1530 1832 Antonium
1568 1773 1913 1852 contraque
1952 1769 2088 1833 eius
2128 1791 2305 1832 arma

282 1857 555 1920 nefanda
599 1856 944 1940 praesidia,
998 1879 1159 1941 quae
1206 1857 1424 1936 oblata
1471 1861 1623 1920 sunt
1669 1855 1978 1940 Caesaris,
2033 1857 2301 1920 consilio

285 1948 351 2010 et
415 1945 796 2010 auctoritate
857 1945 1125 2010 firmavi.
1217 1944 1343 2020 Qui
1407 1946 1462 2009 si
1531 1945 1784 2010 steterit
1838 1945 1961 2010 fide
2017 1945 2304 2030 mihique

205 2059 257 2100 20
284 2034 599 2118 paruerit,
653 2034 811 2098 satis
866 2035 1154 2098 videmur
1207 2033 1495 2098 habituri
1551 2034 1878 2118 praesidii3
1942 2035 2045 2098 sin
2088 2039 2303 2098 autem

283 2123 631 2206 impiorum
677 2122 945 2186 consilia
979 2122 1125 2206 plus
1161 2123 1483 2186 valuerint
1522 2145 1716 2206 quam
1750 2127 1994 2208 nostra,
2040 2126 2152 2186 aut
2189 2123 2302 2186 im-

284 2211 601 2275 becillitas
648 2211 877 2274 aetatis
920 2233 1053 2275 non
1098 2212 1385 2295 potuerit
1430 2212 1815 2294 gravitatem
1859 2232 2074 2275 rerum
2113 2211 2302 2275 susti-

281 2321 452 2384 nere,
496 2320 644 2382 spes
691 2299 898 2363 omnis
944 2303 1044 2364 est
1088 2300 1159 2363 in
1201 2304 1281 2363 te.
1359 2298 1564 2375 Quam
1610 2300 1693 2363 ob
1731 2321 1867 2362 rem
1904 2299 2146 2383 advola,
2193 2298 2304 2363 ob-

285 2409 490 2471 secro,
546 2392 738 2471 atque
792 2410 933 2451 eam
988 2409 1126 2451 rem
1170 2388 1524 2471 publicam,
1582 2410 1774 2471 quam
1820 2387 2061 2451 virtute
2108 2391 2302 2470 atque

201 2501 255 2541 25
283 2477 481 2540 animi
539 2475 978 2576 magnitudine
1023 2477 1231 2561 magis
1279 2498 1474 2560 quam
1520 2477 1766 2540 eventis
1812 2497 2028 2539 rerum
2073 2474 2303 2539 libera-

281 2565 464 2650 visti,
526 2564 705 2628 exitu
763 2564 983 2627 libera.
1075 2562 1299 2628 Omnis
1359 2565 1645 2628 omnium
1701 2585 2046 2628 concursus
2103 2564 2183 2628 ad
2236 2568 2303 2628 te

281 2653 539 2715 futurus
586 2656 699 2716 est.
773 2651 1053 2717 Hortare
1098 2652 1266 2716 idem
1312 2675 1427 2735 per
1462 2653 1713 2716 litteras
1752 2649 2062 2716 Cassium.
2139 2650 2298 2752 Spes
2337 2670 2370 2719 5

283 2739 606 2804 libertatis
664 2763 982 2824 nusquam
1026 2741 1153 2805 nisi
1200 2742 1269 2804 in
1314 2745 1678 2804 vestrorum
1724 2745 2083 2804 castrorum
2129 2740 2300 2824 prin-

285 2828 470 2911 cipiis
532 2832 646 2893 est.
736 2827 990 2893 Firmos
1051 2830 1310 2894 omnino
1368 2833 1432 2893 et
1481 2830 1669 2893 duces
1714 2829 2025 2893 habemus
2073 2828 2154 2892 ab
2203 2851 2301 2894 oc-

204 2943 258 2982 30
287 2916 534 2980 cidente
614 2921 680 2980 et
762 2918 1094 2981 exercitus.
1203 2917 1347 2981 Hoc
1419 2917 1840 2982 adulescentis
1913 2917 2303 3000 praesidium

285 3004 579 3089 equidem
616 3004 821 3069 adhuc
856 3006 1113 3070 firmum
1150 3027 1286 3069 esse
1335 3005 1602 3091 confido,
1632 3005 1741 3069 sed
1776 3006 1869 3069 ita
1905 3005 2096 3069 multi
2133 3005 2303 3070 labe·

284 3093 547 3177 faetant,
592 3098 685 3177 ut,
728 3116 808 3158 ne
854 3099 1206 3177 moveatur,
1254 3095 1576 3158 interdum
1623 3095 2051 3159 extimescam.

417 3180 635 3246 Habes
679 3185 892 3246 totum
936 3182 1030 3246 rei
1075 3182 1371 3266 publicae
1409 3187 1669 3266 statum,
1718 3183 1828 3265 qui
1867 3182 2124 3265 quidem
2161 3186 2303 3246 tum

284 3274 440 3353 erat,
485 3292 628 3334 cum
672 3269 790 3333 has
835 3270 1089 3334 litteras
1137 3271 1383 3335 dabam.
1449 3269 1665 3334 Velim
1702 3270 1997 3352 deinceps
2034 3269 2304 3333 meliora

199 3383 254 3424 35
285 3359 433 3422 sint.
528 3357 644 3423 Sin
703 3358 891 3422 aliter
949 3359 1171 3443 fuerit,
1232 3359 1405 3442 quod
1452 3359 1516 3422 di
1574 3381 1761 3423 omen
1815 3359 2134 3422 avertant!
2207 3358 2302 3421 rei

281 3446 577 3530 publicae
621 3447 826 3512 vicem
872 3446 1128 3529 dolebo,
1188 3469 1352 3531 quae
1395 3447 1779 3511 immortalis
1827 3467 1966 3511 esse
2012 3445 2307 3510 debebat.

281 3533 448 3598 Mihi
494 3535 752 3618 quidem
800 3536 1182 3620 quantulum
1228 3535 1462 3619 reliqui
1509 3534 1651 3598 est?
