2642 3923
367 200 500 265 486
1006 198 1079 252 Μ.
1118 196 1334 250 TULLI
1368 193 1743 251 CICERONIS

1316 389 1489 456 XXI.

680 514 794 570 Scr.
823 514 887 567 in
927 512 1240 567 Tusculano
1276 512 1343 567 X
1374 511 1448 565 K.
1481 510 1667 581 Quint.
1698 529 1750 565 a.
1782 515 1892 566 710
1929 514 2068 580 (44).

970 634 1259 691 CICERO
1293 633 1587 689 ATTICO
1622 634 1788 690 SAL.

298 764 326 813 1
498 743 708 809 Narro
746 744 889 829 tibi,
918 743 1195 820 Quintus
1232 748 1418 827 pater
1453 743 1736 806 exsultat
1772 742 2036 806 laetitia.
2115 739 2397 825 Scripsit

368 834 539 899 enim
592 833 764 896 filius
821 854 890 897 se
943 830 1176 897 idcirco
1232 831 1574 915 profugere
1629 831 1708 894 ad
1758 830 2036 895 Brutum
2090 829 2395 914 voluisse,
2454 859 2482 897 5

368 922 557 1006 quod,
602 943 747 985 cum
795 920 922 984 sibi
965 920 1301 1004 negotium
1346 919 1527 983 daret
1571 917 1917 1005 Antonine,
1961 922 2037 982 ut
2083 939 2227 981 eum
2264 918 2395 982 dic·

367 1014 657 1074 tatorem'
691 1009 997 1093 efficeret,
1054 1007 1444 1091 praesidium
1491 1010 1848 1092 occuparet,
1893 1006 1959 1070 id
2005 1011 2391 1089 recusasset3

366 1118 693 1161 recusasse
749 1101 964 1160 autem
1011 1117 1105 1179 se,
1156 1117 1238 1159 ne
1285 1096 1491 1179 patris
1540 1096 1824 1159 animum
1873 1094 2245 1176 offenderet;
2312 1115 2391 1156 ex

368 1207 443 1250 eo
490 1185 617 1253 sibi
660 1184 845 1249 illum
889 1184 1161 1248 hostem.
1255 1183 1443 1246 ‘Tum
1489 1183 1631 1267 me',
1686 1183 1932 1268 inquit,
1989 1181 2241 1267 ‘collegi
2287 1204 2391 1245 ve-

367 1295 514 1339 rens
525 1324 543 1357 ,
604 1294 686 1337 ne
749 1272 905 1357 quid
967 1272 1127 1335 mihi
1181 1271 1290 1336 ille
1346 1272 1552 1336 iratus
1606 1272 1729 1335 tibi
1782 1274 2056 1334 noceret.
2158 1268 2390 1353 Itaque
2421 1297 2477 1335 10

367 1382 514 1426 eum
558 1361 821 1444 placavi.
911 1358 1003 1423 Et
1048 1358 1305 1442 quidem
1354 1362 1524 1424 c—cc'fi
1570 1363 1770 1444 certa,
1823 1358 2073 1441 reliqua
2116 1358 2187 1421 in
2234 1358 2391 1441 spe.'

369 1448 610 1514 Scribit
664 1452 878 1513 autem
926 1445 1173 1511 Statius
1232 1446 1419 1511 illum
1465 1469 1606 1511 cum
1655 1451 1840 1531 patre
1882 1446 2179 1511 habitare
2224 1446 2391 1510 velle

366 1534 518 1623 (hoc
575 1558 722 1600 vero
768 1534 1034 1624 mirum)
1081 1540 1146 1600 et
1190 1536 1255 1598 id
1302 1534 1553 1620 gaudet.
1647 1535 1934 1618 Ecquem
1977 1538 2052 1598 tu
2097 1534 2212 1598 illo
2259 1555 2388 1597 cer-

368 1625 602 1689 tiorem
646 1624 1076 1689 nebulonem?

298 1730 332 1780 2
495 1711 781 1796 Ἐποχὴν
824 1716 1107 1777 vestram
1151 1712 1227 1775 de
1273 1732 1343 1775 re
1388 1709 1550 1775 Cani
1587 1710 2122 1792 [deliberationis]
2161 1709 2385 1794 probo
2415 1737 2465 1775 ιε)

368 1799 554 1865 Nihil
598 1823 771 1865 eram
817 1801 1179 1883 suspicatus
1226 1800 1301 1862 de
1347 1798 1609 1884 tabulis,
1654 1798 1972 1883 ἀκεραίως
2018 1799 2388 1862 restitutam

368 1888 744 1953 arbitrabar.
820 1887 992 1965 Quae
1030 1887 1267 1972 differs,
1311 1892 1387 1951 ut
1422 1908 1670 1951 mecum
1708 1909 1940 1973 coram,
1987 1885 2378 1970 exspectabo.

366 1978 790 2063 Tabellarios,
845 1978 1055 2063 quoad
1102 1977 1296 2061 voles,
1351 1977 1630 2059 tenebis3
1694 1998 1760 2041 es
1808 1976 1977 2041 enim
2025 1979 2382 2058 occupatus.

368 2066 553 2143 Quod
608 2067 686 2130 ad
740 2065 1098 2151 Xenonem,
1152 2065 1370 2148 probe.
1449 2063 1647 2140 Quod
1693 2064 1934 2147 scribo,
1990 2084 2137 2127 cum
2182 2062 2387 2127 absol·

367 2176 536 2218 vero,
619 2153 858 2230 Quinto
907 2153 1223 2236 scripsisti
1270 2158 1335 2216 te
1383 2153 1462 2216 ad
1507 2174 1653 2217 eum
1699 2152 1966 2216 litteras
2051 2150 2257 2216 Nemo
2294 2155 2390 2214 at-
2416 2178 2471 2217 20

298 2259 331 2307 3
370 2243 624 2306 tulerat.
717 2242 870 2306 Tiro
934 2245 1129 2326 negat
1192 2241 1324 2305 iam
1387 2241 1510 2304 tibi
1556 2241 1808 2324 placere
1852 2239 2268 2304 Brundisium
2324 2243 2392 2302 et

352 2331 625 2414 quidem
680 2330 887 2395 dicere
943 2329 1186 2413 aliquid
1240 2329 1317 2392 de
1372 2329 1708 2392 mffitibus.
1797 2328 1888 2393 At
1949 2349 2069 2413 ego
2115 2327 2244 2391 iam
2291 2327 2393 2390 de-

369 2420 680 2482 stinaram
708 2417 1116 2502 Hydruntem
1154 2418 1428 2500 quidem.
1503 2416 1856 2481 Movebant
1891 2438 1995 2480 me
2030 2420 2181 2479 tuae
2210 2416 2394 2499 quin-

370 2529 494 2590 que
528 2506 740 2571 horae.
816 2505 940 2570 Hic
978 2509 1192 2569 autem
1232 2509 1513 2588 quantus
1550 2507 1785 2581 πλοῦςέ
1851 2502 1975 2568 Sed
2013 2503 2393 2567 videbimus.

365 2591 601 2659 Nullas
657 2617 696 2658 a
750 2598 815 2657 te
870 2611 945 2658 xl
997 2592 1141 2658 Kal.
1242 2591 1517 2677 Quippe,
1574 2593 1729 2676 quid
1785 2593 1956 2658 enim
2010 2593 2140 2656 iam
2192 2592 2394 2655 novi?
2423 2618 2477 2658 25

368 2679 536 2747 Cum
581 2683 864 2766 primum
909 2682 1111 2766 igitur
1155 2681 1420 2765 poteris,
1466 2681 1699 2745 venies
1774 2680 1919 2765 Ego
1966 2701 2263 2765 proper0‚
2311 2701 2396 2744 ne

345 2774 519 2840 ‚ante
567 2769 830 2854 Sextus;
879 2792 1069 2853 quem
1116 2770 1457 2834 adventare
1505 2770 1706 2833 aiunt.

1269 2978 1495 3044 XXII.

592 3100 707 3157 Ser.
737 3102 799 3155 in
840 3102 1154 3155 Tusculano
1199 3100 1254 3154 V
1285 3100 1360 3154 K.
1397 3101 1582 3171 Quint.
1612 3115 1771 3153 mane
1808 3116 1860 3154 a.
1892 3102 2002 3154 710
2038 3102 2175 3168 (44).

976 3223 1265 3279 CICERO
1300 3221 1593 3277 ATTICO
1630 3222 1793 3276 SAL.
2425 3235 2483 3275 ³⁰

507 3330 816 3396 Gratulor
877 3332 1068 3397 nobis
1124 3331 1435 3408 Quintum
1491 3330 1700 3395 filium
1757 3329 1976 3394 exisse.
2076 3330 2399 3396 Molestus

370 3442 503 3484 non
568 3420 707 3483 erit.
806 3419 1082 3484 Pansam
1146 3420 1309 3483 bene
1363 3419 1545 3503 loqui
1600 3417 1801 3483 credo,
1905 3416 2167 3502 Semper
2220 3420 2396 3483 enim

369 3508 787 3571 coniunctum
833 3530 972 3572 esse
1017 3530 1162 3572 cum
1208 3506 1430 3572 Hirtio
1478 3507 1637 3591 scio3
1683 3506 2140 3571 amicissimum
2184 3506 2395 3572 Bruto
