2642 3923
706 220 1222 277 EPISTULARUM
1258 222 1360 276 AD
1397 221 1723 277 ATTICUM
1758 221 1836 276 IX
1873 226 1922 278 9.
2182 219 2309 284 271

296 387 489 448 quam
517 365 791 449 patriam
819 365 1126 431 servando
1156 369 1454 430 evertere.
1517 365 1616 431 De
1645 363 2100 449 septemtrione
2128 363 2314 448 plane

294 454 389 516 ita
425 457 539 518 est.
613 452 855 538 Metu0,
887 475 970 519 ne
1006 457 1272 518 vexetur
1307 453 1575 538 Epirus3
1612 454 1720 518 sed
1759 475 1947 537 quem
1984 458 2057 517 tu
2100 453 2314 517 locum

299 539 598 605 Graeciae
641 563 774 605 non
810 541 1132 628 direptum
1174 541 1259 606 iri
1302 542 1542 624 putas?
1615 541 1944 606 Praedicat
1991 541 2162 605 enim
2207 562 2313 625 pa-

298 628 427 693 lam
474 633 537 693 et
582 628 902 694 militibus
942 629 1224 694 ostendit
1261 651 1330 694 se
1364 630 1707 715 largitione
1743 631 1885 713 ipsa
1921 629 2314 713 superiorem

246 741 272 782 5
299 740 493 800 quam
544 715 716 782 hunc
773 718 927 782 fore.
1019 716 1185 782 Illud
1244 739 1346 782 me
1403 718 1724 802 praeclare
1781 718 2107 800 admones,
2167 738 2309 780 cum

297 806 483 869 illum
527 805 772 891 videro,
828 827 910 879 ne
966 805 1159 871 nimis
1216 807 1624 891 indulgenter
1679 811 1745 870 et
1799 810 1875 870 ut
1919 827 2062 870 cum
2108 805 2311 889 gravi-

297 898 432 957 tate
489 894 709 977 potius
771 893 1016 977 loquar.
1106 893 1302 959 Plane
1356 895 1449 958 sic
1513 894 1886 959 faciendum.
1977 892 2316 977 Arpinum,

298 1003 443 1046 cum
487 1003 633 1046 eum
677 1003 1057 1067 convenerO,
1102 983 1351 1067 cogito,
1393 1004 1474 1047 ne
1520 983 1689 1048 forte
1733 987 1846 1045 aut
1892 981 2124 1065 absim,
2169 1002 2311 1045 cum

299 1070 531 1154 veniet,
577 1074 687 1134 aut
734 1092 981 1135 cursem
1026 1070 1152 1134 huc
1197 1071 1352 1135 illuc
1392 1071 1496 1134 via
1541 1071 1897 1135 deterrima.
1989 1069 2315 1155 Bibulum,

218 1183 273 1223 ιο
299 1162 373 1222 ut
421 1158 672 1243 scribis,
717 1158 905 1223 audio
949 1158 1203 1224 venisse
1247 1163 1313 1223 et
1359 1158 1598 1223 redisse
1646 1159 1851 1242 pridie
1872 1156 2063 1222 'Idus

429 1245 878 1332 Philotimum,
922 1251 998 1310 ut
1042 1247 1137 1311 ais
1181 1246 1251 1311 in
1295 1247 1571 1330 epistula
1615 1248 1838 1333 tertia,
1883 1246 2310 1329 exspectabas,

297 1333 389 1398 At
434 1334 544 1398 ille
590 1333 811 1398 Idibus
857 1358 894 1399 a
938 1357 1041 1399 me
1085 1335 1410 1418 profectus
1448 1340 1561 1400 est.
1635 1334 1736 1400 Eo
1775 1335 1978 1399 serius
2017 1334 2097 1398 ad
2133 1338 2312 1398 tuam

298 1422 477 1486 illam
514 1422 876 1508 epistulam,
921 1423 1073 1506 quoi
1112 1443 1230 1507 ego
1269 1424 1490 1487 statim
1525 1424 1997 1524 rescripseram,
2031 1421 2313 1487 redditae

300 1515 453 1575 sunt
497 1532 673 1575 meae
719 1512 991 1576 litterae.
1063 1509 1160 1575 De
1197 1510 1506 1596 Domitio,
1551 1516 1625 1575 ut
1661 1512 1903 1594 scribis,
1947 1510 2040 1574 ita
2086 1511 2314 1594 opinor

222 1623 273 1665 1⁶
301 1620 458 1684 esse,
502 1603 577 1663 ut
621 1602 688 1663 et
732 1599 801 1663 in
847 1597 1097 1663 Cosano
1145 1600 1251 1685 sit,
1296 1604 1361 1663 et
1397 1599 1732 1664 consilium
1781 1601 1919 1663 eius
1963 1600 2313 1683 ignoretur.

299 1651 458 1750 Iste
481 1687 766 1751 omnium
813 1687 1227 1771 turpissimus
1275 1692 1343 1752 et
1388 1687 1888 1773 sordidissimus,
1933 1687 2045 1771 qui
2090 1707 2313 1751 consu·

297 1775 461 1839 laria
506 1775 767 1839 comitia
821 1798 859 1839 a
913 1779 1208 1859 praetore
1268 1776 1360 1840 ait
1417 1774 1640 1840 haberi
1699 1797 1912 1876 posse,
1972 1779 2069 1839 est
2126 1775 2313 1860 idem,

300 1864 412 1945 qui
467 1884 714 1946 semper
771 1863 840 1927 in
899 1885 967 1928 re
1022 1864 1279 1947 publica
1337 1864 1479 1928 fuit.
1569 1861 1797 1946 Itaque
1841 1863 2146 1927 nimirum
2191 1863 2312 1927 hoc

297 1951 458 2015 illud
519 1956 646 2038 est,
700 1952 869 2036 quod
930 1949 1163 2017 Caesar
1224 1952 1448 2018 scribit
1507 1953 1577 2017 in
1638 1975 1711 2016 ea
1772 1951 2072 2036 epistula,
2132 1951 2310 2016 cuius

215 2066 270 2105 20
299 2061 522 2124 exemp
523 2005 660 2104 lum
719 2041 797 2105 ad
855 2045 920 2105 te
978 2041 1153 2124 misi,
1212 2063 1279 2107 se
1342 2040 1503 2106 velle
1561 2042 1658 2106 uti
1715 2039 2115 2105 consilio’
2169 2061 2309 2104 meo

296 2125 474 2214 (age,
480 2063 688 2214 p3esto
740 2128 863 2192 hoc
907 2150 1238 2193 commune
1283 2128 1454 2217 est),
1500 2128 1822 2214 ‘gratia'
1868 2125 2198 2214 (ineptum
2243 2128 2310 2191 id

298 2216 572 2299 quidem,
620 2216 747 2300 sed,
792 2221 970 2300 put0,
1016 2216 1137 2282 hoc
1182 2218 1444 2281 simulat
1481 2218 1559 2281 ad
1597 2217 1903 2301 quasdam
1942 2220 2308 2280 senatorum

299 2303 720 2390 sententias),
781 2304 1229 2389 d1gn1tate
1276 2304 1584 2392 (fortasse
1630 2305 1982 2370 sententiae
2027 2305 2309 2369 consula·

297 2390 446 2478 ris).
549 2391 718 2456 Illud
779 2396 1133 2457 extremum
1188 2397 1312 2457 est.
1391 2393 1559 2478 ‘ope
1625 2394 1944 2458 omnium
2008 2393 2291 2457 rerum'

216 2505 270 2546 25
297 2479 372 2544 Id
419 2501 536 2565 ego
595 2481 909 2564 suspicari
962 2482 1142 2564 coepi
1200 2486 1341 2547 tum
1401 2504 1477 2545 ex
1536 2482 1667 2547 tuis
1725 2482 1961 2546 litteris
2022 2485 2134 2545 aut
2186 2480 2309 2545 hoc

296 2569 511 2652 ipsum
557 2590 695 2634 esse
742 2573 854 2633 aut
896 2590 1030 2633 non
1064 2570 1271 2635 multo
1317 2592 1514 2635 secus,
1554 2606 1559 2612 ·
1591 2568 1761 2635 Nam
1798 2570 2128 2655 permagni
2173 2570 2309 2634 eius

296 2657 565 2721 interest
609 2678 744 2721 rem
790 2657 871 2721 ad
913 2658 1351 2742 interregnum
1395 2680 1528 2722 non
1571 2660 1802 2723 venire.
1891 2657 1967 2722 Id
2023 2657 2308 2741 adsequi-

297 2748 435 2830 tur,
487 2746 542 2808 si
588 2767 702 2828 per
747 2749 1106 2828 praetorem
1151 2746 1444 2812 consules
1501 2751 1809 2811 creantur.
1899 2743 2039 2810 Nos
2096 2750 2307 2810 autem

298 2832 367 2896 in
411 2832 598 2897 libris
642 2833 951 2898 habemus
998 2855 1132 2899 non
1175 2835 1365 2899 modo
1413 2834 1703 2900 consules
1750 2858 1787 2898 a
1830 2839 2150 2917 praetore,
2200 2835 2309 2898 sed

218 2945 272 2988 ³0
298 2942 379 2985 ne
424 2924 750 3004 praetores
789 2922 1044 3005 quidem
1081 2922 1283 2987 creari
1326 2924 1428 2988 ius
1466 2944 1622 3006 esse,
1667 2924 1858 3006 idque
1892 2922 2133 2987 factum
2171 2943 2307 2986 esse

295 3030 673 3094 numquam3
727 3010 1018 3075 consules
1064 3031 1139 3075 eo
1185 3032 1317 3076 non
1362 3033 1495 3075 esse
1543 3011 1671 3097 ius,
1726 3011 1895 3095 quod
1941 3010 2146 3075 maius
2193 3011 2305 3074 im-

296 3098 544 3180 perium
591 3121 628 3162 a
672 3099 917 3162 minore
962 3100 1178 3184 rogari
1221 3120 1355 3163 non
1401 3100 1486 3163 sit
1531 3099 1659 3183 ius,
1704 3103 2028 3182 praetores
2076 3102 2308 3184 autem,

299 3185 469 3269 quod
505 3186 598 3250 ita
633 3190 961 3271 rogentur,
1006 3190 1080 3251 ut
1115 3186 1396 3271 collegae
1432 3187 1801 3252 consulibus
1840 3187 1990 3273 sint,
2035 3208 2307 3270 quorum

298 3278 396 3337 est
440 3275 646 3338 maius
692 3274 1044 3358 imperium.
1136 3274 1366 3339 Aberit
1424 3298 1554 3340 non
1612 3276 1831 3360 longe,
1891 3275 2047 3359 quin
2103 3274 2225 3338 hoc
2271 3297 2308 3339 a

218 3386 270 3428 35
296 3383 398 3427 me
443 3362 690 3427 decerni
738 3363 894 3427 velit
937 3384 1143 3447 neque
1190 3364 1276 3428 sit
1320 3368 1659 3428 contentus
1708 3363 1941 3447 Galba,
1989 3360 2307 3444 Scaevola,

298 3447 538 3532 Cassio,
584 3450 901 3516 Antonio:

429 3538 620 3605 ‘Tota
663 3564 775 3622 μοι
822 3540 1012 3624 χάνοι
1058 3539 1278 3624 εὐρεῖα
1323 3540 1570 3622 χθώνΡ
