2642 3923
643 217 1160 275 EPISTULARUM
1197 221 1297 276 AD
1335 218 1662 278 A'l'rlcmfi
1698 222 1776 277 IX
1811 227 1966 277 8-5.
2180 222 2311 287 259

294 361 827 448 τυραννουμένης
860 362 911 446 ἢ
957 364 1070 429 διὰ
1115 366 1363 441 παντὸς
1410 363 1587 430 ἰτέον
1622 366 1946 432 κινδύνου
1980 376 2096 450 τῆς
2133 365 2312 432 ἐλευ-

289 455 525 535 θερίας
576 450 744 537 πέρι.
822 454 906 516 Εἰ
958 455 1250 536 πόλεμον
1305 452 1622 518 ἐπακτέον
1676 461 1757 539 τῇ
1815 455 1995 540 χώρᾳ
2039 453 2147 520 καὶ
2192 477 2312 520 πο-

290 538 676 623 λιορκητέον
721 538 929 623 αὐτὴν
972 542 1534 625 τυραννουμένην.
1618 544 1703 606 Εἰ
1749 541 1859 606 καὶ
1904 546 1991 626 μὴ
2040 544 2309 627 δοκιμά-

293 632 484 707 ζοντα
554 628 676 711 τὴν
749 628 862 692 διὰ
933 628 1228 712 πολέμου
1297 630 1662 694 κατάλυσιν
1734 639 1849 713 τῆς
1914 632 2311 716 τυραννίδος

236 740 264 782 ⁶
292 713 880 801 συναπογραπτέον
933 716 1108 800 ὅμως
1151 727 1292 793 τοῖς
1338 717 1650 803 ἀρίστοις.
1741 721 1825 783 Εἰ
1870 730 2009 795 τοῖς
2056 718 2310 804 εὐεργέ-

291 827 433 880 ταις
495 802 604 868 καὶ
666 807 889 887 φίλοις
953 805 1553 887 συγκινδυνευτεόν
1610 806 1683 871 ἐν
1737 817 1875 883 τοῖς
1929 813 2310 890 πολιτικοῖς,

290 891 416 956 κᾶν
460 894 546 975 μὴ
595 892 884 956 δοκῶσιν
928 888 1003 958 εὖ
1048 896 1536 976 βεβουλεῦσθαι
1581 893 1732 980 περὶ
1778 905 1912 959 τῶν
1958 896 2147 960 ὅλων.
2223 898 2310 960 Εἰ

292 979 328 1046 ὁ
374 981 623 1063 μεγάλα
668 982 790 1062 τὴν
833 982 1119 1065 πατρίδα
1166 982 1613 1067 εὐεργετήσας,
1660 981 1743 1047 δι’
1794 983 1954 1049 αὐτὸ
2001 980 2076 1049 δὲ
2112 993 2309 1049 τοῦτο

291 1068 613 1151 ἀνήκεστα
658 1068 899 1133 παθὼν
941 1066 1052 1134 καὶ
1097 1069 1476 1153 φθονηθεὶς
1510 1071 2006 1137 κινδυνεύσειεν
2042 1071 2126 1136 ἂν
2164 1071 2310 1137 ἐθε-

211 1181 265 1221 ιο
293 1157 531 1239 λοντὴς
595 1152 762 1241 ὑπὲρ
826 1165 942 1239 τῆς
1003 1157 1323 1242 πατρίδος
1384 1157 1426 1240 ἢ
1494 1157 1763 1242 ἐφετέον
1827 1158 2005 1247 αὐτῷ
2070 1159 2309 1224 ἑαυτοῦ

290 1266 450 1310 ποτε
486 1242 597 1309 καὶ
632 1255 768 1309 τῶν
806 1246 1227 1310 οἰκειοτάτων
1262 1253 1603 1311 ποιεῖσθαι
1639 1249 1966 1332 πρόνοιαν
2003 1247 2307 1335 ἄφεμένφ

290 1334 406 1408 τὰς
450 1333 615 1417 πρὸς
658 1333 815 1408 τοὺς
863 1333 1212 1417 ἰσχύοντας
1256 1334 1716 1411 διαπολιτείας.

421 1418 500 1484 In
551 1419 654 1484 his
709 1441 828 1505 ego
882 1442 986 1485 me
1032 1422 1613 1487 consultationibus
1661 1444 1956 1488 exercens
2004 1427 2070 1488 et
2113 1422 2308 1488 disse-

290 1530 437 1572 rens
484 1508 553 1571 in
599 1512 936 1592 utramque
980 1513 1228 1593 partem
1272 1514 1411 1574 tum
1461 1508 1724 1595 Graece,
1784 1516 1926 1575 tum
1969 1509 2197 1576 Latine
2244 1516 2308 1576 et

210 1621 263 1663 ιε
291 1597 534 1661 abduco
571 1618 913 1680 parumper
949 1597 1231 1661 animum
1269 1621 1306 1661 a
1342 1598 1659 1663 molestiis
1696 1604 1761 1663 et
1795 1611 1930 1664 τῶν
1964 1601 2309 1685 προύργου

289 1708 355 1750 τι
400 1684 699 1749 delibero,
775 1683 898 1749 Sed
942 1706 1180 1769 vereor,
1224 1708 1304 1750 ne
1341 1686 1466 1750 tibi
1503 1688 1772 1771 ἄκαιρος
1818 1688 1953 1751 sim.
2030 1685 2097 1752 Si
2137 1689 2308 1752 em'm

289 1778 460 1838 recte
497 1773 918 1837 ambulaverit
954 1773 1027 1857 is,
1064 1774 1176 1858 qui
1210 1773 1377 1838 hanc
1412 1774 1753 1857 epistulam
1791 1776 1965 1860 tulit,
1999 1775 2069 1838 in
2094 1777 2307 1859 ipsum

291 1865 477 1926 tuum
523 1861 692 1925 diem
736 1861 990 1926 incidet.

1261 2036 1341 2104 V.

209 2170 263 2210 το
684 2158 796 2213 Ser.
829 2157 1071 2213 Formiis
1115 2158 1206 2213 VI
1233 2160 1320 2214 Id.
1353 2160 1527 2215 Mart.
1557 2176 1608 2214 a.
1642 2164 1750 2215 705
1789 2163 1925 2228 (49).

895 2279 1185 2337 CICERO
1219 2281 1514 2338 ATTICO
1550 2283 1713 2338 SAL.

422 2386 643 2453 Natali
698 2390 798 2454 die
858 2394 972 2453 tuo
1034 2389 1350 2474 scripsisti
1397 2392 1737 2475 epistulam
1782 2392 1860 2455 ad
1903 2413 2005 2456 me
2050 2392 2303 2475 plenam

290 2477 542 2542 consilii
585 2499 993 2560 summaeque
1039 2500 1183 2542 cum
1228 2478 1710 2544 benevolentiae
1744 2483 1894 2558 ‚tum
1929 2480 2123 2545 etiam
2159 2503 2304 2564 pru-

290 2565 556 2630 dentiae.
646 2559 812 2630 Eam
863 2566 1023 2629 mihi
1068 2566 1458 2631 Philotimus
1512 2568 1848 2652 postridie,
1906 2591 2098 2653 quam
2156 2591 2194 2632 a
2239 2572 2303 2633 te

210 2680 261 2720 25
290 2659 642 2738 acceperat,
695 2654 983 2718 reddidit.
1076 2651 1241 2718 Sunt
1286 2656 1415 2720 ista
1461 2656 1735 2741 quidem,
1789 2678 1950 2739 quae
1994 2656 2305 2743 disputas,

290 2742 684 2825 difficillima,
727 2743 853 2806 iter
889 2742 969 2806 ad
1007 2764 1328 2829 superum,
1361 2745 1691 2828 navigatio
1728 2744 1952 2828 infero,
1988 2744 2303 2809 discessus

289 2830 625 2914 Arpinum,
659 2852 741 2895 ne
775 2830 946 2894 hunc
981 2830 1242 2916 fugisse,
1267 2832 1517 2896 mansio
1554 2831 1845 2915 Formiis,
1872 2855 1953 2896 ne
1990 2833 2304 2897 obtulisse

288 2940 408 2983 nos
456 2918 873 3002 gratulationi
918 2918 1264 3005 videamur,
1309 2919 1421 2984 sed
1465 2920 1760 2985 miserius
1796 2920 1962 2985 nihil
1999 2943 2192 3004 quam
2229 2943 2304 2986 ea

289 3006 528 3088 videre,
591 3027 750 3089 quae
795 3011 1011 3071 tamen
1053 3008 1212 3092 iam,
1264 3009 1415 3086 iam,
1460 3009 1742 3094 inquam,
1785 3008 2054 3073 videnda
2097 3013 2301 3074 erunt.

208 3121 262 3160 30
423 3093 575 3158 Fuit
620 3095 785 3178 apud
830 3116 932 3158 me
977 3094 1342 3179 PostumuS,
1404 3097 1630 3180 scripsi
1676 3096 1755 3160 ad
1798 3101 1883 3182 te,
1928 3119 2120 3181 quam
2164 3117 2304 3182 gra-

289 3183 404 3246 vis.
488 3181 685 3247 Venit
730 3183 808 3247 ad
852 3205 953 3247 me
998 3184 1192 3247 etiam
1239 3183 1306 3259 Q.
1336 3183 1559 3248 Fufius
1597 3205 1724 3268 quo
1762 3185 1965 3268 vultu,
2013 3206 2140 3269 quo
2179 3185 2303 3269 spi-

289 3271 446 3335 ritu!
520 3292 867 3354 properans
914 3271 1356 3358 Brundisium,
1412 3273 1615 3337 scelus
1676 3291 1976 3338 accusans
2021 3272 2304 3359 Pompei,

289 3358 616 3423 levitatem
662 3363 726 3423 et
772 3360 1118 3424 stultitiam
1157 3364 1434 3425 senatus,
1508 3359 1684 3425 Haec
1721 3360 1833 3445 qui
1869 3361 1938 3425 in
1973 3382 2115 3425 mea
2149 3360 2304 3425 villa

286 3468 421 3512 non
462 3448 679 3530 feram,
729 3445 1023 3512 Curtium
1068 3449 1139 3512 in
1181 3449 1356 3513 curia
1392 3451 1616 3532 potero
1655 3449 1864 3513 ferre?
1928 3447 2088 3533 Age,
2131 3448 2302 3533 finge

206 3561 260 3601 35
289 3557 392 3599 me
428 3536 716 3620 quamvis
756 3536 1169 3619 εὐστομάχως
1203 3536 1361 3601 haec
1395 3537 1721 3620 ferentem,
1750 3536 1947 3619 quid?
1992 3536 2104 3599 illa
2135 3535 2304 3620 εΒΚ),

1881 3643 1944 3691 17
1957 3638 1986 3671 *

2344 1439 2376 1487 3

2340 3466 2371 3512 2
