2642 3923
341 202 426 266 66
978 202 1039 256 Μ
1095 201 1310 257 TULLI
1347 200 1720 257 CICERONIS

341 344 714 410 obscurabo.
788 342 979 410 Nunc
1023 344 1278 429 quidem
1323 366 1492 410 novo
1536 345 1812 430 quodam
1854 344 2081 410 morbo
2128 344 2355 411 civitas

339 433 632 518 moritur,
677 437 770 519 ut,
815 454 959 498 cum
998 454 1217 499 omnes
1254 454 1347 519 ea,
1389 455 1550 517 quae
1587 438 1740 498 sunt
1776 437 1936 520 acta,
1970 432 2358 521 improbent,

340 526 708 607 querantur,
753 520 1041 607 doleant,
1084 522 1361 587 varietas
1404 521 1584 586 nulla
1625 521 1695 586 in
1739 544 1809 587 re
1854 522 1968 608 sit,
2012 524 2356 605 aperteque

339 608 690 693 loquantur
736 613 800 674 et
843 609 973 673 iam
1018 608 1184 675 clare
1230 614 1518 696 gemant,
1561 613 1778 674 tamen
1819 609 2132 674 medicina
2174 609 2354 673 nulla

340 697 680 762 adferatur.
769 695 996 781 Neque
1042 698 1212 761 enim
1256 699 1471 762 resisti
1517 697 1654 762 sine
1698 697 2129 762 internecione
2163 718 2353 781 posse
2408 723 2436 765 ι

340 785 730 850 arbitramur
771 807 888 850 nec
931 784 1236 869 videmuS,
1285 786 1398 869 qui
1442 786 1590 850 finis
1636 785 1895 850 cedendi
1929 789 2183 869 praeter
2227 785 2353 850 exi-

338 873 505 937 tium
561 874 819 938 futurus
879 872 982 937 sit.
1085 871 1358 938 Bibulus
1416 872 1751 939 hominum
1806 873 2226 938 admiratione
2288 878 2354 938 et

339 960 783 1025 benevolentia
826 961 895 1025 in
940 959 1113 1026 caelo
1153 965 1276 1047 est3
1337 962 1542 1027 edicta
1584 962 1722 1026 eius
1767 965 1832 1026 et
1876 961 2207 1026 contiones
2253 960 2354 1024 de·

341 1048 632 1114 scribunt
677 1054 741 1113 et
785 1048 1026 1134 legunt.
1099 1048 1287 1114 Novo
1336 1049 1612 1132 quodam
1649 1070 1878 1135 genere
1921 1048 1993 1113 in
2038 1071 2351 1113 summam

340 1137 612 1222 gloriam
675 1137 865 1201 venit.
965 1135 1102 1221 Pop
1105 1137 1281 1201 ulare
1343 1159 1512 1201 nunc
1572 1137 1739 1201 nihil
1802 1141 1935 1202 tam
1998 1140 2097 1202 est
2159 1158 2350 1238 quam
2379 1163 2435 1204 ιο

341 1224 558 1289 odium
615 1224 1036 1308 popularium
1136 1223 1310 1289 Haec
1369 1246 1496 1309 quo
1558 1225 1691 1289 sint
1749 1229 2070 1311 eruptura,
2127 1224 2351 1310 time03

341 1312 471 1398 sed,
515 1313 572 1377 si
618 1311 923 1396 dispicere
972 1312 1124 1397 quid
1169 1333 1456 1399 coepero,
1501 1312 1776 1377 scribam
1813 1312 1890 1378 ad
1936 1318 2002 1377 te
2048 1313 2350 1395 apertius.

339 1399 466 1486 Tu,
510 1401 566 1464 si
611 1422 712 1464 me
758 1421 932 1464 amas
977 1405 1258 1486 tantum,
1302 1404 1614 1484 quantum
1659 1401 1947 1485 profecto
1994 1422 2195 1485 amas,
2249 1421 2352 1465 ex·

339 1488 592 1572 peditus
638 1488 835 1553 facito
883 1493 956 1553 ut
994 1488 1104 1574 sis,
1149 1487 1204 1552 si
1240 1488 1605 1574 inclamaro,
1649 1493 1723 1552 ut
1760 1509 2077 1572 accurras3
2123 1488 2231 1553 sed
2269 1487 2349 1553 do

340 1598 596 1660 operam
642 1580 709 1640 et
755 1576 939 1660 dab0,
981 1598 1063 1640 ne
1105 1577 1191 1641 sit
1226 1597 1496 1641 necesse.
1572 1575 1754 1652 Quod
1791 1576 2168 1660 scripseram
2203 1577 2249 1659 †
2286 1580 2349 1640 et
2381 1602 2433 1644 ιε»

337 1662 535 1728 Furio
564 1664 971 1750 scripturum,
1005 1663 1172 1728 nihil
1195 1686 1453 1729 necesse
1479 1667 1578 1728 est
1605 1668 1790 1729 tuum
1815 1685 2052 1728 nomen
2074 1668 2352 1749 mutare;

337 1773 439 1816 me
475 1752 704 1817 faciam
738 1751 1030 1816 Laelium
1056 1756 1121 1817 et
1157 1756 1223 1817 te
1248 1751 1540 1817 Atticum
1568 1773 1774 1836 neque
1802 1756 1950 1816 utar
1977 1773 2119 1816 meo
2148 1751 2351 1817 chiro·

338 1839 584 1925 grapho
630 1861 836 1923 neque
883 1840 1087 1925 sign0,
1134 1841 1191 1905 si
1235 1840 1423 1905 modo
1471 1844 1658 1905 erunt
1694 1840 1830 1904 eius
1872 1840 2045 1904 modi
2080 1839 2353 1927 litterae,

342 1949 501 2013 quas
545 1928 617 1993 in
661 1928 940 1994 alienum
981 1928 1257 1994 incidere
1300 1929 1519 1993 nolim.

469 2014 789 2082 Diodotus
833 2021 1126 2081 mortuus
1172 2021 1297 2101 est3
1352 2017 1615 2101 reliquit
1666 2016 1856 2082 nobis
1911 2014 2022 2081 HS
2077 2017 2349 2081 fortasse
2379 2046 2433 2084 20

335 2105 383 2189 †
418 2105 717 2170 centiens.
809 2101 1089 2170 Comitia
1145 2104 1419 2170 Bibulus
1482 2126 1626 2169 cum
1672 2104 2082 2169 Archilochio
2142 2105 2348 2169 edicto

336 2193 409 2257 in
444 2197 593 2257 ante
629 2192 796 2257 diem
832 2210 928 2256 xv
955 2193 1097 2257 Kal.
1125 2191 1470 2258 Novembr.
1499 2192 1768 2257 distulit.
1824 2191 1885 2257 A
1912 2192 2108 2257 Vibio
2145 2192 2349 2257 libros

337 2281 564 2363 accepi.
636 2279 835 2345 Poeta
870 2280 1127 2365 ineptus
1173 2285 1238 2344 et
1282 2285 1498 2345 tamen
1543 2281 1667 2346 scit
1708 2280 1893 2367 nihil,
1940 2280 2049 2345 sed
2085 2284 2184 2346 est
2217 2302 2351 2345 non

335 2368 602 2433 inutilis.
691 2366 1003 2434 Describo
1049 2372 1114 2433 et
1157 2369 1438 2435 remitt0.

1259 2596 1431 2662 XXI.
2377 2624 2432 2665 ιο

335 2733 449 2790 Ser.
480 2734 687 2789 Romae
714 2741 841 2804 post
875 2736 1035 2789 VIII
1062 2735 1138 2790 K.
1167 2734 1333 2803 Sext„
1369 2741 1496 2790 ante
1532 2736 1655 2790 XV
1686 2736 1759 2790 K.
1790 2735 1932 2791 Nov.
1970 2754 2021 2791 a.
2061 2739 2171 2791 695
2210 2739 2349 2804 (59).

970 2856 1224 2913 CICERO
1263 2856 1525 2913 A‘IVI’IGO
1565 2857 1712 2913 SAL.

468 2980 566 3048 De
606 3005 676 3049 re
712 2983 968 3068 publica
1004 2983 1159 3067 quid
1195 3004 1314 3069 ego
1354 2983 1476 3047 tibi
1514 2983 1883 3049 subtiliter?
1955 2984 2122 3048 Tota
2155 2984 2351 3068 periit

335 3074 526 3154 atque
552 3070 678 3136 hoc
704 3075 804 3136 est
840 3071 1155 3158 miserior,
1192 3093 1385 3155 quam
1420 3071 1761 3159 reliquisti,
1807 3072 1981 3157 quod
2015 3076 2151 3136 tum
2182 3073 2348 3137 vide-

333 3159 525 3224 batur
570 3160 708 3224 eius
751 3159 927 3224 modi
973 3159 1329 3224 dominatio
1367 3160 1692 3225 civitatem
1731 3160 2143 3245 oppressisse,
2189 3182 2350 3245 quae
2379 3188 2432 3227 so

332 3246 608 3312 iucunda
642 3252 821 3348 ,esset
864 3246 1287 3332 multitudini,
1331 3247 1519 3312 bonis
1558 3252 1771 3313 autem
1805 3249 1901 3313 ita
1942 3248 2234 3335 molesta,
2277 3254 2351 3313 ut

333 3338 551 3399 tamen
604 3334 740 3399 sine
794 3335 1100 3420 pernicie,
1156 3356 1329 3399 nunc
1381 3341 1642 3420 repente
1704 3341 1887 3403 tanto
1946 3337 2018 3399 in
2061 3336 2207 3401 odio
2254 3341 2352 3402 est

334 3421 661 3507 omnibus,
705 3426 807 3507 ut,
862 3443 1135 3505 quorsus
1192 3428 1497 3507 eruptura
1542 3423 1656 3510 sit,
1699 3424 2090 3490 horreamus.
2180 3423 2351 3490 Nam

334 3474 729 3573 iracundiam
750 3513 943 3592 atque
969 3510 1531 3594 intemperantiam
1557 3512 1819 3578 illorum
1848 3534 2067 3578 sumus
2086 3514 2351 3598 experti,
