2642 3923
590 211 1102 267 EPISTULARUM
1138 212 1237 266 AD
1274 212 1601 267 ATTICUM
1634 213 1763 267 XIV
1802 219 1885 282 19,
1923 218 2008 268 20.
2170 212 2300 276 459

288 377 480 438 quam
535 377 741 439 neque
796 361 987 438 poeta
1031 378 1237 439 neque
1284 361 1504 421 orator
1548 356 1699 440 fuit,
1757 357 1868 440 qui
1915 377 2300 439 quemquam

285 443 613 508 meliorem
659 466 850 527 quam
899 467 966 508 se
1009 445 1448 509 arbitraretur.
1522 444 1665 509 Hoc
1700 445 1895 509 etiam
1932 444 2120 508 malis
2157 465 2301 508 oon-

285 532 511 618 tingit,
565 532 720 617 quid
773 537 848 596 tu
892 531 1098 597 Bruto
1153 537 1346 617 putas
1399 539 1464 597 et
1508 533 1843 618 ingenioso
1891 537 1957 597 et
2001 532 2298 596 erudito?

284 619 381 684 De
437 641 564 704 quo
619 620 813 684 etiam
867 622 1113 705 experti
1173 643 1396 685 sumus
1448 641 1652 704 nuper
1705 621 1775 685 in
1820 621 2044 685 edicto,
2136 619 2298 684 Scri-

231 732 256 773 5
284 731 534 792 pseram
589 713 823 794 rogatu
879 713 1012 773 tuo.
1101 708 1318 773 Meum
1363 709 1526 773 mihi
1571 710 1890 794 placebat,
1944 709 2042 773 illi
2090 730 2295 772 suum.

284 795 452 872 Quin
498 797 711 882 etiam,
764 818 909 861 cum
954 797 1159 881 ipsius
1207 798 1503 882 precibus
1547 819 1747 881 paene
1794 797 2100 861 adductus
2147 797 2295 860 scri·

281 886 555 968 psissem
599 885 679 948 ad
724 907 869 950 eum
916 885 1018 950 ‘de
1056 885 1301 968 optimo
1340 906 1569 970 genere
1607 886 1893 969 dicendi',
1936 907 2070 949 non
2104 885 2293 948 modo

281 973 461 1057 mihi,
505 973 615 1037 sed
659 973 853 1037 etiam
899 974 1021 1038 tibi
1070 974 1328 1057 scripsit
1373 974 1499 1038 sibi
1535 973 1714 1060 illud,
1760 973 1930 1057 quod
1965 973 2124 1037 mihi
2164 973 2294 1057 pla-

281 1066 468 1144 ceret,
513 1083 646 1129 non
687 1062 964 1145 probari.
1048 1061 1255 1138 Quare
1301 1063 1459 1147 sine,
1505 1083 1761 1147 quaeso,
1808 1062 1934 1125 sibi
1981 1082 2295 1145 quemque

201 1175 254 1214 ιο
282 1150 570 1214 scribere.
747 1174 752 1179 ’

342 1272 596 1338 ‘Suam
652 1272 982 1358 quosque
1038 1295 1420 1358 sponsam,
1473 1272 1660 1338 mihi
1713 1295 1971 1357 meam3
2027 1295 2242 1337 suum

624 1360 956 1446 quosque
1013 1383 1367 1447 amorem,
1419 1361 1606 1427 mihi
1659 1363 1950 1426 meum.'

278 1502 431 1567 Non
475 1502 647 1566 scite.
738 1501 879 1565 Hoc
923 1502 1094 1565 enim
1137 1500 1402 1588 Atilius,
1456 1506 1648 1585 poeta
1694 1502 2090 1567 durissimus
2179 1501 2294 1566 At-

280 1612 401 1674 que
447 1591 695 1654 utinam
737 1590 930 1654 liceat
973 1591 1087 1653 isti
1135 1591 1519 1654 contionari!
1586 1588 1706 1654 Oui
1753 1591 1811 1654 si
1856 1614 1993 1656 esse
2020 1592 2100 1654 in
2134 1591 2293 1655 urbe

200 1703 252 1744 15
280 1682 425 1742 tuto
480 1678 730 1763 licebit,
785 1677 1072 1742 vicimus,
1163 1677 1405 1742 Ducem
1463 1679 1634 1742 enim
1686 1680 1838 1742 novi
1884 1678 2040 1743 belli
2085 1679 2292 1744 civilis

280 1770 392 1830 aut
445 1787 633 1830 nemo
690 1770 1021 1851 sequetur,
1074 1770 1187 1830 aut
1243 1766 1292 1830 ii
1339 1771 1712 1850 sequentur,
1771 1767 1884 1850 qui
1928 1766 2114 1832 facile
2158 1769 2293 1830 vin-

278 1858 522 1918 cantur.

408 1942 615 2007 Venio
687 1942 768 2007 ad
838 1941 1113 2007 tertiam.
1222 1940 1455 2014 Gratas
1526 1941 1724 2007 fuisse
1794 1966 1967 2008 meas
2030 1943 2282 2007 litteras
2319 1959 2354 2008 4

276 2031 480 2095 Bruto
543 2035 609 2095 et
655 2030 877 2095 Cassio
932 2032 1198 2116 gaudeO.
1287 2030 1515 2115 Itaque
1570 2032 1652 2095 iis
1698 2032 2014 2116 rescripsi.
2107 2031 2290 2107 Quod

196 2146 250 2185 20
276 2118 568 2184 Hirtium
629 2141 745 2202 per
805 2141 908 2183 me
966 2120 1296 2183 meliorem
1353 2119 1494 2184 fieri
1547 2121 1801 2204 volunt,
1859 2120 1940 2184 do
1995 2120 2290 2204 equidem

278 2229 565 2294 operam,
618 2212 683 2272 et
735 2207 846 2272 ille
893 2209 1133 2292 optime
1178 2207 1497 2292 loquitur,
1552 2207 1661 2272 sed
1705 2207 1867 2271 vivit
1910 2207 2290 2292 habitatque

195 2367 202 2372 ,
276 2318 421 2361 cum
466 2295 691 2380 Balbo,
746 2297 859 2379 qui
903 2297 1058 2360 item
1105 2296 1266 2360 bene
1310 2261 1616 2380 loquitur.
1709 2294 1875 2371 Quid
1919 2296 2156 2380 credaS,
2200 2319 2290 2360 vl-

277 2385 460 2448 deriS.
547 2383 950 2448 Dolabellam
994 2384 1178 2449 valde
1223 2384 1470 2468 placere
1514 2384 1641 2448 tibi
1683 2384 1893 2468 vide03
1938 2384 2099 2448 mihi
2147 2386 2288 2468 qui-

276 2472 418 2538 dem
490 2473 761 2558 egregie.
872 2470 1035 2537 Cum
1097 2472 1307 2537 Pansa
1379 2472 1513 2536 vixi
1576 2472 1645 2536 in
1706 2472 2112 2557 Pompeiano.
2221 2471 2286 2538 Is

195 2586 248 2627 25
276 2562 464 2645 plane
509 2561 670 2625 mihi
714 2560 1033 2644 probabat
1079 2583 1146 2625 se
1191 2561 1353 2625 bene
1399 2561 1636 2624 sentire
1682 2565 1748 2625 et
1785 2583 2013 2645 cupere
2050 2583 2286 2645 pacem.

277 2647 552 2713 Causam
599 2670 923 2713 armorum
969 2649 1188 2732 quaeri
1233 2648 1422 2732 plane
1465 2649 1670 2713 video.
1750 2649 2053 2713 Edictum
2097 2649 2286 2714 Bruti

278 2742 342 2801 et
388 2735 572 2801 Cassi
616 2737 837 2820 probo,
912 2735 1096 2812 Quod
1139 2737 1256 2822 vis,
1302 2741 1377 2801 ut
1423 2738 1766 2821 suscipiam
1812 2738 2287 2823 cogitationem,

276 2825 580 2908 quidnam
651 2825 797 2889 istis
871 2824 1184 2910 agendum
1257 2829 1507 2910 putem,
1586 2825 1853 2890 consilia
1922 2829 2287 2909 temporum

278 2918 455 2997 sunt3
519 2934 680 2996 quae
739 2914 807 2976 in
850 2913 1044 2977 horas
1091 2914 1473 2978 commutari
1515 2914 1710 2978 vides
1802 2911 2194 2979 Dolabellae.
2222 2919 2287 2978 et

69 3068 74 3072 ,
194 3028 250 3068 80
276 3001 486 3085 prima
531 3000 644 3064 illa
688 3001 855 3065 actio
902 3005 966 3065 et
1009 3001 1166 3088 haec
1210 3005 1434 3065 contra
1476 3000 1835 3066 Antonium
1872 3003 2087 3067 contio
2125 3003 2286 3066 mihi

274 3090 618 3173 profecisse
707 3090 1097 3173 permultum
1184 3090 1454 3154 videtur.
1577 3089 1850 3154 Prorsus
1941 3091 2080 3154 ibat
2157 3112 2285 3175 res3

274 3199 444 3241 nunc
489 3182 705 3240 autem
749 3178 1038 3242 videmur
1082 3177 1372 3242 habituri
1410 3178 1659 3264 ducem3
1706 3179 1880 3262 quod
1914 3200 2115 3243 unum
2150 3201 2286 3242 mu-

273 3265 510 3349 nicipia
563 3265 844 3349 bonique
900 3266 1271 3330 desiderant.
1364 3265 1627 3349 Epicuri
1683 3267 2075 3331 mentionem
2125 3266 2283 3330 facis
2322 3281 2356 3330 5

275 3358 338 3418 et
384 3354 576 3417 audes
625 3353 830 3418 dicere
874 3355 961 3438 μὴ
1003 3355 1489 3420 πολιτεύεσθαι.
1561 3352 1715 3420 Non
1749 3359 1814 3420 te
1851 3354 2039 3417 Bruti
2074 3355 2285 3418 nostri

190 3468 244 3510 85
270 3442 620 3506 vulticulus
684 3442 766 3506 ab
829 3442 957 3506 ista
1016 3442 1306 3506 oratione
1367 3443 1685 3507 deterret?
1767 3441 2041 3517 Quintus
2094 3441 2286 3526 filius,

271 3534 346 3594 ut
393 3531 638 3614 scribiS,
662 3529 930 3595 -Antoni
977 3534 1077 3594 est
1113 3530 1404 3596 dextella.
1487 3530 1610 3595 Per
1656 3551 1801 3594 eum
1845 3530 2066 3613 igitur,
2115 3530 2286 3613 quod
