2642 3923
259 210 387 276 366
985 208 1058 264 M.
1098 208 1313 265 TULLI
1350 208 1727 265 CICERONIS

1178 439 1348 505 XIX.

622 562 736 619 Sor.
765 563 1004 618 Astwrac
1034 563 1182 631 prid.
1212 563 1300 617 Id.
1331 562 1505 618 Mart.
1537 581 1587 617 σ.
1618 566 1729 619 709
1765 566 1904 632 (45).

862 683 1152 741 CICERO
1184 684 1477 741 ATTICO
1512 685 1677 741 SAL.

391 796 517 861 Est
576 795 683 860 hic
745 795 1001 879 quidem
1058 795 1237 860 locus
1291 816 1597 859 amoenus
1653 799 1720 859 et
1773 795 1842 859 in
1897 793 2060 859 mari
2114 793 2273 877 ipso,

262 885 373 969 qui
436 888 501 948 et
563 883 761 948 Antio
826 888 892 948 et
945 882 1208 949 Circeiis
1272 882 1471 967 aspici
1534 883 1766 968 possit3
1831 883 1944 947 sed
1999 881 2275 947 ineunda
2329 908 2356 950 ⁵

260 973 449 1037 nobis
505 972 671 1037 ratio
726 976 849 1057 est,
902 992 1091 1055 quem
1151 971 1230 1034 ad
1273 971 1537 1035 modum
1582 971 1652 1034 in
1697 971 1873 1035 omni
1917 971 2275 1035 mutatione

261 1060 691 1144 dominorum,
747 1082 907 1144 quae
959 1058 1460 1123 innumerabiles
1519 1058 1661 1123 fieri
1705 1063 1982 1143 possunt
2024 1059 2095 1123 in
2139 1058 2276 1122 infi-

261 1149 398 1213 nita
461 1149 867 1233 posteritate,
931 1148 987 1211 si
1050 1147 1241 1211 modo
1303 1145 1462 1212 haec
1516 1147 1811 1232 stabunt,
1875 1146 2034 1211 illud
2093 1146 2277 1230 quasi

262 1241 698 1302 consecratum
741 1256 1065 1300 remanere
1100 1235 1324 1320 possit.
1397 1234 1770 1319 Equidem
1751 1258 1882 1300 18111
1916 1235 2084 1299 1111111
2121 1256 2274 1319 6860

262 1324 687 1410 vectigalibus
743 1328 809 1389 et
854 1344 1049 1408 parvo
1097 1327 1439 1388 contentus
1487 1344 1624 1389 esse
1669 1345 1950 1408 possum.
2042 1321 2274 1426 Cogito
2305 1352 2359 1391 10

262 1413 582 1478 interdum
638 1416 816 1476 trans
861 1411 1145 1476 Tiberim
1189 1411 1417 1476 hortos
1463 1412 1713 1496 aliquos
1758 1433 1983 1495 parare
2029 1416 2096 1476 et
2141 1411 2275 1495 qui-

265 1503 408 1566 dem
453 1501 535 1565 ob
580 1500 746 1565 hanc
790 1522 1045 1565 causam
1088 1500 1391 1564 maxime:
1436 1500 1603 1564 nihil
1647 1500 1817 1564 enim
1864 1500 2069 1584 video,
2107 1500 2278 1584 quod

265 1596 399 1654 tam
444 1588 688 1654 celebre
733 1609 871 1653 esse
915 1589 1140 1673 possit.
1232 1587 1356 1653 Sed
1402 1610 1582 1673 quos,
1643 1610 1856 1653 coram
1902 1552 2279 1673 videbimuS,

266 1678 358 1742 ita
411 1681 655 1760 tamen,
708 1681 784 1741 ut
836 1676 955 1742 hac
1015 1680 1258 1741 aestate
1301 1676 1522 1741 fanum
1570 1677 1938 1741 absolutum
1984 1678 2087 1742 sit.
2179 1676 2278 1740 Tu

265 1770 481 1831 tamen
527 1787 671 1830 cum
715 1764 947 1848 Apella
992 1762 1156 1829 Chio
1202 1765 1442 1830 confice
1489 1766 1566 1830 de
1611 1765 1940 1830 columnis.
2307 1791 2359 1832 15

397 1853 497 1918 De
542 1852 803 1918 Cocceio
859 1858 923 1918 et
968 1852 1212 1917 Libone
1258 1874 1422 1936 quae
1469 1853 1726 1937 scribis,
1781 1853 2097 1937 approbo,
2149 1874 2279 1916 ma-

266 1944 437 2009 xime
492 1942 664 2027 quod
709 1941 785 2007 de
831 1941 1112 2007 iudicatu
1158 1963 1316 2007 me0.
1411 1939 1507 2006 De
1554 1964 1795 2026 sponsu
1842 1943 1897 2006 si
1943 1941 2097 2026 quid
2142 1963 2278 2025 per-

267 2032 568 2117 spexeris,
621 2035 686 2096 et
738 2035 954 2095 tamen
1007 2031 1162 2115 quid
1205 2034 1653 2113 procuratores
1700 2029 2002 2096 Cornifici
2047 2030 2279 2115 dicant,

268 2122 460 2186 velim
514 2119 702 2204 scire,
753 2120 847 2183 ita
900 2123 974 2183 ut
1028 2120 1098 2183 in
1153 2139 1225 2183 ea
1279 2140 1349 2183 re
1403 2122 1496 2203 te,
1549 2140 1693 2183 cum
1754 2122 1889 2183 tam
1935 2122 2279 2201 occupatus

268 2210 375 2293 sis,
433 2228 568 2273 non
629 2207 907 2272 multum
961 2227 1222 2290 operae
1242 2206 1436 2270 velim
1486 2228 1739 2289 ponere.
1838 2206 1936 2272 De
1989 2205 2277 2271 Antonio
2306 2234 2362 2275 ιο

268 2261 509 2362 Balbus
566 2317 819 2380 quoque
873 2295 955 2360 ad
1006 2316 1109 2359 me
1161 2315 1304 2359 cum
1354 2293 1564 2379 Oppio
1620 2294 2030 2382 conscripsit,
2087 2295 2280 2379 idque

269 2385 393 2450 tibi
446 2385 787 2469 placuisse,
837 2404 921 2447 116
973 2383 1398 2466 perturbarer.
1491 2381 1631 2448 Illis
1686 2384 1791 2468 egi
1837 2384 2097 2469 gratias,
2189 2383 2280 2447 Te

270 2477 505 2558 tamen,
548 2476 623 2536 ut
668 2471 796 2536 iam
842 2476 989 2535 ante
1036 2471 1115 2535 ad
1158 2475 1226 2535 te
1263 2472 1508 2557 scripsi,
1555 2472 1716 2537 scire
1752 2473 1899 2537 volo
1937 2493 2038 2536 me
2074 2493 2280 2556 neque

271 2563 396 2626 isto
456 2561 685 2625 nuntio
737 2581 873 2624 esse
922 2559 1372 2642 perturbatum
1420 2580 1538 2625 nec
1587 2560 1715 2624 iam
1766 2560 1901 2625 ullo
1953 2560 2280 2643 perturba-

271 2655 412 2714 tum
464 2649 562 2714 iri.
653 2647 863 2712 Pansa
918 2647 973 2711 si
1031 2647 1248 2731 hodie,
1311 2652 1386 2712 ut
1430 2648 1734 2735 putabas,
1795 2648 2119 2733 profectus
2165 2651 2282 2733 est,
2309 2674 2361 2716 2⁵

271 2737 540 2822 posthac
583 2736 712 2800 iam
756 2735 1025 2820 incipito
1064 2736 1342 2801 scribere
1379 2736 1456 2801 ad
1491 2757 1612 2823 me,
1657 2737 1734 2801 de
1778 2737 1968 2801 Bruti
2005 2736 2281 2801 adventu

274 2826 429 2910 quid
475 2829 825 2909 exspectes,
873 2825 939 2889 id
986 2828 1084 2888 est
1130 2846 1293 2909 quos
1341 2824 1420 2888 ad
1450 2820 1614 2891 (1168.
1704 2824 1798 2912 Ι(1,
1842 2825 1901 2889 81
1946 2825 2124 2909 86168,
2168 2825 2280 2889 ubi

271 2916 401 2979 iam
448 2915 550 2998 sit,
593 2914 778 2978 facile
822 2913 1186 2978 coniectura
1232 2913 1591 2997 adsequere

408 3001 591 3078 Quod
644 3002 724 3066 ad
770 3001 1070 3066 Tironem
1115 3001 1191 3065 de
1237 3001 1535 3066 Terentia
1580 3001 1834 3087 86111118,
1889 3001 2152 3067 01186610
2199 3006 2283 3086 16,

273 3091 365 3155 1111
410 3091 642 3175 Attice,
688 3090 938 3173 suscipe
982 3094 1195 3153 totum
1238 3090 1584 3175 negotium.
1657 3088 1856 3155 Vides
1893 3094 1959 3155 et
1995 3090 2280 3155 officium
2310 3116 2364 3157 so

276 3179 381 3264 agi
434 3200 648 3243 meum
702 3178 1046 3263 quoddam,
1101 3178 1203 3242 cui
1258 3182 1334 3242 tu
1388 3199 1456 3242 es
1510 3178 1830 3264 conscius,
1886 3182 1976 3262 et,
2032 3182 2107 3242 ut
2149 3200 2285 3243 non

273 3266 438 3330 nulli
501 3270 760 3352 putant,
823 3265 1146 3331 Ciceronis
1212 3287 1363 3330 rem.
1465 3265 1571 3331 Me
1634 3266 1891 3351 quidem
1956 3229 2022 3331 id
2075 3267 2283 3332 multo

274 3354 481 3438 magis
534 3358 776 3455 movet,
823 3355 994 3438 quod
1035 3353 1198 3418 mihi
1243 3358 1341 3418 est
1388 3359 1452 3419 et
1498 3356 1781 3420 sanctius
1828 3359 1893 3420 et
1937 3355 2285 3440 antiquius,

276 3441 650 3523 praesertim
713 3464 857 3506 cum
919 3442 1042 3506 hoc
1104 3441 1378 3507 alterum
1439 3465 1646 3528 neque
1707 3444 2025 3509 sincerum
2076 3464 2285 3528 neque

278 3529 533 3591 firmum
578 3532 796 3612 putem
842 3529 994 3593 fore.
2314 3557 2368 3599 ³5
