2642 3923
614 223 1127 278 EPISTULARUM
1163 226 1262 278 AD
1300 224 1625 280 ATTICUM
1661 226 1739 279 XI
1777 232 1966 279 9—11.
2161 226 2292 290 335

279 366 560 430 furorem
616 389 695 432 ex
751 366 832 430 116
889 368 1212 453 epistulis,
1265 390 1425 453 quas
1472 369 1552 432 ad
1596 374 1661 434 te
1706 369 1882 454 misi,
1936 369 2292 453 perspicere

275 454 565 538 potuisti.
638 453 817 519 Haec
859 454 985 519 tibi
1031 455 1239 520 dolori
1284 478 1423 522 esse
1469 461 1642 522 certo
1691 457 1847 539 sci03
1895 478 1997 521 me
2034 457 2288 542 quidem

276 543 642 607 excruciant
701 547 766 606 et
811 564 885 607 eo
932 544 1167 628 magis,
1222 545 1396 628 quod
1441 544 1603 608 mihi
1648 567 1793 610 cum
1833 508 1968 609 illis
2013 566 2095 610 ne
2141 567 2290 630 que-

275 630 456 694 rendi
503 631 758 715 quidem
801 630 1013 696 locum
1057 632 1349 696 futurum
1394 638 1570 716 puto.

222 745 247 784 ⁵
408 717 505 784 De
563 718 883 783 Africanis
937 719 1129 784 rebus
1179 720 1372 807 longe
1428 721 1554 785 alia
1602 721 1820 805 nobiS,
1884 742 1958 786 ac
2010 725 2085 786 tu
2141 721 2288 785 scri·
2323 737 2354 785 2

275 828 524 892 pseras,
584 808 982 873 nuntiantur.
1071 807 1258 873 Nihil
1319 809 1490 873 enim
1552 809 1800 873 firmius
1857 831 1995 874 esse
2050 809 2287 894 dicunt,

273 895 438 959 nihil
483 895 788 978 paratius.
860 895 1125 961 Accedit
1170 896 1486 981 Hispania
1531 902 1595 961 et
1637 897 1911 962 alienata
1947 896 2154 981 Italia,
2198 897 2286 962 16-

275 984 539 1068 gionum
582 1005 700 1048 nec
742 984 842 1048 vis
889 985 1108 1048 eadem
1151 1006 1268 1049 nec
1311 986 1633 1071 voluntaS,
1675 987 1957 1051 urbanae
2001 1007 2102 1051 res
2147 1007 2285 1069 per-

275 1072 458 1135 ditae.
550 1069 718 1146 Quid
764 1077 891 1157 est,
942 1073 1057 1137 ubi
1103 1073 1513 1158 acquiescam,
1570 1074 1699 1138 nisi
1744 1096 1937 1159 quam
1982 1074 2092 1138 diu
2136 1080 2283 1138 tuas

198 1185 247 1224 ιο
272 1159 525 1224 litteras
572 1160 763 1245 lego?
837 1125 1012 1236 Quae
1048 1167 1261 1226 essent
1297 1163 1584 1245 profecto
1622 1162 1993 1248 crebriores,
2037 1162 2092 1226 si
2129 1162 2284 1247 quid

271 1246 567 1332 haberes,
629 1270 758 1333 quo
821 1254 1082 1332 putares
1145 1270 1354 1314 meam
1406 1251 1769 1315 molestiam
1820 1250 2025 1315 minui
2078 1272 2282 1335 posse.

274 1335 400 1402 Sed
449 1339 666 1401 tamen
709 1342 776 1400 te
820 1358 998 1424 rog0,
1035 1343 1110 1401 ut
1152 1359 1234 1402 ne
1278 1338 1672 1403 intermittas
1719 1338 1995 1404 scribere
2039 1338 2120 1403 ad
2162 1361 2283 1440 me,

273 1423 578 1509 quicquid
621 1425 761 1510 erit,
816 1446 1069 1512 eosque,
1114 1427 1227 1511 qui
1269 1426 1432 1490 mihi
1475 1430 1611 1491 tam
1657 1427 1997 1493 crudeliter
2040 1427 2283 1492 inimici

274 1517 453 1598 sunt,
511 1512 568 1576 si
613 1513 822 1577 odisse
867 1535 1001 1578 non
1043 1519 1258 1599 potes,
1303 1536 1556 1579 accuses
1603 1520 1834 1599 tamen,
1877 1537 2010 1580 non
2052 1519 2127 1580 ut
2173 1516 2283 1579 ali-

195 1626 243 1667 15
273 1601 425 1684 quid
487 1601 810 1685 proficias,
874 1601 986 1666 sed
1047 1606 1122 1667 ut
1178 1602 1303 1667 tibi
1363 1625 1467 1669 me
1520 1625 1737 1669 carum
1791 1625 1929 1668 esse
1984 1604 2282 1669 sentiant.

270 1688 465 1752 Plura
510 1688 590 1752 ad
633 1694 699 1755 te
746 1689 1039 1775 scribam,
1084 1691 1141 1755 si
1175 1690 1339 1755 mihi
1375 1692 1454 1755 ad
1490 1712 1596 1756 eas
1630 1692 1903 1776 litteras,
1948 1713 2106 1775 quas
2141 1713 2284 1776 pro·

269 1777 442 1841 xime
487 1776 566 1840 ad
612 1782 677 1842 te
724 1777 886 1865 dedi,
928 1780 1349 1863 rescripseris,
1438 1780 1617 1845 Vale.
1706 1798 1807 1844 ΧΠ
1850 1778 1930 1844 Κ.
1967 1778 2149 1843 Febr.

1228 1954 1338 2020 XI.

604 2074 717 2132 Sor.
747 2075 1028 2130 Brwndisi
1071 2075 1231 2131 VIII
1257 2077 1347 2132 Id.
1379 2077 1553 2132 Mart.
1585 2095 1635 2133 a.
1668 2081 1779 2133 707
1816 2081 1953 2146 (47).

188 2212 242 2252 so
909 2198 1164 2255 CICERO
1203 2200 1465 2256 ATTICO
1505 2200 1653 2255 SAL.

402 2305 744 2372 Confectus
805 2308 937 2372 iam
995 2309 1281 2373 cruciatu
1339 2309 1764 2373 maximorum
1819 2309 2140 2392 dolorum,
2201 2332 2285 2374 ne
2324 2326 2352 2375 1

269 2395 328 2459 si
374 2396 461 2459 sit
506 2395 792 2479 quidem,
858 2396 1031 2479 quod
1077 2397 1156 2460 ad
1199 2401 1265 2461 te
1312 2396 1579 2461 debeam
1626 2396 1931 2482 scribere,
1987 2397 2174 2462 facile
2218 2398 2283 2462 id

269 2483 533 2567 exsequi
576 2484 850 2570 possim,
901 2482 1028 2549 hoc
1071 2485 1316 2568 minus,
1372 2484 1542 2568 quod
1587 2506 1689 2548 res
1733 2485 1913 2549 nulla
1958 2490 2076 2570 est,
2121 2507 2283 2570 quae

270 2571 606 2635 scribenda
669 2572 781 2656 sit,
845 2593 991 2637 cum
1045 2573 1423 2674 praesertim
1486 2595 1567 2637 ne
1632 2594 1777 2656 spes
1834 2573 2090 2657 quidem
2150 2574 2285 2638 ulla

186 2685 241 2726 ²⁵
270 2660 645 2724 ostendatur
698 2660 835 2725 fore
889 2660 1137 2725 melius.
1226 2660 1330 2724 Ita
1387 2662 1517 2723 iam
1561 2682 1643 2724 ne
1686 2664 1834 2725 tuas
1880 2662 2136 2745 quidem
2180 2662 2284 2726 lit·

269 2752 440 2812 teras
504 2753 830 2834 exspecto,
901 2769 1291 2833 quamquam
1356 2770 1604 2833 semper
1668 2749 1907 2833 aliquid
1969 2750 2282 2834 adferunt,

269 2836 441 2919 quod
484 2837 695 2901 velim.
768 2836 975 2913 Quare
1020 2840 1094 2900 tu
1131 2836 1387 2921 quidem
1426 2837 1711 2921 scribitO,
1755 2859 1900 2902 cum
1938 2838 2081 2921 erit,
2129 2839 2281 2922 quoi

270 2923 395 2987 des,
486 2923 630 3008 Ego
677 2925 808 2988 tuis
855 2925 1197 3009 proximis,
1254 2947 1413 3008 quas
1456 2930 1676 2990 tamen
1718 2925 1848 2989 iam
1893 2926 2142 3009 pridem
2188 2949 2282 2991 ac-

269 3011 434 3095 cepi,
486 3011 653 3075 nihil
704 3011 908 3079 habeo
974 3013 1146 3098 quod
1198 3014 1572 3099 rescribam3
1633 3013 1830 3099 longo
1877 3014 2047 3078 enim
2091 3014 2283 3079 inter-

185 3126 240 3166 ³0
268 3099 438 3164 vallo
483 3100 667 3164 video
711 3100 1053 3166 immutata
1088 3123 1225 3166 6666
1263 3102 1504 3186 omnia3
1548 3101 1663 3165 illa
1698 3123 1834 3166 esse
1871 3102 2072 3186 firma,
2121 3124 2282 3186 quae

269 3188 570 3274 debeant,
639 3209 760 3253 nos
834 3189 1153 3254 stultitiae
1222 3194 1481 3255 nostrae
1554 3190 1969 3275 gravissimas
2042 3213 2281 3274 poenas

267 3277 557 3360 pendere.

399 3363 470 3429 P.
510 3362 819 3429 Sallustio
864 3365 1142 3429 curanda
1187 3370 1338 3429 sunt
1383 3363 1495 3429 HS
1542 3383 1715 3450 xxx,
1778 3388 1941 3450 quae
1988 3367 2199 3450 accepi
2245 3388 2283 3430 a
2318 3383 2350 3431 2

268 3448 379 3516 011.
429 3450 755 3518 Sallustio.
846 3451 1061 3518 Velim
1121 3453 1364 3540 videaS,
1415 3458 1490 3518 ut
1552 3455 1689 3519 sine
1733 3476 1915 3519 mora
1960 3459 2277 3520 curentur.

181 3566 237 3605 st>
264 3538 363 3605 De
407 3562 481 3605 ea
525 3563 593 3606 re
641 3541 867 3624 scripsi
913 3541 992 3606 ad
1036 3507 1419 3607 Terentiam.
1491 3543 1708 3624 Atque
1742 3539 1920 3606 1166
1901 3563 2115 3624 ipsum
2150 3542 2277 3604 iam
