2642 3923
644 161 1158 252 EPISTiJLARUM
1192 197 1293 252 AD
1330 196 1657 252 ATTIOUM
1692 197 1771 251 1x
1808 202 1892 265 ιο,
1931 202 2016 252 11.
2203 195 2329 259 277

315 339 631 404 nihildum
686 339 763 403 de
807 322 1018 404 reditu
1065 337 1358 405 Caesaris
1407 339 1801 405 audiebatur.
1892 339 2038 425 Ego
2083 339 2187 403 his
2233 339 2338 403 lit·

317 428 498 529 teris·
527 428 651 530 hoc
703 432 920 492 tamen
965 428 1232 515 profeci,
1286 429 1531 514 perlegi
1577 450 1796 493 omnes
1840 431 1989 493 tuas
2036 433 2100 492 et
2146 429 2215 492 in
2262 449 2337 492 eo

317 537 621 600 acquievi.

614 741 620 746 .
1269 691 1381 757 XI.

261 824 286 864 5
607 813 720 869 Ser.
751 815 815 868 in
853 813 1155 871 Formiano
1195 814 1369 868 XIII
1397 814 1471 869 K.
1501 813 1639 884 Apr.
1670 833 1720 868 a.
1753 817 1864 870 705
1902 818 2037 883 (49).

921 937 1211 993 CICERO
1246 936 1539 992 ATTICO
1574 937 1737 992 SAL.

446 1042 793 1109 Lentulum
847 1050 1141 1109 nostrum
1199 1046 1325 1109 scis
1370 1044 1658 1109 Puteolis
1706 1046 1890 1110 esse?
1962 1042 2148 1121 Quod
2192 1067 2337 1110 cum

314 1154 350 1197 e
402 1133 650 1197 viatore
705 1133 982 1234 quodam
1037 1138 1205 1197 esset
1260 1134 1576 1216 auditum,
1636 1134 1746 1217 qui
1795 1155 1861 1197 se
1907 1133 2145 1197 diceret
2190 1155 2337 1199 eum

312 1222 384 1285 in
419 1222 647 1322 Appia,
693 1243 836 1285 cum
875 1221 930 1285 is
968 1223 1227 1306 paulum
1268 1222 1559 1286 lecticam
1600 1223 1973 1305 aperuisset,
2009 1243 2339 1325 cognosse,

232 1336 288 1377 ιο
314 1310 438 1373 etsi
483 1313 591 1373 vix
637 1310 770 1373 veri
818 1311 1052 1393 simile,
1107 1311 1255 1374 misi
1299 1315 1519 1375 tamen
1563 1308 1868 1374 Puteolos
1914 1331 2161 1394 puerOS,
2222 1310 2336 1394 qui

313 1400 849 1499 pervestigarent,
907 1403 972 1463 et
1027 1398 1105 1462 ad
1160 1421 1304 1462 eum
1359 1399 1626 1463 litteras,
1718 1398 2026 1462 Inventus
2083 1404 2182 1463 est
2226 1399 2336 1463 vix

313 1487 383 1550 in
446 1486 654 1550 hortis
719 1486 852 1550 suis
915 1507 980 1551 se
1043 1487 1370 1551 occultans
1434 1487 1812 1570 litterasque
1867 1485 2030 1551 mihi
2086 1486 2335 1551 remisit

265 1597 270 1602 ·
312 1574 579 1638 mirifice
634 1575 875 1659 gratias
923 1596 1118 1659 agens
1168 1574 1454 1657 Caesari3
1516 1576 1591 1639 de
1640 1597 1757 1640 suo
1805 1579 2018 1638 autem
2064 1576 2333 1641 consilio

314 1661 381 1727 C.
421 1661 644 1727 Caesio
689 1663 987 1727 mandata
1034 1664 1111 1726 ad
1155 1685 1257 1728 me
1303 1664 1568 1728 dedisse.
1641 1663 1814 1727 Eum
1850 1685 1968 1748 ego
2006 1662 2196 1728 hodie
2232 1685 2335 1728 ex-

234 1777 286 1817 15
315 1752 700 1836 spectabam,
745 1752 811 1815 id
856 1757 955 1815 est
1001 1769 1128 1815 x111
1171 1752 1249 1816 K.
1289 1752 1565 1835 AprileS.

443 1838 640 1903 Venit
704 1841 896 1903 etiam
962 1841 1042 1904 ad
1104 1863 1204 1904 me
1250 1840 1489 1904 Matius
1537 1839 2074 1924 Quinquatribus,
2137 1840 2332 1906 homo

311 1927 694 2013 mehercule,
747 1932 821 1993 ut
867 1929 1026 1993 mihi
1072 1930 1248 1994 visus
1296 1933 1424 2013 est,
1478 1932 1869 2012 temperatus
1916 1932 1980 1994 et
2027 1929 2332 2015 prudens3

313 2017 717 2082 existimatus
764 2018 1019 2100 quidem
1066 2022 1163 2081 est
1209 2039 1458 2101 semper
1503 2022 1728 2082 auctor
1773 2018 1908 2081 otii.
1983 2015 2186 2093 Quam
2221 2018 2332 2084 ille

310 2105 434 2171 hoc
485 2127 617 2170 non
669 2106 941 2190 probare
994 2105 1157 2170 mihi
1212 2106 1468 2190 quidem
1513 2107 1689 2169 visus
1737 2109 1860 2187 est,
1917 2127 2109 2188 quam
2153 2106 2333 2170 illam

234 2218 288 2260 πο
314 2194 613 2278 νέκυιαν,
668 2199 743 2257 ut
798 2199 868 2257 tu
927 2195 1238 2281 appellas,
1292 2195 1543 2258 timere!
1617 2193 1788 2258 Huic
1844 2215 1963 2278 ego
2010 2195 2079 2258 in
2123 2195 2332 2259 multo

316 2304 605 2346 sermone
652 2281 991 2365 epistulam
1040 2283 1119 2346 ad
1164 2305 1264 2346 me
1315 2282 1602 2346 Caesaris
1651 2282 1920 2366 ostendi,
1963 2304 2104 2345 eam
2150 2283 2331 2347 cuius

313 2372 674 2454 exemplum
721 2371 801 2434 ad
845 2376 909 2434 te
956 2375 1143 2434 antea
1188 2372 1363 2456 misi,
1418 2372 1784 2455 rogavique,
1838 2376 1911 2434 ut
1955 2371 2331 2454 interpreta-

312 2463 519 2542 retur,
571 2459 727 2542 quid
772 2464 963 2542 esset,
1012 2460 1181 2542 quod
1228 2461 1339 2523 ille
1386 2459 1717 2543 scriberet,
1766 2459 2123 2524 ‘consilio
2168 2481 2330 2525 meo

314 2569 390 2611 se
445 2547 560 2611 uti
606 2548 833 2632 velle,
889 2548 1171 2633 gratia,
1225 2548 1643 2634 dignitate,
1690 2569 1828 2631 ope
1881 2570 2127 2611 rerum
2184 2568 2332 2611 om-

231 2660 287 2703 25
312 2636 559 2700 nium’.
643 2635 999 2718 Respondit
1047 2658 1114 2699 se
1160 2658 1289 2699 non
1336 2636 1655 2721 dubitare,
1719 2636 1878 2719 quin
1924 2640 1987 2698 et
2036 2658 2221 2719 opem
2266 2641 2333 2701 et

315 2725 589 2808 gratiam
649 2746 854 2788 meam
908 2724 1018 2788 ille
1075 2724 1155 2787 ad
1208 2724 1717 2807 pacificationem
1763 2729 2112 2807 quaereret.
2192 2722 2333 2790 Uti—

309 2835 461 2877 nam
525 2812 783 2895 aliquod
845 2813 915 2876 in
975 2813 1096 2876 hac
1158 2813 1417 2876 miseria
1477 2813 1571 2877 rei
1637 2811 1929 2896 publicae
1990 2815 2335 2879 πολιτικὸν

313 2923 476 2984 opus
524 2902 769 2965 efficere
814 2905 878 2964 et
922 2922 1156 2964 navare
1202 2901 1362 2965 mihi
1408 2901 1623 2964 liceat!
1688 2900 1930 2964 Matius
1977 2900 2233 2983 quidem
2268 2905 2335 2966 et

312 2991 498 3053 illum
555 2990 624 3052 in
678 3011 751 3053 ea
808 2990 1128 3053 sententia
1182 3010 1321 3053 esse
1381 2988 1740 3053 confidebat
1786 2993 1851 3052 et
1897 3010 1965 3052 se
2010 2994 2335 3053 auctorem

232 3104 287 3145 so
313 3079 450 3142 fore
497 3078 937 3161 pollicebatur.

444 3165 658 3230 Pridie
722 3170 937 3230 autem
1002 3166 1172 3248 apud
1233 3188 1335 3229 me
1393 3163 1725 3248 Crassipes
1790 3166 2027 3250 fuerat,
2090 3166 2203 3249 qui
2267 3188 2333 3230 se

312 3255 516 3338 pridie
578 3254 745 3318 Non.
803 3255 1071 3318 Martias
1134 3253 1481 3318 Brundisio
1555 3254 1912 3337 profectum
1982 3258 2177 3336 atque
2239 3253 2334 3319 ibi

227 3395 231 3399 .
309 3342 687 3426 Pompeium
761 3343 1099 3426 reliquisse
1170 3342 1446 3427 dicebat,
1521 3342 1694 3426 quod
1750 3342 1969 3424 etiam,
2043 3342 2154 3424 qui
2208 3359 2335 3407 vm

310 3431 463 3495 Idus
512 3432 689 3495 illinc
734 3431 1005 3514 profecti
1050 3434 1251 3515 erant,
1293 3430 1710 3514 nuntiabant3
1755 3430 1868 3493 illa
1903 3451 2054 3493 vero
2094 3450 2333 3514 omneS‚

234 3546 286 3586 35
312 3520 383 3584 in
427 3520 661 3603 quibus
708 3520 902 3582 etiam
950 3517 1299 3604 Crassipes,
1362 3519 1473 3603 qui
1508 3540 1629 3600 pro
1674 3539 1793 3582 sua
1837 3517 2178 3600 prudentia
2222 3539 2332 3600 po-

2376 1063 2404 1111 1
