2642 3923
622 183 1134 239 EPISTULARUM
1170 184 1269 238 AD
1306 185 1632 240 ATTICUM
1667 186 1746 240 111
1784 193 1869 255 14,
1910 193 1991 240 15.
2236 187 2317 250 87

435 324 654 392 Crassi
710 328 1016 393 libertum
1078 327 1244 392 nihil
1306 333 1465 411 puto
1531 329 1772 394 sincere
1840 329 2142 395 locutum.
2242 330 2314 395 In

301 418 527 480 senatu
573 437 708 480 rem
753 416 954 500 probe
1001 416 1230 481 scribis
1280 421 1503 481 actam.
1578 414 1702 481 Sed
1749 417 1903 501 quid
1949 416 2190 484 Curio?
2238 442 2320 483 311

298 504 478 569 1113111
526 503 883 570 orationem
928 527 1063 569 non
1104 504 1308 589 legit?
1358 526 1519 588 quae
1564 505 1732 569 unde
1778 506 1864 570 sit
1901 507 2172 593 prolata,
2215 529 2319 572 ne-

301 592 449 658 8010.
525 589 648 656 Sed
684 591 891 657 Axius
938 593 1221 657 eiusdem
1268 593 1392 657 diei
1432 594 1715 658 scribens
1753 595 1831 658 ad
1867 617 1969 659 me
2006 601 2149 660 acta
2182 617 2317 660 non

220 706 271 753 5
298 681 392 745 ita
436 680 656 745 laudat
702 679 1060 745 Curionem.
1152 681 1244 745 At
1302 685 1519 765 potest
1581 682 1691 746 1110
1746 682 1989 766 aliquid
2043 688 2315 766 praeter·

299 769 584 855 mittere,
646 774 748 855 tu,
808 770 936 833 nisi
991 769 1162 853 quod
1217 772 1381 854 erat,
1443 770 1731 853 profecto
1792 792 1926 835 non
1982 772 2313 855 scripsisti.

297 856 612 921 Varronis
659 878 868 921 sermo
914 858 1070 922 facit
1115 858 1658 940 exspectationem
1705 856 2012 923 Caesaris.
2100 860 2315 944 Atque

298 946 548 1009 utinam
593 946 730 1029 ipse
767 945 976 1011 Varro
1018 946 1350 1010 incumbat
1386 945 1456 1009 in
1490 949 1773 1012 causam!
1820 949 1991 1030 quod
2028 949 2315 1031 profecto

299 1055 445 1098 cum
492 1056 608 1098 sua
654 1038 883 1118 sponte
928 1038 1070 1098 tum
1116 1039 1181 1098 te
1225 1034 1511 1099 instante
1556 1035 1761 1099 faciet.

219 1149 272 1189 ιο
431 1122 593 1207 Ε80,
639 1122 695 1186 81
741 1144 842 1186 1110
887 1122 1231 1206 aliquando
1279 1123 1478 1187 vestri
1533 1127 1597 1187 et
1652 1124 1898 1206 patriae
1951 1129 2313 1208 compotem

297 1211 559 1274 fortuna
595 1210 835 1295 fecerit,
881 1215 1052 1275 certe
1094 1210 1384 1295 efficiam,
1430 1216 1504 1275 ut
1550 1211 1824 1276 maxime
1867 1212 2103 1277 laetere
2147 1235 2314 1279 unus

301 1320 375 1364 ex
443 1298 740 1363 omnibus
806 1299 1053 1384 amicis,
1116 1320 1384 1383 meaque
1448 1299 1657 1365 officia
1722 1304 1786 1364 et
1849 1300 2087 1384 studia,
2154 1323 2316 1384 quae

297 1409 526 1470 parum
582 1391 769 1451 antea
826 1388 1130 1452 luxerunt
1185 1387 1542 1469 (fatendum
1606 1391 1704 1452 est
1768 1389 1962 1470 enim')
1974 1439 1993 1471 ,
2056 1389 2150 1453 sic
2215 1412 2315 1454 ex·

301 1496 556 1559 sequar,
612 1480 686 1539 ut
723 1495 841 1539 ‘me
895 1496 1094 1559 aeque
1148 1473 1274 1539 tibi
1330 1497 1402 1541 ac
1452 1476 1663 1541 fratri
1696 1482 1760 1540 et
1804 1476 2027 1541 liberis
2072 1478 2314 1542 nostris

221 1589 271 1630 15
299 1563 674 1628 restitutum
734 1567 940 1651 putes,
1042 1563 1111 1629 Si
1174 1564 1330 1647 quid
1393 1564 1462 1627 in
1524 1568 1589 1630 te
1652 1565 1903 1648 peccavi
1963 1587 2036 1629 ae
2096 1566 2313 1649 potius

299 1652 606 1735 quoniam
649 1652 930 1736 peccavi,
985 1651 1269 1737 ignosce3
1325 1651 1393 1715 in
1438 1674 1541 1718 me
1586 1652 1755 1717 enim
1804 1654 2015 1737 ipsum
2059 1656 2312 1738 peccavi

298 1739 752 1804 vehementius.
845 1738 1072 1824 Neque
1114 1740 1271 1805 haec
1317 1762 1391 1804 eo
1439 1741 1666 1825 scrib0,
1714 1763 1841 1825 quo
1890 1747 1954 1806 te
1996 1763 2129 1807 non
2173 1765 2312 1807 meo

298 1849 450 1893 casu
495 1828 776 1894 maximo
815 1829 1034 1893 dolore
1072 1850 1209 1894 esse
1246 1829 1565 1894 adfectum
1602 1830 1815 1914 8013111,
1862 1830 1971 1895 sed
2007 1830 2314 1916 profecto,

301 1917 376 2002 si,
423 1921 736 2001 quantum
772 1938 873 1982 me
910 1939 1083 1982 amas
1121 1920 1185 1983 et
1221 1917 1471 2001 amasti,
1514 1921 1769 1983 tantum
1805 1940 2018 1983 amare
2056 1919 2314 1984 deberes

220 2034 273 2073 so
302 2028 375 2071 30
401 2005 750 2090 debuisses,
786 2028 1137 2091 numquam
1168 2027 1338 2071 esses
1365 2027 1591 2091 passus
1617 2028 1739 2093 me,
1775 2029 1902 2091 quo
1934 2012 2009 2072 tu
2037 2007 2312 2072 abunda-

300 2094 442 2179 bas,
503 2115 687 2180 egere
742 2095 1008 2160 consilio
1064 2115 1181 2160 nec
1236 2116 1404 2159 esses
1458 2117 1682 2178 passus
1736 2094 1896 2159 mihi
1947 2097 2308 2180 persuaderi

301 2183 462 2247 utile
513 2183 702 2247 nobis
759 2204 895 2248 esse
947 2184 1155 2268 legem
1208 2183 1286 2247 de
1340 2182 1626 2268 collegiis
1681 2184 1964 2267 perferri.
2064 2183 2187 2249 Sed
2242 2189 2313 2250 tu

300 2275 556 2335 tantum
591 2271 886 2336 lacrimas
923 2271 1278 2355 praebuisti
1312 2271 1520 2337 dolori
1556 2294 1719 2357 meo,
1763 2273 1935 2356 quod
1972 2278 2109 2337 erat
2147 2295 2314 2338 amo-

301 2360 417 2445 ris,
469 2364 800 2443 tamquam
852 2360 993 2443 ipse
1047 2381 1193 2444 ego;
1248 2361 1419 2445 quod
1468 2360 1715 2424 meritis
1758 2361 1917 2426 meis
1963 2361 2314 2444 perfectum

219 2478 272 2516 22»
301 2448 541 2532 potuit,
595 2452 669 2512 ut
723 2449 857 2512 dies
912 2451 976 2512 et
1019 2453 1265 2533 noctes,
1320 2448 1476 2532 quid
1520 2448 1680 2513 mihi
1723 2448 2081 2514 faciendum
2128 2454 2313 2533 esset,

301 2536 643 2621 cogitares,
706 2537 773 2600 id
836 2536 950 2600 abs
1012 2539 1080 2601 te
1140 2558 1309 2619 meo,
1371 2558 1505 2601 non
1565 2541 1681 2601 tuo
1745 2538 1979 2603 scelere
2039 2542 2313 2622 praeter·

302 2624 569 2689 missum
640 2627 755 2689 est.
864 2623 1105 2701 Quodsi
1175 2647 1308 2689 non
1378 2625 1567 2689 modo
1630 2629 1730 2709 tu,
1802 2626 1912 2691 sed
1975 2626 2334 2711 quisquam.

301 2713 554 2814 fuisset,
608 2713 721 2796 qui
773 2734 875 2777 me
917 2712 1184 2797 Pompei
1238 2713 1452 2777 minus
1507 2713 1760 2778 liberali
1812 2735 2121 2798 responso
2176 2737 2312 2799 per-

300 2800 601 2866 territum
656 2824 694 2865 3
746 2801 1120 2886 turpissimo
1177 2802 1446 2866 consilio
1502 2806 1852 2885 revocaret,
1916 2803 2088 2886 quod
2146 2825 2312 2868 unus

219 2916 273 2957 so
301 2894 376 2954 tu
409 2890 616 2954 facere
651 2890 928 2954 maxime
964 2889 1256 2974 potuisti,
1301 2896 1414 2955 aut
1455 2890 1858 2955 occubuissem
1902 2892 2154 2969 honeste,
2202 2895 2313 2955 aut

299 2978 573 3044 victores
609 2977 802 3043 hodie
838 2978 1211 3043 viveremus.
1282 2977 1410 3044 Hic
1443 2977 1603 3042 mihi
1639 2979 1958 3063 181108008;
2004 3000 2106 3043 1110
2143 2980 2313 3045 0111111

299 3067 513 3151 ipsum
548 3067 753 3131 multo
791 3066 998 3151 magis
1034 3087 1278 3150 accuso,
1316 3066 1541 3131 deinde
1584 3071 1650 3131 te
1687 3068 1871 3150 quasi
1910 3089 2013 3132 me
2039 3068 2311 3132 alterum

301 3160 366 3220 et
412 3155 607 3220 simul
650 3170 826 3221 meae
869 3155 1093 3238 culpae
1130 3156 1372 3219 socium
1410 3175 1660 3239 quaero.
1734 3155 1846 3240 Ac,
1892 3155 1949 3219 si
1986 3157 2311 3242 restituor,

301 3244 496 3309 etiam
557 3244 771 3309 minus
835 3244 1191 3307 videbimur
1254 3242 1600 3344 deliquisse
1672 3243 1788 3309 abs
1860 3248 2053 3327 teque
2124 3248 2310 3328 certe,

216 3359 270 3399 ³5
301 3333 603 3416 quoniam
646 3332 827 3397 nullo
873 3336 1127 3414 nostro,
1185 3335 1300 3396 tuo
1348 3332 1551 3414 ipsius
1598 3331 1904 3397 beneficio
1953 3332 2308 3417 diligemur.

432 3420 615 3496 Quod
668 3426 735 3486 te
789 3443 934 3485 cum
981 3418 1288 3485 Culleone
1343 3419 1569 3484 scribis
1626 3420 1703 3485 de
1757 3420 2093 3507 privilegio
2140 3420 2308 3485 locu·
2347 3436 2379 3485 5

298 3512 465 3590 tum,
521 3512 619 3573 est
674 3508 941 3594 aliquid,
998 3508 1110 3573 sed
1161 3508 1368 3574 multo
1415 3511 1514 3573 est
1557 3508 1784 3572 melius
1832 3506 2146 3593 abrogari.
2239 3506 2306 3573 Si
