2642 3923
615 180 1127 237 EPISTULARUM
1164 181 1263 235 AD
1303 146 1629 237 mmmm
1665 181 1690 235 1
1730 186 1954 236 ιιι-ιο.
2214 180 2294 245 19

272 324 482 390 laudis
546 325 899 390 avidissimi
971 347 1219 411 semper
1289 325 1530 389 fuimus
1594 329 1659 390 et
1730 329 1984 408 praeter
2049 330 2294 389 ceteros

274 413 664 498 φιλέλληνες
723 418 787 478 et
846 435 1067 477 sumus
1126 418 1191 478 et
1248 413 1561 477 habemur
1618 417 1684 477 et
1741 413 2093 477 multorum
2149 414 2296 478 odia

274 505 468 585 atque
513 501 884 566 inimicitias
932 503 1025 566 rei
1070 501 1363 585 publicae
1411 522 1600 566 causa
1645 503 2063 587 suscepimus,
2109 501 2295 567 ‘wav-

274 595 457 674 τοίης
511 589 744 674 ἀρετῆς
798 591 1190 674 μιμνήσκεο’
1238 612 1541 675 curaque,
1594 590 1800 673 effice,
1844 594 1918 653 ut
1964 590 2044 653 ab
2094 589 2292 654 omm’-
2392 636 2405 655 ,

219 707 246 746 5
274 679 397 743 bus
443 682 507 743 et
551 678 881 765 laudemur
927 682 993 742 et
1037 699 1336 742 amemur.
1429 676 1552 742 His
1607 678 1685 741 de
1738 677 1928 741 rebus
1983 679 2170 762 plura
2215 678 2292 742 ad
2331 695 2362 740 2

273 771 339 832 te
387 768 453 831 in
500 788 574 831 ea
611 766 887 850 epistula
923 766 1219 850 scribam,
1266 788 1458 850 quam
1496 766 1622 849 ipsi
1660 765 1898 841 Quinto
1939 766 2122 830 dabo.
2195 765 2293 830 Tu

274 877 377 920 me
436 855 628 918 velim
691 855 1026 919 certiorem
1088 855 1286 919 facias
1295 905 1313 939 ,
1387 854 1542 938 quid
1606 854 1682 917 de
1753 853 1912 918 meis
1976 854 2293 919 mandatis

274 943 483 1029 egeris
556 947 748 1026 atque
826 943 1021 1007 etiam
1089 943 1243 1026 quid
1303 943 1380 1006 de
1448 946 1563 1006 tuo
1628 942 1921 1027 negoti03
1981 965 2159 1029 nam,
2221 945 2295 1006 ut

275 1031 618 1096 Brundisio
668 1031 993 1113 profectus
1038 1053 1134 1116 es,
1189 1031 1403 1094 nullae
1455 1029 1616 1094 mihi
1672 1030 1786 1094 abs
1840 1035 1906 1095 te
1962 1035 2115 1095 sunt
2158 1031 2294 1095 red·

197 1150 246 1188 10
275 1120 770 1271 &tari-‘litterae
862 1117 1067 1184 Valde
1111 1130 1275 1184 ‘aveo
1339 1117 1526 1203 scire,
1586 1118 1739 1202 quid
1800 1139 1970 1204 agas.
2070 1117 2293 1184 Idibus

274 1228 301 1272 l
347 1230 384 1271 a
449 1229 545 1272 us.

1196 1381 1370 1448 XVI.

735 1503 846 1559 Ser.
888 1458 1094 1559 Rome
1127 1521 1195 1557 m.
1238 1502 1425 1572 Quint.
1463 1521 1513 1558 a.
1555 1508 1664 1558 693
1702 1506 1841 1572 (61).

912 1624 1167 1681 CICERO
1201 1625 1465 1681 ATTICO
1506 1626 1653 1683 SAL.

197 1767 245 1805 ις,
409 1734 675 1811 Quaeris
713 1756 790 1800 ex
827 1756 947 1818 me,
994 1735 1148 1817 quid
1184 1734 1481 1799 acciderit
1517 1736 1595 1800 de
1639 1736 1893 1822 iudici0,
1938 1736 2109 1820 quod
2155 1739 2287 1800 tam
2330 1754 2354 1799 1

195 1824 200 1831 ’
273 1828 530 1909 praeter
584 1823 951 1907 opinionem
1013 1823 1297 1886 omnium
1358 1823 1601 1887 factum
1660 1825 1772 1909 sit,
1830 1829 1896 1888 et
1955 1824 2147 1889 simul
2195 1825 2290 1888 vis

275 1913 466 1998 scire,
520 1933 647 1996 quo
694 1912 884 1977 modo
935 1931 1054 1997 ego
1101 1911 1344 1997 minuS,
1391 1933 1581 1995 quam
1630 1912 1896 1997 soleam,
1939 1912 2290 1996 proeliatus

275 2002 413 2066 sim.
514 2000 937 2085 Respondebo
1008 2000 1130 2064 tibi
1189 2000 1473 2084 ὕστερον
1530 2003 1856 2085 πρότερον
1897 2000 2290 2085 “Ομηρικῶς.

273 2090 420 2175 Ego
482 2089 678 2174 enim,
739 2111 931 2173 quam
991 2089 1102 2152 diu
1160 2093 1420 2153 senatus
1477 2089 1827 2153 auctoritas
1870 2087 2031 2152 mihi
2080 2088 2288 2152 defen·

196 2209 249 2247 80
275 2178 480 2243 denda
523 2178 675 2261 fuit,
731 2177 823 2241 sic
872 2177 1101 2240 acriter
1156 2181 1220 2240 et
1267 2176 1673 2241 vehementer
1730 2177 2082 2260 proeliatus
2129 2198 2290 2261 sum,

275 2271 349 2330 ut
380 2265 618 2330 clamor
655 2286 1126 2348 concursusque
1162 2265 1442 2329 maxima
1477 2286 1619 2329 cum
1658 2287 1798 2329 mea
1830 2265 2016 2329 laude
2044 2265 2287 2330 fierent.

276 2353 518 2430 Quodsi
576 2353 698 2418 tibi
758 2375 1062 2436 umquam
1121 2375 1263 2417 sum
1308 2354 1485 2417 visus
1544 2354 1612 2417 in
1666 2376 1735 2419 re
1780 2353 2037 2436 publica
2081 2353 2288 2439 fortis,

275 2446 446 2507 certe
504 2465 606 2505 me
665 2442 734 2505 in
793 2441 905 2505 illa
964 2462 1154 2505 causa
1213 2442 1563 2505 admiratus
1623 2463 1811 2506 esses.
1904 2439 2064 2505 Cum
2121 2442 2290 2505 enim

273 2531 385 2595 ille
430 2531 511 2594 ad
555 2531 887 2594 contiones
935 2529 1329 2614 confugisset
1373 2529 1441 2593 in
1488 2530 1694 2613 iisque
1729 2550 1871 2594 meo
1918 2531 2173 2594 nomine
2210 2530 2290 2594 ad

200 2649 249 2687 25
276 2618 584 2683 invidiam
646 2621 960 2700 uteretur,
1028 2617 1092 2680 di
1150 2617 1570 2682 immortales!
1637 2639 1796 2701 quas
1861 2638 1980 2703 ego
2039 2638 2289 2703 pugnas

278 2712 343 2772 et
405 2710 677 2790 quantas
739 2711 987 2790 strages
1049 2705 1241 2769 edidi!
1304 2727 1465 2789 quos
1520 2706 1799 2788 impetus
1860 2706 1928 2769 in
1973 2704 2291 2791 Pisonem,

274 2796 343 2859 in
391 2793 762 2880 Curionem,
821 2794 889 2857 in
932 2796 1140 2857 totam
1185 2793 1363 2857 illam
1410 2815 1669 2857 manum
1715 2793 1864 2857 feci!
1925 2816 2051 2877 quo
2098 2795 2288 2859 modo

277 2905 419 2947 sum
466 2884 816 2947 insectatus
863 2882 1190 2945 levitatem
1236 2903 1486 2965 senum,
1532 2882 1865 2946 libidinem
1911 2883 2289 2946 iuventutis!

279 2970 498 3055 Saepe,
544 2971 637 3034 ita
681 2992 784 3035 me
829 2969 893 3033 di
940 2970 1187 3034 iuvent!
1233 2973 1298 3034 te
1344 2991 1475 3033 non
1522 2970 1731 3034 solum
1778 2975 2102 3034 auctorem
2148 2992 2290 3035 con-

201 3087 251 3127 so
278 3060 569 3124 siliorum
612 3080 919 3142 meorum,
967 3079 1185 3121 verum
1222 3059 1417 3122 etiam
1463 3063 1885 3141 spectatorem
1933 3080 2291 3143 pugnarum

276 3147 691 3211 mirificarum
737 3145 1102 3211 desideravi.
1194 3144 1431 3209 Postea
1475 3167 1624 3210 vero
1675 3168 1864 3229 quam
1903 3146 2291 3212 Hortensius
2329 3165 2358 3211 2

277 3234 1202 3409 ‡{ZZ{,¹¹⁵?J¹¹‡;1122¹1{}1³¹3113¹12
1239 3233 2292 3407 Zessffiiari’usssstfflefflffiefflss

280 3412 390 3476 bat
448 3411 576 3476 nisi
634 3410 913 3474 iudicum
973 3427 1176 3496 'genus
1223 3407 1317 3497 (in
1381 3431 1455 3474 eo
1517 3415 1731 3474 autem
1791 3415 1971 3475 erant
2032 3411 2292 3494 omnia),

204 3525 251 3565 ³5
279 3499 747 3585 pugnavitque,
803 3503 877 3562 ut
922 3498 1015 3562 ita
1059 3498 1266 3580 fieret,
1328 3499 1499 3581 quod
1560 3503 1623 3562 et
1671 3498 1795 3561 sibi
1850 3503 1916 3563 et
1962 3498 2105 3562 aliis
2155 3521 2285 3578 per-

1899 3604 1971 3652 2.
