2642 3923
329 242 461 307 374
965 241 1039 296 Μ.
1078 240 1292 295 TULLI
1329 240 1705 295 CICERONIS

1183 470 1484 537 XXVIII.

741 594 856 651 Ser.
886 594 1126 649 Astmae
1161 594 1261 647 IX
1294 593 1370 647 K.
1400 593 1539 661 Apr.
1570 611 1621 647 a.
1652 596 1763 648 709
1801 596 1937 661 (45).

935 715 1223 771 CICERO
1257 714 1549 770 ATTICO
1584 714 1748 769 SAL.

463 826 559 891 De
624 823 785 890 Silio
848 825 984 890 nilo
1048 825 1234 909 plura
1296 825 1569 909 cognovi
1633 845 1710 887 ex
1773 829 2108 907 praesente
2167 821 2346 889 Sicca

331 938 524 1001 quam
570 936 647 979 ex
691 914 929 978 litteris
976 914 1130 978 eius.
1223 911 1580 995 Scripserat
1625 912 1796 976 enim
1842 909 2200 996 diligenter.
2274 911 2343 977 Si
2400 944 2424 979 5

330 1004 533 1089 igitur
567 1007 642 1067 tu
677 1002 863 1066 illum
900 1002 1289 1088 conveneris,
1335 1001 1575 1065 scribes
1614 1001 1693 1064 ad
1728 1021 1848 1084 me,
1894 1000 1949 1064 si
1987 1001 2144 1085 quid
2178 1001 2344 1065 vide-

330 1093 524 1157 bitur.
597 1089 696 1155 De
744 1112 871 1174 quo
918 1094 1109 1173 putas
1157 1090 1236 1153 ad
1281 1112 1385 1153 me
1430 1090 1701 1153 missum
1747 1110 1902 1173 esse,
1949 1089 2036 1152 sit
2071 1089 2342 1153 missum

329 1202 552 1263 necne,
612 1180 858 1263 nescio;
923 1178 1168 1242 dictum
1232 1178 1490 1261 quidem
1552 1177 1712 1240 mihi
1776 1181 1947 1241 certe
2007 1177 2174 1240 nihil
2229 1180 2341 1241 est.

330 1268 429 1333 Tu
474 1268 703 1353 igitur,
756 1271 831 1331 ut
878 1267 1172 1350 coepisti,
1226 1271 1306 1350 et,
1369 1266 1426 1330 si
1472 1266 1628 1349 quid
1672 1264 1766 1329 ita
1813 1265 2127 1349 conficies,
2173 1266 2342 1349 quod

331 1358 624 1441 equidem
668 1377 797 1419 non
846 1355 1126 1419 arbitror
1170 1355 1312 1418 fieri
1358 1376 1564 1437 posse,
1609 1357 1684 1417 ut
1728 1353 1827 1418 illi
1871 1352 2199 1439 probetur,
2243 1352 2343 1417 Ci—
2372 1382 2425 1420 10

331 1466 651 1527 ceronem‚
726 1444 781 1507 si
852 1443 975 1507 tibi
1048 1442 1353 1526 placebit,
1427 1442 1775 1506 adhibebis,
1874 1441 2037 1506 Eius
2102 1442 2341 1526 aliquid

330 1534 599 1598 interest
645 1532 849 1597 videri
894 1531 1070 1595 illius
1117 1553 1306 1595 causa
1351 1531 1652 1614 voluisse,
1696 1552 1838 1595 mea
1885 1530 2140 1613 quidem
2180 1531 2343 1594 nihil

328 1622 459 1687 nisi
503 1621 590 1706 id,
635 1621 807 1705 quod
850 1624 925 1684 tu
972 1620 1113 1704 scis,
1160 1619 1333 1704 quod
1380 1641 1496 1703 ego
1545 1619 1762 1703 magni
1808 1619 2094 1682 aestimo.

465 1709 650 1785 Quod
710 1730 806 1774 me
868 1710 956 1773 ad
1014 1730 1220 1772 meam
1283 1707 1804 1771 consuetudinem
1869 1729 2128 1772 revocas
2137 1759 2155 1793 ,
2219 1707 2344 1771 fuit

331 1820 545 1863 meum
593 1797 851 1880 quidem
894 1798 1024 1860 iam
1069 1797 1315 1879 pridem
1355 1818 1490 1860 rem
1528 1795 1850 1879 publicam
1887 1794 2124 1879 lugere,
2173 1796 2345 1879 quod
2372 1822 2424 1861 ιο

331 1887 670 1969 faciebam,
737 1885 845 1949 sed
906 1885 1157 1969 mitius3
1230 1888 1367 1948 erat
1431 1884 1629 1971 enim,
1691 1883 1805 1947 ubi
1865 1884 2341 1968 acquiescerem.

333 1974 523 2040 Nunc
585 1974 772 2059 plane
836 1995 952 2038 nec
1012 1995 1129 2058 ego
1185 1974 1427 2037 victum
1481 1995 1595 2037 nec
1648 1973 1848 2037 vitam
1902 1972 2083 2036 illam
2139 1974 2343 2037 colere

332 2085 598 2148 possum
647 2084 764 2127 nec
822 2062 892 2126 in
951 2084 1024 2126 ea
1069 2084 1164 2145 re,
1225 2062 1380 2145 quid
1428 2061 1571 2125 aliis
1609 2061 1929 2147 videatur,
1986 2061 2145 2124 mihi
2185 2065 2341 2144 puto

334 2152 711 2234 curandum3
755 2173 897 2215 mea
942 2150 1101 2213 mihi
1148 2150 1539 2214 conscientia
1583 2150 1788 2233 pluris
1835 2153 1935 2213 est
1979 2170 2170 2232 quam
2210 2171 2344 2214 om-

332 2241 514 2304 nium
579 2260 807 2303 sermo,
907 2237 1091 2314 Quod
1152 2259 1254 2303 me
1307 2239 1447 2321 ipse
1501 2259 1615 2321 per
1668 2237 1920 2302 litteras
1975 2238 2340 2301 consolatus
2373 2264 2426 2302 20

334 2350 494 2413 sum,
529 2350 660 2392 non
696 2327 980 2410 paenitet
1015 2349 1133 2410 me,
1171 2330 1484 2409 quantum
1523 2326 1915 2409 profecerim.
1988 2325 2338 2390 Maerorem

334 2416 556 2501 minui,
601 2416 888 2479 dolorem
931 2437 1047 2478 nec
1091 2415 1275 2498 potui
1319 2436 1453 2498 nec,
1500 2415 1555 2478 si
1601 2436 1875 2499 possem,
1920 2415 2166 2479 vellem.

466 2503 563 2568 De
618 2503 869 2566 Triario
935 2503 1096 2566 bene
1157 2504 1603 2585 interpretaris
1662 2503 2064 2567 voluntatem
2120 2524 2333 2585 meam.

332 2593 432 2657 Tu
486 2613 636 2655 vero
694 2591 888 2676 nihil,
939 2591 1067 2654 nisi
1126 2595 1200 2655 ut
1259 2591 1357 2655 illi
1411 2591 1644 2656 volent.
1736 2591 1902 2655 Amo
1949 2590 2135 2654 illum
2180 2611 2334 2654 mor-

332 2685 546 2765 tuum,
609 2683 790 2744 tutor
850 2701 992 2743 sum
1045 2679 1296 2764 liberis,
1360 2683 1567 2743 totam
1622 2680 1883 2743 domum
1938 2679 2157 2763 diligo,
2244 2677 2338 2742 De
2368 2704 2422 2743 25

334 2767 731 2832 Castriciano
777 2768 1059 2852 negotiO,
1120 2768 1176 2831 si
1222 2765 1572 2832 Castricius
1617 2789 1735 2851 pro
1782 2768 2118 2850 mancipiis
2163 2789 2341 2851 pecu-

330 2857 506 2921 niam
552 2858 836 2939 accipere
878 2856 1053 2920 volet
1099 2877 1366 2940 eamque
1410 2858 1455 2938 †
1477 2856 1532 2920 ei
1582 2856 1771 2941 solvi,
1825 2860 1899 2920 ut
1943 2877 2114 2921 nunc
2159 2855 2346 2920 solvi-

331 2949 457 3030 tur,
502 2949 670 3009 certe
714 2944 879 3008 nihil
924 2948 1023 3008 est
1068 2944 1480 3008 commodius
1574 2943 1690 3008 Sin
1736 2949 1950 3008 autem
1994 2945 2088 3008 ita
2134 2949 2347 3008 actum

335 3038 450 3118 est,
496 3038 569 3096 ut
614 3033 756 3116 ipsa
799 3033 1116 3115 mancipia
1152 3033 1507 3117 abduceret,
1551 3054 1683 3096 non
1718 3033 1880 3098 mihi
1916 3033 2168 3097 videtur
2212 3054 2348 3096 esse

333 3143 606 3205 aequum
662 3120 881 3207 (rogas
939 3121 1108 3184 enim
1153 3142 1281 3206 me,
1336 3125 1411 3185 ut
1457 3121 1580 3185 tibi
1627 3121 1931 3206 scribam,
1986 3121 2137 3205 quid
2183 3120 2345 3184 mihi
2378 3147 2434 3186 so

333 3207 682 3294 videatur);
740 3209 892 3273 nolo
950 3210 1120 3281 enim
1173 3208 1422 3294 negotii
1479 3209 1791 3285 Quintum
1846 3210 2115 3273 fratrem
2170 3209 2344 3293 quic-

332 3319 525 3379 quam
568 3296 831 3381 habere3
877 3298 1046 3380 quod
1093 3297 1312 3361 videor
1359 3297 1519 3361 mihi
1556 3298 1949 3362 intellexisse
1986 3298 2110 3361 tibi
2145 3297 2344 3361 videri

331 3384 516 3448 idem.
597 3382 939 3469 Publilius,
985 3385 1041 3448 si
1087 3385 1564 3469 aequinoctium
1609 3390 1953 3470 exspectat,
1998 3390 2072 3450 ut
2119 3385 2348 3450 scribis

330 3471 633 3534 Aledium
678 3471 901 3553 dicere,
958 3473 1379 3557 navigaturus
1424 3475 1690 3538 videtur.
1782 3474 1947 3538 Mihi
1993 3479 2205 3538 autem
2252 3474 2351 3538 di-

331 3561 513 3620 xerat
576 3579 690 3639 per
756 3558 1055 3623 Siciliam.
1154 3559 1393 3625 Utrum
1458 3567 1521 3626 et
1578 3565 1859 3649 quando,
1920 3563 2112 3626 velim
2167 3563 2349 3626 scire.
2384 3589 2443 3631 ⁸5
