2642 3923
368 181 501 248 462
572 180 647 237 M.
678 181 892 237 TULLI
930 179 1306 236 CICERONIS
1342 179 1566 236 EPIST.
1603 181 1704 234 AD
1741 180 2068 235 ATTICUM
2102 180 2233 235 ΧΠ
2270 187 2362 236 22.

369 326 494 391 tati
534 348 772 390 sumus.
845 323 1093 389 Deinde
1128 324 1372 389 habent
1408 325 1478 389 in
1515 346 1625 390 ore
1659 345 1780 389 nos
1816 325 2125 410 ingratos.
2191 323 2402 390 Nullo

370 414 562 479 modo
608 413 845 497 licebit,
892 414 1065 497 quod
1109 418 1251 478 tum
1299 417 1365 477 et
1410 413 1534 478 tibi
1578 413 1762 477 licuit
1809 417 1873 478 et
1910 414 2152 477 multis
2229 418 2404 478 Φαι-

372 501 928 587 νοπροσωπητέον
973 522 1127 588 ergo
1176 506 1242 567 et
1289 500 1467 567 ἰτέον
1502 501 1569 564 in
1607 503 1861 566 castra?
1934 501 2190 566 Miliens
2227 503 2403 567 mori

372 592 623 677 melius,
678 590 830 655 huic
873 591 1253 675 praesertim
1299 591 1512 654 aetati.
1602 589 1832 674 Itaque
1875 613 1978 654 me
2022 589 2176 654 Idus
2223 590 2397 654 Mar-

373 681 505 744 tiae
547 700 680 744 non
724 684 861 743 tam
906 679 1318 744 consolantur
1367 701 1557 762 quam
1597 682 1801 743 antea.
1874 678 2183 764 Magnum
2221 679 2401 742 enim
2431 704 2462 744 5

376 768 678 832 mendum
722 768 1071 834 continent.
1162 767 1310 831 Etsi
1356 767 1456 831 illi
1500 768 1760 832 iuvenes

537 891 794 968 ’ἄλλοις
838 890 911 956 ἐν
957 890 1225 968 ἐσθλοῖς
1268 889 1447 956 τόνδ’
1503 891 1934 956 ἀπωθοῦνται
1977 889 2235 973 ψόγον.’

380 1031 521 1117 Sed,
567 1033 625 1097 si
660 1037 737 1098 tu
771 1033 1000 1098 melius
1039 1032 1370 1117 quidpiam
1407 1053 1642 1116 speras,
1679 1032 1851 1116 quod
1887 1036 1952 1096 et
1987 1032 2173 1116 plura
2210 1031 2400 1096 audis

379 1125 444 1186 et
488 1123 725 1186 interes
772 1121 1076 1203 consiliis,
1128 1121 1371 1185 scribas
1417 1119 1497 1184 ad
1539 1141 1643 1185 me
1685 1121 1880 1184 velim
1926 1120 2245 1204 simulque
2290 1141 2401 1185 co-

380 1211 567 1294 gites,
628 1209 782 1293 quid
829 1209 1144 1295 agendum
1188 1209 1378 1274 nobis
1427 1209 1512 1273 sit
1560 1231 1750 1292 super
1794 1209 2114 1294 legatione
2159 1209 2399 1273 votiva.
2433 1236 2487 1274 10
2608 1280 2609 1291 χ

381 1298 699 1381 Equidem
754 1298 823 1362 in
880 1298 982 1361 his
1030 1298 1186 1362 locis
1234 1319 1500 1363 moneor
1545 1320 1582 1360 a
1626 1297 1879 1381 multis,
1931 1318 2012 1361 ne
2056 1297 2126 1361 in
2172 1301 2404 1361 senatu

380 1386 703 1451 Kalendis,
775 1384 1094 1450 Dicuntur
1140 1387 1308 1450 enim
1358 1386 1604 1450 occulte
1649 1385 1889 1449 milites
1936 1385 2016 1449 ad
2053 1407 2191 1449 eam
2230 1386 2402 1449 diem

382 1475 736 1558 comparari
783 1479 847 1538 et
895 1474 1149 1559 quidem
1196 1474 1266 1538 in
1311 1475 1505 1559 istoS‚
1550 1474 1664 1559 qui
1707 1474 1870 1538 mihi
1915 1473 2214 1538 videntur
2259 1474 2402 1539 ubi-

380 1564 480 1628 vis
525 1564 733 1627 tutius
780 1585 975 1648 quam
1019 1564 1089 1627 in
1134 1567 1362 1629 senatu
1407 1563 1560 1627 fore.

2604 772 2610 881 ἱ
