2642 3923
621 214 1135 272 EPISTULARUM
1171 214 1271 267 AD
1310 212 1636 266 ATTICUM
1672 210 1801 265 XVI
1838 216 1887 279 5,
1928 217 1976 265 6.
2174 211 2299 275 501

1239 443 1351 508 VI.

678 565 793 624 Ser.
834 566 1037 619 Vibone
1085 566 1241 619 VIII
1273 566 1346 618 K.
1380 564 1521 619 Seoet.
1553 581 1604 617 a.
1637 567 1745 618 710
1784 567 1919 631 (44).

896 687 1183 742 CICERO
1218 686 1509 741 ATTICO
1545 686 1708 740 SAL.

374 797 565 881 Ego
641 796 850 860 adhuc
914 795 1203 881 (perveni
1267 795 1435 859 enim
1501 794 1820 858 Vibonem
1884 793 1964 857 ad
2028 792 2300 895 Siccam)

236 914 261 952 5
290 886 492 970 magis
550 881 878 948 commode
935 907 1128 968 quam
1184 887 1443 947 strenue
1496 883 1821 966 navigavi3
1884 883 2078 946 remis
2134 883 2295 947 enim

290 995 586 1057 magnam
641 978 917 1058 partem,
982 972 1308 1056 prodromi
1362 970 1543 1034 nulli.
1634 969 1804 1033 Illud
1862 971 2019 1034 satis
2075 993 2302 1054 oppor-

289 1066 469 1144 tune,
551 1061 676 1124 duo
753 1062 932 1125 sinus
1003 1061 1289 1142 fuerunt,
1370 1080 1530 1142 quos
1604 1058 1881 1121 tramitti
1957 1064 2301 1143 oporteret,
2354 1087 2358 1091 ·

287 1149 639 1213 Paestanus
705 1154 769 1214 et
824 1147 1231 1212 Vibonensis,
1333 1146 1695 1230 Utrumque
1759 1146 2026 1228 pedibus
2084 1148 2300 1232 aequis

287 1237 701 1304 tramisimuS.
767 1236 936 1301 Veni
980 1237 1181 1321 igitur
1228 1236 1307 1299 ad
1346 1233 1589 1299 Siccam
1637 1237 1861 1298 octavo
1908 1235 2009 1299 die
2047 1256 2082 1298 e
2114 1234 2299 1299 Pom-

210 1353 258 1390 10
287 1327 533 1409 peian0,
579 1348 723 1389 cum
768 1346 968 1388 unum
1005 1325 1172 1389 diem
1208 1323 1433 1388 Veliae
1470 1323 1914 1386 constitissem.
1989 1321 2120 1388 Ubi
2158 1326 2299 1407 qui-

286 1414 427 1478 dem
499 1414 594 1478 fui
669 1435 821 1477 sane
893 1413 1168 1477 libenter
1242 1413 1411 1495 apud
1475 1411 1743 1474 Talnam
1815 1414 2111 1475 nostrum
2182 1434 2299 1477 nec

286 1503 470 1584 potui
520 1502 746 1587 accipi,
800 1501 915 1563 illo
963 1501 1227 1564 absente
1271 1500 1665 1584 praesertim,
1711 1499 2056 1564 liberalius.
2148 1518 2300 1565 v1111

284 1589 426 1652 Kal.
474 1589 678 1673 igitur
734 1590 813 1652 ad
862 1586 1124 1653 Siccam.
1215 1587 1318 1651 Ibi
1363 1592 1693 1670 tamquam
1740 1588 1910 1651 domi
1957 1611 2133 1652 meae
2184 1590 2300 1653 sci-

284 1677 449 1740 licet.
550 1675 777 1759 Itaque
832 1676 1069 1740 obduxi
1124 1680 1456 1759 posterum
1510 1675 1692 1739 diem.
1796 1673 1919 1738 Sed
1973 1678 2299 1763 putabam,

207 1790 258 1830 15
287 1786 431 1828 cum
495 1763 770 1848 Regium
831 1765 1174 1850 venissem,
1235 1764 1373 1827 fore
1427 1767 1500 1826 ut
1553 1762 1687 1826 illic
1742 1763 2037 1847 (δολιχὸν
2088 1769 2299 1829 πλόον

287 1854 739 1936 ὁρμαίνοντες’
794 1852 1250 1936 cogitaremuS,
1305 1852 1632 1915 corbitane
1677 1849 1902 1915 Patras
1963 1873 2043 1915 an
2089 1857 2298 1916 actua-

284 1941 464 2005 riolis
521 1941 601 2006 ad
656 1939 1082 2025 Leucopetras
1138 1904 1633 2004 Tarentinorum
1697 1943 1889 2024 atque
1942 1939 2088 2005 inde
2143 1939 2297 2005 Gor-

284 2052 499 2112 cyram
563 2034 655 2115 et,
727 2031 783 2094 si
849 2030 1167 2114 oneraria,
1231 2029 1534 2092 statimne
1588 2027 1753 2091 freto
1811 2050 1894 2092 an
1949 2028 2295 2112 Syracusis

283 2117 422 2182 Hac
470 2139 661 2200 super
703 2140 772 2181 re
819 2118 1093 2181 scribam
1139 2118 1218 2180 ad
1262 2121 1329 2180 te
1371 2116 1594 2201 Regio,

176 2233 255 2275 ,20
415 2205 793 2290 Mehercule,
839 2206 930 2269 mi
974 2206 1210 2289 Attice,
1256 2227 1445 2289 saepe
1489 2226 1762 2268 mecum:

699 2329 821 2393 “H
861 2328 1031 2413 δεῦρ’
1088 2329 1242 2404 ὁδός
1289 2345 1396 2392 σοι
1439 2312 1509 2392 τί
1549 2328 1887 2426 &vivamus

282 2467 414 2532 Cur
459 2490 577 2553 ego
625 2474 834 2533 tecum
881 2491 1011 2532 non
1059 2470 1244 2533 sum?
1308 2490 1422 2532 cur
1469 2468 1701 2531 ocellos
1746 2466 1989 2552 Italiae,
2040 2469 2291 2533 villulas

279 2578 482 2642 meas,
544 2579 676 2621 non
731 2557 960 2621 video?
1028 2556 1150 2620 Sed
1203 2557 1269 2620 id
1323 2558 1478 2620 satis
1533 2578 1873 2640 superque,
1929 2561 2139 2620 tecum
2192 2581 2292 2622 me

279 2667 412 2708 non
457 2667 623 2728 esse,
683 2646 835 2746 quid
880 2645 1276 2729 fugientem?
1342 2645 1819 2746 periculumne‘?
1881 2645 1971 2708 At
2017 2645 2083 2707 id
2126 2668 2294 2710 nunc

199 2759 251 2799 25
280 2733 556 2817 quidem,
599 2733 726 2797 nisi
772 2733 980 2819 fallor,
1023 2733 1274 2797 nullum
1321 2736 1434 2797 est.
1507 2732 1609 2795 Ad
1653 2733 1865 2816 ipsum
1912 2734 2081 2796 enim
2118 2756 2293 2799 revo-

279 2825 381 2885 cat
444 2844 546 2886 me
603 2822 951 2885 auctoritas
1006 2826 1144 2906 tua3
1207 2821 1435 2885 scribis
1496 2821 1660 2884 enim
1719 2821 1788 2884 in
1842 2822 2084 2885 caelum
2140 2822 2292 2886 ferri

278 2909 740 2992 profectionem
775 2931 999 2996 meam,
1036 2874 1148 2973 sed
1181 2910 1294 2994 ita,
1333 2910 1389 2973 si
1426 2913 1573 2973 ante
1609 2909 1685 2972 K.
1724 2907 1973 2973 Ianuar.
2012 2909 2291 2995 redeam3

279 2998 452 3080 quod
500 2998 753 3081 quidem
799 2962 999 3061 certe⁷
1015 2998 1236 3062 enitar.
1311 2997 1484 3061 Malo
1531 2998 1702 3060 enim
1739 2997 1843 3061 vel
1878 3020 2022 3061 cum
2059 2998 2290 3063 timore

280 3086 452 3149 domi
498 3107 634 3150 esse
680 3109 872 3170 quam
920 3087 1057 3150 sine
1101 3087 1334 3150 timore
1379 3086 1653 3149 Athenis
1690 3086 1838 3149 tuis
1915 3083 2038 3150 Sed
2075 3091 2291 3150 tamen

197 3201 250 3241 30
277 3174 590 3260 perspice,
653 3197 782 3258 quo
844 3175 972 3238 ista
1033 3179 1333 3260 vergant,
1391 3173 1678 3257 mihique
1732 3178 1843 3237 aut
1901 3173 2104 3238 scribe
2160 3178 2290 3259 aut,

277 3263 449 3345 quod
493 3263 701 3326 multo
747 3263 985 3348 malim,
1032 3263 1208 3327 adfer
1251 3264 1405 3347 ipse.
1498 3261 1672 3326 Haec
1717 3261 2039 3325 hactenus
2328 3318 2341 3341 ,

407 3349 578 3415 Illud
640 3352 835 3415 velim
898 3351 968 3415 in
1029 3350 1265 3415 bonam
1318 3354 1568 3433 partem
1624 3349 1893 3432 accipias
1947 3371 2049 3412 me
2104 3370 2289 3433 agere
2327 3395 2339 3409 .

274 3443 512 3522 tecum,
573 3439 743 3523 quod
797 3440 921 3502 tibi
975 3440 1204 3503 maiori
1261 3461 1447 3502 curae
1505 3439 1700 3502 sciam
1746 3459 1881 3501 esse
1929 3459 2121 3520 quam
2166 3437 2291 3519 ipsi

275 3527 449 3591 mihi.
541 3526 824 3592 Nomina
868 3549 1029 3612 mea,
1087 3550 1199 3611 per
1247 3528 1416 3611 deOS,
1463 3526 1703 3610 expedi,
1749 3525 2058 3588 exsolve.v
2111 3525 2290 3588 Bella
