2642 3923
625 188 1134 245 EPISTULARUM
1169 190 1267 244 AD
1303 189 1628 246 ATTIOUM
1664 190 1741 245 VI
1776 195 1826 260 8,
1865 197 1914 247 9.
2159 190 2284 257 183

1225 418 1339 485 IX.

756 539 871 596 Sor.
900 541 1132 596 Athenis
1165 542 1251 596 Id.
1287 541 1398 597 Oct.
1428 558 1481 596 a.
1511 545 1619 596 704
1657 544 1794 609 (50).

910 661 1166 719 CICERO
1203 662 1467 719 ATTICO
1505 662 1652 718 SAL.

406 771 484 837 In
537 770 799 838 Piraeea
854 793 997 837 cum
1040 771 1325 836 exissem
1380 771 1584 856 pridie
1643 770 1795 837 Idus
1842 771 2098 839 Octobr.
2111 826 2128 859 ,
2188 796 2283 839 ac·
2323 792 2352 839 1

219 887 246 927 s
274 861 412 944 cepi
460 860 539 924 ab
577 859 836 946 Acasto,
880 880 1064 925 servo
1110 881 1272 944 meo,
1318 860 1543 924 statim
1563 927 1567 932 ,
1586 865 1733 925 tuas
1771 860 2038 926 litteras,
2114 860 2283 937 Quas

277 947 530 1032 quidem
575 969 721 1013 cum
765 951 1233 1032 exspectassem
1279 948 1409 1012 iam
1446 948 1573 1033 diu,
1618 949 1968 1014 admiratus
2005 972 2167 1035 sum,
2211 955 2284 1014 ut

277 1036 407 1101 vidi
454 1036 861 1120 obsignatam
907 1035 1271 1119 epistulam,
1317 1035 1700 1101 brevitatem
1737 1037 1892 1123 eius,
1936 1042 2010 1102 ut
2047 1039 2287 1123 aperui,

275 1146 499 1189 rursus
557 1125 881 1208 σύγχυσιν
932 1123 1394 1211 litterularum,
1448 1125 1599 1208 quia
1652 1124 1863 1189 solent
1915 1129 2064 1191 tuae
2120 1147 2288 1190 com-

280 1212 712 1297 positissimae
758 1216 823 1277 et
870 1211 1260 1277 clarissimae
1296 1233 1453 1296 esse,
1497 1233 1587 1298 ac,
1630 1234 1711 1278 ne
1746 1213 1969 1299 multa,
2014 1214 2285 1299 cognovi

198 1328 251 1368 10
279 1324 356 1367 ex
402 1322 477 1366 eo
541 1300 713 1385 quod
757 1299 853 1365 ita
897 1300 1257 1386 scripseras,
1301 1303 1368 1365 te
1404 1298 1677 1365 Romam
1723 1302 1970 1367 venisse
2017 1324 2070 1367 a.
2100 1302 2155 1366 d.
2186 1320 2285 1365 ΧΗ

277 1388 419 1454 Kal.
458 1352 592 1453 (Set.
630 1409 776 1456 cum
819 1388 1000 1453 febri.
1074 1385 1422 1453 Percussus
1469 1388 1875 1454 vehementer
1909 1412 2026 1455 nec
2060 1391 2285 1475 magist,

280 1499 471 1562 quam
529 1475 748 1562 debui,
811 1476 1034 1541 statim
1091 1497 1326 1559 quaero
1382 1497 1459 1540 ex
1512 1475 1769 1542 Acasto,
1867 1476 1983 1543 Ille
2037 1483 2103 1543 et
2161 1478 2285 1543 tibi

281 1570 345 1630 et
390 1563 514 1630 sibi
562 1564 773 1628 visum
817 1568 882 1628 et
927 1564 1022 1628 ita
1066 1585 1135 1628 se
1181 1564 1354 1627 domi
1399 1585 1477 1629 ex
1523 1566 1652 1629 tuis
1699 1565 1965 1650 audisse,
2011 1570 2086 1630 ut
2119 1566 2287 1630 nihil

280 1657 449 1719 esset
491 1651 904 1716 incommode.
994 1650 1069 1715 Id
1114 1651 1449 1716 videbatur
1494 1653 1875 1740 approbare,
1935 1653 2105 1737 quod
2150 1658 2287 1718 erat

200 1766 252 1807 15
278 1741 351 1807 in
406 1745 717 1824 extremo,
777 1739 1151 1805 febriculam
1208 1743 1351 1803 tum
1407 1744 1472 1804 te
1533 1739 1876 1805 habentem
1938 1743 2284 1826 scripsisse.

282 1827 405 1894 Sed
456 1833 521 1895 te
577 1827 785 1893 amavi
836 1831 1053 1892 tamen
1107 1827 1584 1912 admiratusque
1640 1851 1811 1913 sum,
1866 1831 2038 1912 quod
2081 1830 2285 1896 nihilo

284 1918 493 1983 minus
552 1915 632 1981 ad
689 1937 793 1981 me
850 1919 963 1980 tua
1026 1936 1221 1980 manu
1286 1915 1666 2000 scripsisses.
1773 1915 1979 1993 Quare
2034 1919 2109 1984 de
2164 1917 2285 1984 hoc

282 2008 455 2072 satis.
548 2004 748 2090 Spero
796 2005 983 2089 enim,
1029 2025 1191 2087 quae
1235 2007 1349 2068 tua
1394 2004 1730 2089 prudentia
1766 2009 1831 2069 et
1867 2008 2289 2091 temperantia

284 2099 407 2179 est,
461 2100 519 2159 et
557 2093 841 2177 hercule,
899 2097 972 2157 ut
1015 2114 1117 2158 me
1163 2091 1344 2157 iubet
1386 2091 1682 2177 Acastus,
1735 2093 1983 2159 confido
2031 2099 2096 2159 te
2140 2095 2288 2180 iam,

202 2209 256 2249 20
282 2188 357 2247 ut
400 2181 714 2266 volumuS,
757 2182 984 2247 valere.

414 2270 476 2335 A
510 2269 824 2334 Turranio
861 2273 927 2334 te
963 2270 1280 2353 accepisse
1313 2289 1489 2334 meas
1524 2269 1774 2334 litteras
1811 2270 2073 2355 gaudeo.
2147 2275 2287 2336 Πα-
2324 2287 2355 2333 2

283 2357 687 2444 ραφύλαξον,
732 2358 790 2421 si
832 2379 933 2422 me
979 2379 1175 2444 amas,
1225 2358 1349 2441 τὴν
1392 2366 1513 2424 τοῦ
1558 2367 1861 2442 φυρατοῦ
1907 2363 2290 2442 φιλοτιμίαν

283 2447 618 2512 αὐτότατα.
709 2444 916 2529 Hanc,
971 2466 1132 2529 quae
1185 2445 1543 2511 mehercule
1588 2445 1749 2509 mihi
1802 2467 2035 2531 magno
2083 2447 2289 2512 dolori

284 2538 382 2598 est
429 2532 664 2620 (dilexi
711 2534 880 2597 e'nim
925 2530 1323 2620 hominem),
1368 2528 1662 2619 procura,
1708 2534 2291 2619 quantulacumque

203 2649 254 2688 25
284 2626 409 2707 est,
469 2620 836 2686 Precianam
898 2620 1316 2686 hereditatem
1379 2643 1642 2705 prorsus
1697 2622 1805 2687 ille
1857 2644 1939 2687 ne
1994 2624 2288 2708 attingat.

285 2709 474 2775 Dices
517 2731 813 2775 nummos
855 2708 1016 2773 mihi
1053 2730 1214 2793 opus
1252 2731 1393 2774 esse
1429 2710 1510 2775 ad
1547 2714 1924 2793 apparatum
1960 2711 2289 2795 triumphi.

285 2796 363 2862 In
407 2819 564 2882 qu0,
619 2801 692 2861 ut
735 2797 1076 2882 praecipis,
1130 2819 1244 2861 nec
1287 2819 1390 2861 me
1433 2798 1631 2863 κενὸν
1676 2798 1746 2862 111
1790 2799 2144 2882 expetendo
2192 2821 2291 2865 co-

285 2906 551 2971 gnosces
594 2906 710 2950 nec
754 2887 1012 2971 ἄτυφον
1055 2886 1125 2949 111
1169 2885 1515 2951 abiciendo.

415 2971 713 3038 Intellexi
765 2994 843 3037 ex
900 2973 1032 3038 tuis
1076 2974 1311 3038 litteris
1358 2977 1423 3038 te
1467 2996 1547 3039 ex
1591 2972 1904 3040 Turranio
1954 2974 2207 3040 audisse
2254 2999 2291 3039 a
2328 2993 2358 3040 3

204 3088 258 3128 30
285 3083 388 3126 me
440 3061 835 3145 provinciam
888 3061 1074 3125 fratri
1132 3061 1450 3126 traditam.
1541 3059 1766 3127 Adeon
1811 3082 1930 3174 eg,o
1973 3083 2109 3128 non
2152 3085 2291 3147 per·

285 3170 625 3302 :5333
667 3150 1101 3315 pfflffimsssst
1118 3149 1594 3303 111ῗῦῗῶἔὲ
1596 3150 2293 3324 ὃὲῗὲηἷωῗέἔεζζεὲῗ

286 3326 628 3411 quicquam
641 3378 659 3411 ,
714 3347 825 3391 cur
879 3326 1156 3409 placeret
1208 3327 1474 3390 fratrem
1527 3329 1593 3389 et
1652 3326 1846 3390 talem
1890 3326 2156 3392 fratrem
2200 3348 2308 3392 re-·

283 3414 535 3499 linqui?
596 3413 938 3498 Ἀθέτησις
983 3415 1109 3479 ista
1154 3413 1314 3478 mihi
1359 3418 1491 3500 tua,
1534 3435 1667 3478 non
1704 3414 1904 3498 ἐποχὴ
1941 3415 2291 3480 videbatur.

206 3527 257 3567 85
285 3501 593 3567 Monebas
642 3502 716 3567 de
753 3500 823 3578 Q.
863 3500 1166 3568 Cicerone
1210 3523 1431 3589 puer0,
1476 3506 1549 3567 ut
1595 3524 1741 3567 eum
1789 3502 2044 3585 quidem
2090 3504 2292 3566 neuti-
