2642 3923
1087 205 1147 259 P.
1179 210 1474 260 386—393.
1656 240 1663 245 ·
2131 203 2300 259 CXIII

269 346 506 416 Tyrrell.
545 378 616 389 —-
652 353 719 400 26
757 345 1076 416 Epistulam
1102 346 1328 400 XLVIII
1363 347 1498 401 hinc
1533 347 1814 417 incipiunt
1846 347 2082 402 Schiche
2107 345 2295 402 Herm.

269 417 452 473 xvm
486 437 541 488 p.
572 423 693 485 591,
732 416 988 471 Schmidt
1023 436 1076 487 p.
1106 423 1228 486 495,
1266 418 1487 487 Tyn-eil
1523 434 1609 488 ep.
1640 424 1760 487 594,
1788 437 1838 473 v.
1869 425 1937 473 33
1974 419 2203 489 priores.
2228 448 2299 458 —-

269 496 338 544 31
387 491 825 558 exspectabamus
870 487 1003 543 Otto
1048 506 1187 543 mus.
1235 487 1412 543 Rhen.
1455 493 1591 543 1886
1627 507 1684 560 Ρ.
1715 495 1818 544 378
1868 490 1937 544 cf.
1975 507 2028 614 p.
2095 495 2179 544 92.
2210 494 2296 557 21,

269 565 500 627 39412,
549 559 679 613 add.
718 564 928 614 407.1s
977 559 1068 628 (of.
1105 577 1154 613 v.
1187 561 1302 631 20),
1358 559 1491 613 fam.
1540 559 1591 613 X
1620 565 1757 614 14.2
1803 559 1981 630 proba
2025 604 2035 616 .
2094 590 2165 602 --
2228 564 2297 612 33

270 630 372 701 Ep.
402 630 628 684 XLVIII
665 630 777 686 Ser.
816 631 880 684 in
923 630 1232 684 Tusculano
1268 647 1444 685 mense
1482 631 1644 686 Maio
1680 630 1891 697 Baiter,
1918 630 2181 687 Wesenb.
2276 630 2296 702 ΙΙ

344 701 414 756 Ρ.
452 701 591 756 890.
622 707 653 755 5
701 718 749 755 v.
799 699 1033 755 Schiche
1081 701 1266 755 Herm.
1315 700 1495 755 XVIII
1528 720 1582 771 p.
1615 708 1742 768 614,
1800 701 2056 756 Schmidt
2089 720 2145 772 p.
2174 706 2295 770 495,

269 771 492 842 Tyrrell
528 789 613 842 ep.
643 777 776 839 597,
813 790 861 825 v.
894 777 1069 825 7--10
1103 787 1236 842 pars
1274 771 1554 842 epistulae
1597 772 1823 827 XLVIII
1867 772 2022 843 apud
2063 772 2294 842 priores.

273 874 344 885 -
382 849 450 897 10
496 858 716 897 crucem
763 842 961 895 addidi
998 845 1056 897 et
1094 843 1167 896 ad
1193 841 1366 895 verba
1392 844 1536 913 quod
1563 844 1741 898 licebit
1767 860 1989 912 quoque
2015 843 2298 914 pertinere

272 913 414 968 volo,
480 913 721 968 Mirifice
756 914 1117 984 interpretem
1154 913 1295 967 mihi
1333 914 1632 970 succurrit:
1669 921 1770 970 aut
1802 931 1896 986 eyo
1933 915 2008 969 ad
2043 921 2091 969 te
2129 915 2297 969 otio·

270 1002 385 1040 sus
419 992 521 1040 aut
554 991 618 1040 tu
653 985 728 1039 ad
763 1001 862 1050 me,
898 1001 1066 1054 quom
1101 985 1303 1051 licebit,
1341 983 1378 1038 i.
1418 999 1466 1039 e.
1504 987 1606 1040 aut
1642 1001 1763 1056 ego,
1800 984 1953 1053 quod
1987 1002 2137 1039 nunc
2172 1002 2297 1038 sum

275 1055 491 1110 otiosus
528 1055 622 1124 (cf.
650 1060 771 1110 387.
803 1061 869 1108 34
907 1057 1148 1127 vacuus),
1190 1057 1290 1108 aut
1324 1057 1405 1123 tu,
1443 1073 1571 1109 cnm
1607 1057 1717 1110 eris
1754 1057 1993 1123 otiosus3
2051 1072 2123 1109 an
2159 1052 2297 1117 ὅλως

279 1128 466 1181 ‘unter
501 1125 652 1180 allen
687 1125 1090 1180 Umst'anden'?
1125 1157 1197 1167 —-
1235 1131 1298 1180 11
1338 1125 1634 1195 Epistulae
1668 1127 1897 1181 initium
1929 1127 2151 1181 faciunt
2178 1126 2293 1180 edi-

277 1200 425 1252 tores
479 1200 705 1268 praeter
759 1195 1131 1251 Schmidtium
1186 1198 1246 1251 et
1297 1196 1656 1266 TyrreIIium,
1712 1198 1825 1253 Ser.
1871 1199 1936 1252 in
1987 1198 2295 1252 Tusculano

276 1285 451 1323 mense
505 1269 669 1323 Maio
720 1267 940 1335 Baiter,
995 1265 1258 1322 Wesenb.
1313 1299 1386 1309 —
1441 1273 1505 1322 12
1557 1270 1734 1324 subito
1786 1285 1889 1351 pro
1928 1275 2067 1338 puto
2112 1268 2293 1335 Klotz,

275 1338 557 1407 Wesenb.,
579 1337 685 1392 del.
706 1337 958 1406 Schuetz,
990 1337 1283 1421 ‘explicari
1310 1355 1475 1408 posse
1500 1339 1709 1394 verbis:
1743 1339 1815 1394 ‘si
1843 1341 1994 1394 recte
2019 1338 2293 1407 memini',

177 1447 192 1462 .
276 1412 341 1464 ut
389 1409 528 1464 olim
561 1409 743 1463 visum
778 1408 1181 1479 Wesenbergio
1226 1408 1459 1463 Emend.
1497 1427 1551 1481 p.
1583 1416 1677 1478 50,
1731 1426 1844 1464 non
1899 1409 2097 1465 credit'
2152 1410 2297 1463 Boot

275 1483 451 1548 recte;
470 1496 603 1534 nam
621 1479 882 1549 pertinet,
902 1483 968 1533 ut
985 1480 1196 1549 opinor,
1226 1480 1302 1534 ad
1318 1480 1701 1535 urbanitatem
1725 1481 2030 1547 hominum,
2059 1497 2299 1551 quorum

274 1551 505 1605 habitus
526 1554 675 1605 certe
695 1552 818 1604 erat
832 1550 1095 1605 urbanus,
1116 1582 1186 1592 -
1205 1557 1273 1604 24
1291 1551 1572 1607 Caesarem
1589 1552 1778 1623 potius
1797 1569 1968 1620 quam
1989 1552 2295 1605 Ciceronem

277 1622 426 1691 Iacl.,
442 1621 723 1689 Wesenb.,
742 1621 900 1677 Boot.
921 1651 992 1664 -
1012 1627 1077 1676 27
1098 1640 1147 1676 V.
1168 1621 1403 1676 Schiche
1423 1622 1608 1677 Herm.
1629 1622 1807 1677 XVIII
1826 1641 1880 1692 p.
1899 1628 2018 1690 614,
2040 1621 2296 1676 Schmidt

279 1711 332 1763 p.
353 1699 475 1761 495,
503 1692 722 1762 Tyrrell
740 1709 824 1763 ep.
849 1698 971 1761 596,
1000 1709 1174 1748 mense
1194 1693 1358 1748 Maio
1382 1693 1591 1760 Baiter,
1611 1692 1872 1748 Wesenb.
1897 1725 1968 1735 —
1996 1698 2062 1746 33
2083 1693 2294 1747 comul-

276 1771 392 1820 tum
418 1781 539 1832 scr„
568 1764 854 1819 consilium
882 1762 1041 1817 codd.
1072 1767 1131 1817 et
1157 1764 1301 1833 edd,
1324 1780 1452 1819 cum
1469 1780 1632 1819 cruce
1649 1763 1930 1832 Wesenb.,
1949 1771 2150 1820 certum
2167 1779 2292 1818 con-

276 1836 462 1890 silium
507 1834 695 1889 Moser
737 1851 921 1905 progr.
961 1834 1090 1888 Ulm
1132 1840 1266 1888 1841
1296 1853 1350 1905 p.
1382 1841 1447 1888 21
1471 1851 1580 1903 sq.,
1625 1836 1972 1890 constitutum
2007 1835 2294 1889 consilium

279 1905 565 1960 Lehmann
593 1904 842 1971 Quaestt.
873 1923 926 1976 p.
950 1910 996 1959 8.
1071 1903 1150 1959 Cf.
1180 1905 1364 1960 Plaut.
1395 1905 1537 1959 Rud.
1569 1911 1672 1959 225
1698 1922 1867 1975 neque
1894 1935 1963 1945 ——
1990 1922 2160 1975 neque
2218 1905 2294 1964 ud

279 1995 553 2047 quaeram,
580 1978 753 2047 (mihi)
780 1978 1143 2033 comltumst.
1191 1980 1209 2046 ΙΙ
1262 1978 1332 2032 P.
1355 1977 1493 2032 391.
1515 1984 1545 2029 2
1574 1995 1623 2031 v.
1648 1976 1883 2031 Schiche
1908 1974 2094 2030 Herm.
2115 1975 2165 2028 X

279 2066 333 2118 p.
346 2055 466 2117 614,
487 2047 743 2102 Schmidt
760 2053 950 2118 Ρ.496,
1113 2047 1189 2101 ell
1200 2064 1283 2117 ep.
1298 2054 1419 2116 598,
1440 2065 1614 2102 mense
1631 2048 1794 2103 Maio
1812 2045 2290 2113 Baiter,Wesenb.

281 2151 349 2160 —
368 2125 398 2172 7
426 2127 499 2174 tu
523 2136 669 2173 unus
695 2118 936 2185 Ernesti,
1032 2119 1236 2186 esenb„
1259 2120 1414 2173 Boot.
1454 2120 1543 2172 Ad
1562 2138 1617 2189 p.
1638 2124 1819 2172 376.6.
1841 2149 1911 2159 —-
1929 2117 2008 2171 Ib.
2029 2124 2078 2171 te
2105 2132 2205 2185 pro
2233 2123 2295 2170 tu

279 2190 471 2244 Baiter
507 2192 566 2243 et
601 2189 857 2244 Schmidt
894 2190 1101 2244 ‘errore
1137 2191 1296 2259 typ.'.
1334 2222 1404 2231 —
1446 2196 1512 2243 14
1548 2197 1611 2244 ut
1644 2196 1800 2244 sunt
1833 2196 2074 2258 tempora
2111 2187 2295 2270 Moser

279 2260 630 2387 effi&
646 2265 1078 2385 0232231323&
1116 2259 2296 2401 ἓῗέθξὲῇωραᾶἔΐῖἷΐηιἯΞέἭὝέ

277 2405 383 2458 scis
417 2405 570 2470 vett,
606 2402 887 2470 Wesenb.,
923 2402 1083 2470 Boot,
1121 2402 1392 2470 Schmidt,
1428 2403 1479 2457 si
1514 2419 1617 2456 om.
1656 2404 1739 2457 ita
1775 2401 1877 2468 M1,
1913 2402 2046 2456 scito
2081 2401 2164 2456 ita
2191 2399 2292 2465 Μ’,

277 2473 472 2529 Baiter
542 2472 777 2542 Tyrrell.
824 2504 894 2513 —
931 2479 998 2527 25
1035 2474 1134 2528 hoc
1167 2471 1460 2541 Wesenb.,
1496 2472 1655 2527 Boot.
1715 2472 1805 2525 Ad
1883 2516 1893 2526 .
1926 2477 2008 2525 12.
2030 2477 2081 2526 6.
2117 2499 2188 2513 -
2225 2476 2292 2524 29

278 2562 326 2599 v.
367 2517 603 2599 Schiche
637 2543 823 2598 Herm.
852 2542 1033 2597 xvm
1059 2562 1113 2613 p.
1145 2548 1265 2610 614,
1304 2542 1559 2597 Schmidt
1584 2562 1636 2613 p.
1667 2550 1789 2610 496,
1863 2541 2037 2612 meu
2064 2557 2150 2612 ep.
2172 2545 2294 2610 599,

276 2632 453 2671 mense
497 2616 660 2670 Maio
713 2614 932 2683 Baiter,
987 2613 1248 2668 Wesenb.
1330 2616 1349 2684 ΙΙ
1430 2615 1501 2668 P.
1538 2614 1675 2669 392.
1714 2621 1745 2668 2
1794 2614 1978 2667 XXV
2015 2612 2215 2667 Bosius
2262 2626 2294 2665 e

279 2685 484 2740 ‘Scidis
523 2689 581 2740 et
618 2684 951 2752 Crusellino,
999 2701 1143 2754 quae
1190 2701 1407 2739 summa
1443 2685 1682 2738 refertur
1718 2685 1892 2739 etiam
1927 2700 2011 2754 ep.
2045 2689 2126 2738 15.
2159 2681 2294 2736 libri

281 2762 362 2811 16.
401 2772 744 2825 quamquam
777 2755 1019 2810 fortasse
1054 2756 1116 2809 in
1153 2755 1374 2809 diversa
1411 2757 1651 2823 caussa’,
1679 2756 1839 2822 Boot,
1868 2755 1959 2808 cui
1989 2754 2104 2808 ‘vix
2132 2752 2293 2807 dubi-

277 2828 537 2881 tandum’
567 2827 806 2895 videtur,
847 2826 1007 2895 ‘quin
1031 2829 1271 2896 utroque
1298 2826 1422 2880 loco
1455 2826 1524 2880 de
1552 2827 1751 2880 eadem
1776 2825 2048 2896 pecuniae
2078 2840 2296 2877 summa

279 2898 523 2969 agatur',
560 2896 795 2967 Tyrrell.
841 2928 912 2939 --
958 2903 990 2951 9
1025 2899 1162 2952 mihi
1198 2897 1324 2951 edd.
1373 2900 1596 2967 praeter
1631 2897 1863 2965 Tyrrell.
1938 2895 2029 2949 Ad
2063 2901 2186 2965 p.9.
2212 2901 2292 2949 19.

279 3002 349 3009 -
387 2974 454 3023 13
490 2974 599 3025 esto
636 2967 777 3023 coni.
797 2967 967 3038 Boot,
1008 2969 1203 3037 ‘quum
1231 2984 1262 3022 e
1289 2968 1542 3022 Mediceo
1573 2967 1839 3021 afferatur
1873 2968 1969 3022 est’
2001 2968 2292 3036 (superscr.

278 3040 390 3094 ‘vel
416 3041 530 3110 es').
568 3070 640 3081 —
677 3044 744 3093 17
782 3056 830 3094 v.
869 3038 1104 3093 Schiche
1140 3038 1328 3093 Herm.
1356 3038 1536 3092 XVIII
1566 3057 1617 3108 p.
1650 3044 1771 3107 614,
1809 3037 2064 3092 Schmidt
2096 3055 2152 3106 p.
2173 3041 2296 3104 497,

273 3110 496 3179 Tyrrell
531 3126 617 3179 ep.
647 3115 768 3177 600,
818 3127 994 3165 mense
1030 3111 1194 3164 Maio
1229 3110 1440 3177 Baiter,
1478 3109 1739 3164 Wesenb.
1778 3140 1849 3150 --
1885 3114 1952 3162 22
1983 3108 2297 3177 postmeri-

273 3183 480 3236 dianae
514 3183 669 3251 vett,
706 3179 967 3235 Wesenb.
1042 3183 1059 3249 ΙΙ
1132 3180 1201 3236 Ρ.
1222 3180 1361 3235 393.
1393 3185 1423 3233 5
1462 3198 1508 3232 v.
1549 3180 1803 3234 Schmidt
1837 3198 1891 3250 p.
1920 3185 2042 3246 497,
2080 3176 2299 3247 Tyrrell

273 3269 363 3322 ep.
393 3258 516 3320 601,
551 3252 653 3306 IX
687 3251 761 3306 K.
797 3252 927 3321 Iam.
966 3250 1201 3305 Schiche
1237 3251 1424 3305 Herm.
1454 3250 1633 3304 XVIII
1668 3269 1723 3320 p.
1754 3256 1883 3318 614,
1922 3266 2098 3305 mense
2134 3249 2298 3304 Maio

274 3323 486 3391 Baiter,
523 3321 786 3377 Wesenb.
823 3353 893 3364 —-
930 3327 964 3376 8
1002 3340 1192 3393 quam
1228 3340 1383 3391 quem
1418 3324 1493 3377 ad
1528 3324 1747 3377 modum
1784 3320 1962 3388 codd.,
1999 3319 2300 3374 tolerabile

273 3395 499 3449 videtur
532 3393 634 3447 uni
668 3391 994 3447 Schmidtio.
1024 3424 1094 3434 —
1134 3398 1197 3446 12
1219 3409 1300 3461 sq.
1341 3409 1501 3459 esse,
1538 3400 1597 3447 et
1633 3394 1935 3458 sicunde,
1971 3409 2008 3446 a
2043 3399 2092 3445 te
2118 3391 2301 3445 hortos

271 3465 533 3520 Schmidt
576 3464 776 3535 (etiam
817 3462 1017 3518 Philol.
1049 3470 1186 3518 1896
1223 3481 1277 3532 Ρ.
1309 3466 1458 3533 708),
1507 3464 1659 3532 quod
1694 3464 1781 3530 id,
1820 3462 1972 3530 quod
2009 3459 2050 3515 C
2087 3463 2145 3514 et
2179 3477 2228 3514 v,
2252 3473 2298 3515 c.

272 3540 335 3591 et
368 3537 588 3607 L(mgo)
626 3538 685 3589 et
720 3534 879 3590 codd.
916 3534 1049 3589 Bosi
1077 3533 1387 3604 (Lehmann
1424 3535 1540 3588 Att.
1568 3553 1624 3604 p.
1655 3538 1779 3603 123)
1806 3533 2036 3597 habent,
2073 3532 2217 3600 quod
2250 3530 2302 3585 ei

380 3634 475 3676 010.
502 3635 639 3683 epist.
656 3633 719 3674 11.
953 3668 960 3674 .
1944 3619 1984 3672 h
