2642 3923
326 193 498 250 LXIV
965 193 1385 248 ADNOTATIO
1426 193 1709 247 CRITICA

323 334 448 387 loca
478 351 599 388 esse
628 334 849 388 firmata
878 334 1064 388 dicere
1084 333 1255 387 vellet
1283 349 1453 401 quam
1480 334 1771 387 hominum
1800 334 2131 388 adstrictam
2159 335 2344 402 fidem,

324 421 395 459 ne
433 406 823 473 desciscerent,
876 408 934 459 et
971 406 1084 458 scio
1121 406 1378 474 posuisse
1415 403 1737 459 Ciceronem
1766 412 1978 473 partem
2014 406 2190 459 animi
2223 406 2344 460 vin-

325 477 430 530 ciri
474 483 524 530 et
567 477 864 546 constrinyi
909 478 1168 530 custodiis
1211 476 1373 529 Tusc.
1403 475 1454 528 Π
1482 481 1564 529 21.
1595 481 1689 543 48,
1736 477 2007 530 devincire
2044 478 2345 545 praesidiis

326 546 536 616 oppida
581 546 691 616 leg.
723 563 838 616 agr.
868 546 920 599 H
949 552 1031 601 31.
1063 553 1156 614 86,
1205 547 1279 599 ad
1324 547 1475 614 quod
1522 545 1838 616 exemplum
1881 546 2051 600 facile
2098 547 2344 601 conicias

325 618 420 670 hic
457 633 678 685 quoque
719 617 1075 671 scribendum
1110 619 1331 671 devinc.
1361 619 1492 686 post
1525 635 1597 671 re.
1628 649 1698 657 ——
1740 624 1802 670 16
1842 619 2065 685 optima
2101 617 2344 686 LipsiuS,

327 688 495 755 Boot,
543 687 785 756 Tyrrell,
833 695 957 757 opto
993 687 1076 755 M,
1134 690 1279 756 optio
1317 687 1544 755 Gruter,
1590 688 1808 753 Baiter,
1856 687 2119 742 Wesenb.
2160 720 2229 730 --
2275 696 2343 742 25

325 760 434 813 scio
463 775 568 812 om.
591 758 665 826 M,
696 756 756 812 Ο.
779 759 839 811 Ε.
864 758 1119 812 Schmidt
1145 758 1345 812 Philol.
1374 764 1507 812 1896
1543 776 1596 828 p.
1621 764 1721 812 707
1745 761 1803 812 et
1823 764 1940 812 715.
1988 761 2007 826 ΙΙ
2061 759 2131 813 Ρ.
2149 759 2288 813 216.
2312 767 2343 813 3

327 831 400 883 in
435 831 591 884 illius
627 829 791 883 Klotz
831 834 961 899 (non
998 829 1259 899 Kayser),
1304 828 1539 899 Tyr-rell,
1578 829 1842 882 nimirum
1878 830 2030 897 quod
2068 833 2156 883 est
2188 830 2249 883 in
2286 831 2346 884 M

326 901 548 954 nullius
592 903 723 969 post
768 908 970 955 tamen.
1028 931 1097 940 —-
1152 906 1220 952 24
1241 917 1321 967 sq.
1360 901 1586 954 minori
1638 901 1724 954 his
1775 902 2086 954 consulibus
2140 918 2345 955 carae

329 971 423 1039 (ad
467 989 523 1040 p.
555 977 674 1025 512.
706 973 795 1040 34)
844 988 945 1025 scr.
976 971 1036 1023 in
1083 969 1354 1024 Fleckeis.
1387 987 1514 1025 ann.
1551 975 1682 1024 1897
1720 989 1774 1039 p.
1807 976 1937 1038 849,
1987 973 2216 1025 minoris
2257 973 2345 1027 his

326 1043 655 1108 consulibus,
695 1059 923 1110 quorum
960 1041 1117 1094 codd.
1150 1043 1209 1095 et
1245 1042 1389 1107 edd,
1427 1042 1537 1095 nisi
1576 1041 1726 1109 quod
1753 1041 1920 1095 Bosio
1959 1044 2185 1095 auctore
2213 1060 2342 1110 qao-

328 1129 450 1237 ?32
476 1112 1231 1253 ῧὲεέῃῖᾝῗεῖοἰὶἷθῃῖῗ·
1250 1129 1340 1236 ἐξ·
1364 1113 2342 1252 3ἒὲᾱῇ82ἐοὲῗίἴξίίῖῗνέἕὲξέξὲ

327 1253 606 1321 verfehlt’,
644 1254 831 1321 inquit
867 1252 926 1307 Ο.
950 1253 1010 1308 Ε.
1034 1253 1289 1307 Schmidt
1329 1254 1344 1280 ‘
1402 1270 1461 1307 er
1494 1253 1910 1308 Briefwechsel’
1951 1272 2004 1322 p.
2030 1260 2146 1319 127,
2185 1254 2339 1322 Tyrr.

329 1342 430 1379 scr.
455 1326 528 1377 ad
556 1325 754 1379 Nonas
781 1326 988 1378 inane-3.
1015 1355 1082 1364 -—
1113 1330 1179 1378 29
1210 1326 1600 1393 Appianarum
1620 1324 1859 1394 Lipsius,
1878 1325 2087 1390 Baiter,
2107 1324 2341 1393 Tyrrell,

327 1397 594 1449 itinarum
621 1395 723 1463 M1,
761 1412 887 1448 cum
924 1410 1085 1448 cruce
1112 1393 1280 1462 Wes,
1318 1396 1576 1449 itinerum
1604 1394 1705 1463 Μ’,
1743 1397 1779 1466 †
1797 1396 2155 1450 Attianaram
2182 1396 2340 1463 Boot,

332 1466 527 1519 ‘Imrno
555 1466 824 1535 Appian.'
882 1465 939 1518 P.
963 1471 1081 1519 212.
1105 1470 1153 1519 5.
1182 1497 1252 1506 ——
1281 1471 1349 1518 33
1378 1464 1487 1521 κᾶν
1516 1468 1838 1519 ἀποθανεῖν
1864 1465 2018 1534 Tyrr.
2042 1482 2076 1519 a
2094 1466 2338 1535 Diphilo.

328 1569 395 1575 —
432 1536 510 1590 Ib.
541 1537 693 1607 †nec
726 1536 872 1589 Boot,
905 1536 1179 1605 imperite.
1244 1538 1264 1605 ΙΙ
1336 1537 1405 1590 P.
1434 1536 1571 1591 217.
1601 1542 1668 1590 35
1705 1536 1966 1592 redeant?
2003 1568 2074 1579 —
2110 1537 2342 1592 exeant?

327 1607 538 1673 Baiter,
575 1605 837 1660 Wesenb.
905 1604 985 1660 Cf.
1014 1624 1068 1676 p.
1097 1612 1217 1661 445.
1250 1612 1297 1673 7,
1339 1608 1413 1660 ad
1451 1607 1592 1660 Phil.
1622 1625 1677 1677 p.
1708 1612 1826 1661 386.
1850 1613 1896 1661 6.
1961 1611 1981 1677 ΙΙ
2043 1608 2112 1663 P.
2141 1608 2279 1663 218.
2310 1615 2341 1662 5

328 1695 508 1747 aqam,
545 1674 756 1746 σκέμμα
794 1676 1005 1745 Tyrrel]
1049 1693 1131 1747 ep.
1162 1682 1292 1744 3193
1331 1694 1443 1731 non
1477 1678 1718 1732 multum
1752 1679 2003 1747 interest,
2041 1680 2141 1733 sed
2174 1696 2343 1749 neque

329 1749 618 1802 mehercule
661 1778 730 1788 --
777 1749 1054 1817 particeps
1097 1748 1157 1801 in
1192 1749 1450 1818 parenth.
1479 1749 1631 1802 idem
1667 1765 1779 1802 non
1814 1749 1981 1816 bene,
2027 1753 2093 1802 ut
2127 1750 2338 1818 opinor.

329 1817 387 1872 P.
422 1823 502 1872 16.
536 1824 619 1873 14.
674 1849 745 1859 —-
804 1823 868 1871 15
914 1837 960 1872 v.
1005 1817 1064 1873 Ο.
1095 1818 1157 1873 Ε.
1188 1819 1444 1873 Schmidt
1492 1819 1625 1873 ‘Der
1668 1819 2085 1875 Briefwechsel'
2133 1838 2187 1890 p.
2222 1826 2340 1887 131,

332 1908 383 1942 a.
407 1891 456 1942 d.
498 1888 551 1940 V
580 1889 668 1942 Id.
697 1888 906 1956 Baiter,
945 1888 1205 1945 Wesenb.
1245 1921 1315 1931 —
1362 1897 1429 1944 20
1465 1907 1675 1945 navem
1715 1892 1842 1957 ‘vc’,
1880 1890 2161 1959 Wesenb.,
2198 1892 2343 1945 Boot

328 1959 483 2013 haud
530 1959 643 2014 scio
702 1976 776 2013 an
820 1977 960 2014 vere.
1027 1993 1098 2003 —-
1160 1968 1227 2015 26
1267 1961 1427 2016 Recte
1470 1964 1558 2016 sit.
1625 1960 1819 2016 Censeo
1865 1964 2158 2016 cedendum
2202 1965 2239 2035 †
2277 1965 2343 2017 de

331 2033 549 2100 oppidis
584 2033 670 2086 his
705 2031 863 2099 Boot,
911 2032 983 2086 Ut
1016 2039 1152 2086 reete
1187 2035 1258 2087 sit
1293 2049 1475 2087 censeo
1511 2033 1817 2087 cedendam.
1874 2034 1962 2087 De
1995 2033 2187 2103 Oppiis
2221 2035 2343 2089 istis

331 2101 548 2170 Tyrrell
587 2119 670 2172 ep.
704 2108 825 2167 320,
862 2105 899 2173 †
914 2103 1074 2157 Recte
1109 2106 1183 2157 sit
1217 2120 1398 2157 censeo
1435 2105 1725 2157 cedendum
1763 2105 1829 2159 de
1855 2105 2074 2173 oppidis
2099 2105 2184 2159 his
2192 2125 2214 2172 ‚·
2249 2106 2342 2159 sed

327 2172 1445 2299 3323..“Jffii'ssssmssessssbaiinkeffeoessi
1474 2175 1844 2299 03:22250'33520’
1876 2176 2343 2301 332³?ssssAEAEss

327 2315 646 2369 mulieribus
688 2316 796 2369 ced.
863 2313 1104 2383 Kayser,
1151 2315 1380 2370 Rectene
1424 2317 1502 2370 sic
1545 2287 1754 2370 ceneeo:
1807 2289 2099 2370 cedendam
2145 2318 2209 2370 de
2246 2334 2339 2385 op-

324 2386 476 2453 pidis
519 2386 606 2439 his
649 2384 758 2439 -ἓ
803 2385 954 2455 quo
1001 2386 1143 2439 enim
1191 2385 1377 2440 Moser
1420 2402 1603 2455 progr.
1635 2386 1765 2440 Ulm
1816 2392 1949 2440 1841
2003 2405 2056 2456 p.
2092 2393 2181 2455 13,
2242 2389 2340 2442 Te-

328 2458 509 2511 rentia
543 2457 651 2511 sibi
686 2463 858 2510 censet
894 2457 1001 2510 ced.
1031 2455 1098 2510 Η.
1129 2455 1192 2510 Α.
1224 2456 1380 2510 Koch
1417 2475 1556 2511 mus.
1586 2456 1760 2511 Rhen.
1792 2457 1893 2510 XII
1928 2475 1981 2527 p.
2013 2463 2133 2524 273,
2181 2458 2343 2513 Recte

326 2529 413 2581 sit.
482 2527 675 2581 Censeo
720 2527 1012 2581 cedendum
1071 2527 1275 2595 Oppii&
1344 2528 1457 2581 Hic
1501 2545 1621 2598 eyeo
1666 2535 1759 2582 tuo
1805 2529 2019 2582 auxilio
2068 2529 2336 2599 ‘refingit’

328 2598 484 2651 Boot.
542 2598 601 2651 P.
632 2597 824 2665 Meyer
857 2613 1039 2667 progr.
1070 2598 1358 2665 Bayreuth
1396 2603 1530 2652 1887
1613 2641 1622 2653 .
1657 2604 1720 2651 12
1763 2599 1954 2652 ‘verba
1991 2616 2111 2669 eyeo
2147 2602 2343 2654 consili

326 2666 596 2736 reliquias
633 2667 863 2722 fabulae
899 2668 1225 2738 intellegit',
1262 2671 1329 2722 ut
1363 2668 1495 2723 fam.
1622 2675 1668 2723 3.
1687 2676 1718 2722 2
1760 2669 1951 2723 ‘verba
1989 2671 2132 2738 qaod
2156 2674 2340 2740 yravi-

327 2746 412 2793 tas
448 2739 621 2793 morbi
653 2740 808 2805 facit,
853 2746 917 2794 at
951 2741 1250 2793 medicinae
1285 2757 1533 2809 eyeamns
1570 2756 1789 2793 versum
1823 2740 2211 2793 hexametrum
2248 2757 2341 2794 ex-

325 2809 481 2878 plere
524 2825 688 2862 nemo
734 2808 915 2863 vidit'.
989 2810 1110 2880 Ego
1155 2826 1227 2864 ne
1263 2827 1411 2864 nunc
1456 2810 1685 2878 quidem
1720 2810 1897 2865 video.
1955 2842 2025 2852 —
2080 2817 2145 2864 33
2184 2814 2344 2866 modo

328 2880 556 2948 quidem.
596 2881 649 2932 A
676 2887 725 2933 te
753 2912 822 2920 —
857 2879 1037 2934 soleo?
1075 2881 1251 2948 codd.,
1282 2881 1470 2935 Lehm.
1493 2880 1744 2945 Quaestb.
1773 2900 1827 2950 p.
1850 2887 1917 2935 34
1929 2898 2009 2950 sq.
2040 2883 2099 2936 et
2126 2884 2342 2951 quidem

327 2950 387 3002 in
444 2950 804 3018 responsione
859 2950 1164 3005 defendens
1212 2952 1466 3021 exemplo
1513 2952 1657 3007 Sane
1703 2953 1917 3022 quidem
1961 2952 2109 3022 legg.
2148 2952 2199 3005 Π
2227 2959 2273 3006 1.
2311 2960 2337 3006 1

327 3019 559 3089 Tyr-rell.
616 3020 706 3073 Ad
742 3038 795 3089 p.
827 3026 910 3075 76.
944 3028 1025 3075 14.
1065 3054 1134 3062 -
1176 3028 1242 3075 35
1280 3025 1518 3077 venerit
1553 3022 1814 3077 Wesenb.
1871 3023 1961 3076 Ad
1997 3042 2051 3092 p.
2074 3028 2159 3077 87.
2181 3029 2264 3077 33.
2324 3027 2342 3090 Ι,

399 3091 468 3145 P.
499 3091 636 3145 219.
666 3097 697 3143 2
737 3108 783 3145 v,
815 3091 1070 3145 Schmidt
1117 3092 1249 3146 ‘Der
1284 3093 1700 3148 Briefwechsel’
1741 3112 1795 3163 p.
1830 3099 1947 3159 131,
1986 3112 2038 3148 a.
2059 3095 2110 3148 d.
2132 3094 2229 3148 IV
2250 3095 2340 3150 Id.

328 3160 535 3229 Baiter,
572 3161 832 3216 Wesenb.
865 3194 934 3204 --
976 3170 1041 3216 14
1081 3162 1285 3228 ‘Quum
1324 3168 1591 3231 sequatur
1627 3165 1776 3233 capti
1803 3166 1972 3233 plane
2007 3182 2209 3232 sumac,
2246 3164 2343 3219 hic

328 3248 550 3299 quoque
577 3234 747 3302 plane
782 3249 883 3301 pro
908 3251 1080 3301 paene
1107 3234 1413 3304 legendum
1441 3252 1563 3289 esse
1590 3234 1679 3289 W.
1700 3234 1997 3288 intellexit.
2022 3235 2090 3289 cf.
2111 3235 2189 3288 IX
2209 3241 2256 3289 6.
2280 3238 2337 3288 2²

327 3303 486 3370 Boot,
526 3321 626 3358 scr.
656 3302 876 3372 Tyrrell
913 3320 996 3373 ep.
1030 3310 1148 3359 321.
1207 3337 1277 3346 ——
1333 3312 1399 3360 28
1440 3307 1702 3360 lubenter
1737 3306 1812 3372 M,
1857 3306 2067 3373 Baiter,
2105 3306 2342 3375 Tyrrell,

327 3375 552 3428 libenter
586 3374 876 3442 Wesenb.,
928 3375 1084 3429 Boot.
1160 3375 1250 3428 Ad
1286 3395 1340 3445 p.
1372 3382 1455 3431 25.
1489 3383 1573 3431 16.
1630 3408 1699 3417 —-
1755 3383 1820 3429 32
1861 3378 1956 3447 qui
1991 3378 2123 3432 deus
2155 3379 2346 3444 feeerit

328 3444 468 3499 coni.
499 3445 658 3514 Boot,
697 3447 896 3501 iuverit
931 3445 1147 3515 Tyrrell
1183 3447 1242 3500 in
1282 3449 1409 3502 adn.
1441 3448 1581 3515 crit„
1619 3448 1753 3517 qaid
1788 3449 1904 3502 eius
1940 3449 2024 3517 (ut
2059 3448 2191 3501 fam.
2213 3447 2346 3501 XV1

328 3521 407 3569 12.
441 3522 469 3569 1
511 3516 570 3569 Μ
615 3517 866 3585 quideius
909 3517 1158 3570 radendo
1207 3521 1456 3588 correct.)
1492 3520 1712 3585 faerit
1747 3516 1802 3588 (i.
1826 3535 1872 3574 e.
1910 3519 2348 3587 inevitfvffiam.
