2642 3923
484 190 557 244 M.
587 191 799 246 TULLI
826 189 1205 247 CICERONIS
1232 191 1453 247 EPIST.
1485 191 1584 246 AD
1614 191 1939 248 ATTIOUM
1975 193 2027 246 X
2066 199 2112 248 1.
2193 191 2324 257 293

304 357 448 399 sum
494 335 780 400 animwm
823 355 1038 399 meum
1083 334 1358 420 detines,
1404 335 1514 399 sed
1560 357 1634 400 eo
1681 335 1921 420 minus,
1977 336 2147 420 quod
2191 357 2325 401 non

304 423 558 506 dubito,
606 423 761 507 quid
802 423 994 487 nobis
1043 424 1361 508 agendum
1404 427 1611 507 putes.
1703 422 1828 499 Qui
1884 424 2055 490 enim
2099 423 2322 488 Flavio

301 512 623 596 legionem
667 514 733 575 et
780 508 1063 575 Siciliam
1108 511 1247 576 dari
1292 512 1536 576 scribas
1584 516 1650 576 et
1685 512 1752 575 id
1795 513 1921 577 iam
1959 513 2117 597 fieri,
2163 534 2325 596 quae

303 604 378 663 tu
423 599 660 664 scelera
712 599 950 682 partim
1002 599 1216 683 parari
1269 600 1400 663 iam
1462 604 1528 664 et
1586 601 1887 685 cogitari,
1949 601 2187 685 partim
2245 623 2323 665 ex

251 711 276 753 5
304 692 591 772 tempore
641 687 862 752 futura
907 688 1169 752 censes?
1258 687 1406 772 Ego
1451 709 1606 754 vero
1654 687 1938 774 Solonis,
1991 689 2322 790 popularis

303 776 429 859 tui,
474 779 548 839 ut
592 780 780 860 put0,
834 775 1029 840 etiam
1074 776 1230 861 mei,
1281 776 1492 862 legem
1533 777 1898 862 neglegam,
1954 777 2066 860 qui
2110 776 2322 861 capite

305 864 547 949 sanxit,
601 864 657 927 si
712 863 823 947 (1111
878 865 948 928 111
1001 863 1315 928 seditione
1371 885 1506 929 non
1548 864 1814 929 alterius
1860 866 2069 930 utrius
2114 864 2320 949 partis

302 952 559 1037 fuisset,
617 958 697 1035 et,
741 952 869 1016 nisi
913 952 970 1016 si
1029 957 1104 1016 tu
1157 952 1346 1016 aliter
1389 974 1636 1038 censes,
1694 957 1758 1018 et
1801 951 1952 1018 hinc
2006 953 2198 1018 abero
2255 957 2322 1017 et

303 1041 482 1104 illim.
542 1003 700 1104 Sed
754 1041 1028 1104 alterum
1082 1040 1244 1105 mihi
1299 1045 1398 1105 est
1452 1041 1686 1105 certius
1696 1092 1715 1126 ,
1766 1063 1884 1107 nec
1937 1041 2320 1125 praeripiam

223 1154 277 1193 ιο
303 1133 534 1193 tamen.
633 1128 1045 1212 Exspectabo
1120 1133 1306 1193 tuum
1365 1130 1705 1194 consilium
1762 1134 1828 1194 et
1887 1151 1993 1194 eas
2050 1130 2320 1214 litteras,

302 1218 431 1281 nisi
468 1217 625 1280 alias
671 1217 799 1280 iam
838 1216 1085 1301 dedisti,
1121 1238 1280 1300 quas
1319 1218 1547 1300 scripsi
1593 1222 1667 1281 ut
1707 1216 2082 1302 Cephalioni
2117 1217 2318 1282 dares.

437 1303 620 1380 Quod
657 1304 905 1391 scribiS,
939 1327 1072 1369 non
1100 1326 1227 1388 quo
1256 1305 1511 1370 aliunde
1539 1305 1835 1390 audieris,
1873 1307 1984 1370 sed
2009 1310 2075 1370 te
2105 1308 2320 1390 ipsum
2356 1321 2389 1369 3

303 1397 530 1476 putare
574 1414 676 1457 me
721 1396 1068 1458 attractum
1111 1393 1212 1477 iri,
1258 1394 1315 1457 si
1361 1394 1438 1458 de
1481 1416 1635 1479 pace
1680 1400 1938 1479 agatur,
1982 1393 2144 1458 mihi
2189 1415 2318 1458 om-

302 1482 457 1546 nino
502 1502 637 1545 non
678 1482 855 1546 venit
900 1480 970 1545 in
1012 1485 1319 1567 mentem,
1374 1504 1537 1566 quae
1588 1483 1797 1584 possit
1844 1483 2011 1547 actio
2057 1503 2196 1547 esse
2240 1482 2319 1546 de

225 1594 277 1634 15
304 1591 484 1653 pace,
544 1590 690 1633 cum
746 1569 846 1632 illi
907 1570 1336 1634 certissimum
1394 1570 1507 1654 sit,
1566 1570 1625 1634 si
1670 1570 1905 1671 possit,
1963 1570 2319 1654 exspoliare

304 1658 585 1722 exercitu
632 1661 697 1721 et
749 1657 1078 1740 provincia
1122 1655 1526 1742 Pompeium3
1579 1659 1705 1722 nisi
1759 1658 1929 1723 forte
1982 1658 2106 1723 iste
2153 1681 2319 1722 sum-

302 1745 543 1810 marius
590 1745 649 1809 ei
693 1749 911 1830 potest
969 1745 1380 1830 persuadere,
1438 1749 1538 1829 ut,
1597 1746 1748 1809 dum
1807 1750 2093 1812 oratores
2152 1750 2320 1829 eant,

303 1834 583 1920 redeant,
629 1834 930 1916 quiescat.
1002 1830 1188 1897 Nihil
1231 1834 1439 1918 vide0,
1487 1834 1658 1918 quod
1705 1856 1950 1917 sperem
1990 1839 2103 1899 aut
2149 1796 2320 1919 quod

304 1922 432 1987 iam
476 1925 698 2006 putem
743 1921 883 1987 fieri
927 1942 1134 2007 posse.
1209 1914 1335 1987 Sed
1371 1926 1587 1987 tamen
1619 1921 1901 1987 hominis
1946 1921 2123 1987 hoc
2104 1944 2320 2006 lpsum

225 2036 279 2076 ιο
294 2011 495 2096 probi
549 2014 648 2075 est
696 2011 751 2095 ῥί-
784 2031 1090 2112 magnum
1144 2011 1231 2075 sit
1283 2022 1418 2076 τῶν
1462 2012 1995 2076 πολιτικωτάτων
2041 2012 2321 2095 σκεμμά-

304 2123 458 2181 των,
504 2099 965 2163 veniendumne
1012 2099 1098 2163 sit
1142 2100 1213 2163 in
1257 2099 1598 2163 consilium
1652 2100 1938 2183 tyranni,
1995 2100 2051 2163 si
2106 2099 2164 2163 is
2211 2099 2321 2163 ali-

306 2209 433 2272 qua
478 2188 553 2251 de
596 2209 666 2252 re
711 2187 881 2251 bona
926 2187 1393 2252 deliberaturus
1441 2188 1544 2252 sit.
1618 2186 1842 2271 Quare,
1889 2189 1946 2252 si
1983 2187 2138 2271 quid
2183 2187 2319 2251 eius

304 2276 478 2341 modi
515 2275 811 2359 evenerit,
848 2280 923 2340 ut
959 2297 1355 2340 arcessamur
1381 2272 1583 2361 (quod
1619 2275 1912 2360 equidem
1945 2297 2079 2340 non
2113 2275 2317 2339 credo.

306 2362 473 2439 Quid
526 2364 697 2428 enim
750 2385 953 2428 essem
1008 2364 1085 2428 de
1138 2385 1290 2448 pace
1352 2364 1664 2449 dicturus,
1728 2364 1886 2448 dixi3
1947 2365 2085 2448 ipse
2138 2364 2320 2428 valde

227 2476 280 2518 25
307 2451 714 2538 repudiavit),
760 2453 869 2517 sed
913 2456 1144 2537 tamen,
1193 2452 1248 2516 si
1294 2453 1449 2536 quid
1494 2452 1817 2536 acciderit,
1865 2453 2021 2535 quid
2065 2473 2321 2516 censeas

303 2540 464 2605 mihi
509 2540 885 2626 faciendum,
930 2539 1154 2623 utique
1201 2540 1485 2606 scribito.
1575 2539 1761 2604 Nihil
1805 2542 1976 2605 enim
2019 2539 2182 2604 mihi
2219 2540 2322 2604 ad-

303 2628 430 2693 huc
476 2628 722 2714 accidit,
768 2628 939 2712 quod
984 2630 1247 2693 maioris
1295 2628 1546 2692 consilii
1594 2632 1779 2693 esset.

438 2716 717 2802 Trebati,
762 2717 917 2780 boni
964 2716 1087 2780 viri
1133 2720 1197 2780 et
1245 2716 1421 2799 civis,
1468 2716 1681 2781 verbis
1728 2720 1794 2781 te
1829 2717 2075 2801 gaudeo
2122 2716 2321 2781 delec-

304 2808 535 2888 tatum,
579 2809 818 2888 tuaque
863 2805 991 2869 ista
1028 2803 1248 2869 crebra
1286 2803 1656 2888 ἐκφώνησις
1694 2803 2006 2888 “ὑπέρευ’
2045 2827 2146 2869 1110
2184 2805 2321 2869 sola

226 2919 280 2960 so
306 2892 512 2957 adhuc
556 2893 910 2957 delectavit.
998 2890 1280 2957 Litteras
1336 2896 1481 2957 tuas
1535 2892 1941 2958 vehementer
1995 2897 2322 2978 exspect03

308 3003 468 3065 quas
528 2980 786 3064 quidem
842 2980 1027 3045 credo
1084 2981 1214 3044 iam
1274 2981 1457 3045 datas
1519 3002 1671 3045 esse.
1763 2980 1859 3044 Tu
1920 3003 2065 3045 cum
2125 2980 2321 3046 Sexto
2356 2998 2391 3045 4

308 3071 577 3133 servasti
651 3068 1034 3154 gravitatem
1106 3069 1402 3155 eandem,
1484 3090 1676 3152 quam
1756 3068 1917 3133 mihi
1989 3069 2320 3152 praecipis.

307 3155 490 3223 Celer
563 3162 718 3222 tuus
791 3157 1068 3221 disertus
1139 3159 1348 3241 magis
1423 3163 1522 3221 est
1587 3179 1780 3241 quam
1853 3158 2124 3241 sapiens,
2224 3156 2322 3220 De

306 3246 645 3311 iuvenibus
701 3266 864 3330 quae
916 3268 994 3309 ex
1048 3244 1263 3309 Tullia
1316 3245 1581 3331 audisti,
1639 3268 1790 3310 vera
1843 3250 2007 3310 sunt.
2097 3246 2144 3328 †
2189 3245 2322 3310 Ma-

226 3359 278 3402 85
306 3335 451 3399 coni
517 3334 717 3413 istud,
784 3334 955 3418 quod
1019 3333 1246 3398 scribis
1254 3387 1273 3419 ,
1335 3356 1470 3399 non
1527 3333 1687 3398 mihi
1746 3334 1997 3398 videtur
2056 3337 2190 3396 tam
2252 3354 2323 3396 re

306 3444 444 3489 esse
488 3423 676 3487 triste
722 3444 915 3507 quam
961 3421 1173 3487 verbo,
1265 3421 1441 3487 Haec
1496 3426 1595 3486 est
1651 3423 1803 3504 ἄλη,
1854 3422 1924 3485 111
1979 3442 2106 3505 qua
2149 3441 2323 3483 nunc

307 3528 565 3597 sumus,
625 3511 854 3576 mortis
911 3511 1134 3575 instar.
1234 3509 1371 3575 Aut
1435 3511 1603 3575 enim
1668 3509 1828 3574 mihi
1891 3509 2090 3572 libere
2152 3508 2332 3573 inter
