2642 3923
312 201 444 266 340
799 219 802 224 ·
951 202 1022 257 M.
1061 202 1276 256 TULLI
1314 200 1690 256 CICERONIS

310 344 520 410 Pansa
575 346 833 429 scripsit
888 349 953 410 et
998 345 1283 428 Hirtius,
1339 345 1526 430 isque
1579 345 1737 409 item
1788 344 2074 410 Africam
2118 350 2334 431 petere

313 455 457 499 cum
501 434 729 498 ceteris
777 433 1026 497 dicitur.
1111 433 1214 498 Ad
1259 432 1616 498 Minucium
1663 434 2013 498 Tarentum
2058 434 2332 499 scribam

310 526 377 586 et
422 525 569 586 tuas
613 521 867 586 litteras
913 523 1198 607 mittam3
1245 522 1325 586 ad
1370 525 1436 585 te
1474 521 1769 607 scribam,
1812 544 1969 586 num
2005 523 2158 607 quid
2194 544 2332 607 ege-

315 611 453 675 rim.
545 607 656 673 HS
713 612 860 694 ᾗῇ
914 611 1204 694 potuisse
1260 610 1556 695 mirarer,
1612 610 1741 674 nisi
1795 610 2001 675 multa
2046 612 2122 675 de
2167 610 2333 675 Fufi-

309 699 520 762 dianis
583 697 878 782 praediis.
969 699 1016 780 †
1036 703 1100 762 et
1155 699 1419 762 advideo
1480 703 1694 762 tamen
1756 704 2079 782 exspect03
2144 721 2334 784 quem
2389 726 2416 766 5

313 787 544 870 videre,
590 786 648 849 si
683 786 818 850 ullo
856 786 1047 851 modo
1085 791 1302 870 potest
1339 783 1578 870 (poscit
1615 787 1785 850 enim
1822 784 1974 874 res),
2010 788 2333 871 pervelim.

312 874 450 938 Iam
497 878 855 939 extremum
893 875 1320 959 concluditur3
1368 874 1515 956 †ibi
1554 875 1739 939 facile
1777 879 1894 959 681,
1938 876 2110 960 quod
2147 876 2335 961 quale

313 964 401 1027 sit
446 962 555 1026 hic
599 962 858 1046 gravius
905 963 1290 1027 existimare.
1383 961 1559 1026 Vale.

1249 1138 1389 1202 XV.

682 1258 795 1315 Sor.
826 1260 1104 1314 Brundisi
1132 1260 1280 1329 prid.
1310 1259 1397 1313 Id.
1431 1259 1575 1315 Mai.
1606 1278 1656 1314 a.
1688 1263 1800 1315 707
1837 1263 1975 1329 (47).
2361 1273 2414 1311 10

841 1389 846 1394 '
951 1381 1206 1436 CICERO
1246 1380 1508 1436 ATTICO
1548 1382 1696 1437 SAL.

447 1490 763 1566 Quoniam
806 1489 1013 1554 iustas
1050 1512 1273 1555 causas
1311 1490 1542 1576 adfers,
1587 1512 1749 1575 quor
1785 1496 1850 1555 te
1885 1491 2008 1557 hoc
2043 1496 2333 1577 tempore

313 1578 528 1643 videre
561 1601 696 1643 non
728 1579 990 1663 possim,
1027 1599 1282 1662 quaese,
1328 1581 1542 1663 comita,
1589 1579 1745 1664 quid
1781 1580 1869 1644 sit
1904 1580 2066 1644 mihi
2100 1580 2330 1645 facien-

315 1667 484 1731 dum.
573 1666 691 1731 Ille
755 1667 925 1731 enim
988 1667 1083 1731 ita
1135 1666 1391 1731 videtur
1443 1667 1898 1732 Alexandriam
1950 1673 2191 1751 tenere,
2255 1673 2327 1734 ut

318 1777 462 1820 eum
520 1755 796 1820 scribere
861 1755 1055 1819 etiam
1106 1755 1345 1839 pudeat
1399 1756 1475 1820 de
1529 1755 1660 1820 illis
1725 1756 1946 1842 rebus,
1997 1756 2067 1819 hi
2113 1762 2327 1821 autem
2355 1785 2406 1823 15

316 1867 395 1909 ex
421 1843 642 1908 Africa
685 1844 815 1907 iam
860 1844 1144 1907 adfuturi
1180 1844 1495 1929 videntur,
1538 1842 1818 1929 Achaici,
1862 1844 2018 1909 item
2056 1866 2133 1908 ex
2170 1843 2329 1909 Asia

315 1932 585 1998 redituri
648 1931 727 1997 ad
789 1953 896 1997 608
955 1936 1066 1996 aut
1123 1931 1328 1997 libero
1385 1931 1600 2017 aliquo
1656 1932 1798 1997 loco
1854 1933 2327 1999 commoraturi.

317 2020 482 2098 Quid
526 2020 688 2085 1111111
730 2021 934 2105 igitur
977 2025 1168 2105 putas
1215 2022 1574 2105 agendum?
1638 2020 1842 2086 Video
1889 2021 2148 2086 difficile
2191 2044 2328 2086 esse

316 2110 671 2175 consilium.
746 2107 903 2173 Sum
947 2109 1114 2173 enim
1164 2110 1340 2172 solus
1387 2114 1500 2173 aut
1534 2131 1678 2173 cum
1716 2110 1939 2194 altere,
1985 2111 2088 2175 cui
2123 2133 2328 2195 neque

318 2200 397 2262 ad
459 2198 607 2262 illos
667 2196 909 2261 reditus
967 2198 1052 2261 sit
1105 2219 1310 2280 neque
1365 2197 1446 2261 ab
1506 2197 1611 2262 his
1658 2198 1815 2281 ipsis
1862 2199 2204 2282 quicquam
2248 2198 2327 2263 ad
2355 2226 2408 2264 20

317 2309 497 2370 spem
534 2286 921 2350 ostendatur.
998 2285 1121 2349 Sed
1155 2290 1375 2348 tamen
1410 2285 1570 2351 scire
1608 2286 1816 2369 1611111,
1851 2286 2006 2369 quid
2041 2308 2329 2372 censeas3

316 2376 509 2459 idque
555 2377 692 2438 erat
736 2395 882 2437 cum
928 2374 1101 2458 aliis,
1161 2395 1275 2437 cur
1317 2378 1410 2458 te,
1465 2374 1521 2437 si
1566 2374 1706 2438 fieri
1751 2377 1990 2458 posset,
2033 2396 2326 2459 cuperem

317 2463 549 2528 videre.

448 2550 802 2615 Minucium
872 2553 972 2613 fi
1036 2549 1174 2613 sola
1235 2571 1492 2614 curasse
1557 2551 1786 2634 scripsi
1850 2550 1929 2615 ad
1991 2554 2057 2616 16
2120 2554 2326 2616 antea.

318 2639 501 2716 Quod
546 2643 854 2723 superest,
899 2637 1091 2702 velim
1111 2712 1116 2717 .
1135 2637 1370 2723 videas,
1414 2642 1487 2703 ut
1533 2643 1807 2704 curetur.
1882 2637 2159 2715 Quintus
2195 2660 2328 2704 11011
2355 2666 2406 2705 25

315 2727 507 2793 modo
560 2748 691 2791 non
745 2748 890 2791 cum
941 2746 1176 2810 magna
1219 2747 1405 2810 prece
1451 2726 1528 2789 ad
1574 2749 1702 2810 me,
1764 2728 1873 2791 sed
1922 2727 2328 2791 acerbissime

319 2815 605 2900 scripsit,
656 2814 830 2879 filius
880 2835 1033 2879 vero
1087 2814 1358 2878 mirifico
1425 2814 1588 2879 odio.
1678 2812 1865 2879 Nihil
1908 2816 2069 2900 fingi
2113 2819 2327 2899 potest

318 2904 497 2987 mali,
562 2924 688 2987 quo
751 2924 883 2967 non
936 2924 1181 2988 urgear.
1281 2900 1514 2966 Omnia
1567 2907 1785 2968 tamen
1839 2908 1990 2968 sunt
2041 2904 2331 2968 faciliora

319 3015 511 3077 quam
565 2991 809 3074 peccati
864 2990 1073 3074 dolor,
1129 2991 1243 3074 qui
1288 2994 1355 3055 et
1399 2991 1715 3055 maximus
1762 2996 1860 3057 est
1904 2996 1970 3057 et
2015 2996 2329 3058 aeternus·

320 3079 518 3145 Cuius
561 3079 803 3164 peccati
850 3079 906 3144 si
952 3079 1160 3143 socios
1206 3100 1412 3143 essem
1453 3078 1796 3145 habiturus
1832 3101 1952 3165 ego
2017 3102 2180 3164 quos
2215 3102 2328 3164 pu·
2357 3108 2410 3147 ω

317 3170 481 3252 tavi,
543 3172 760 3233 tamen
823 3172 991 3232 esset
1055 3189 1129 3232 ea
1192 3167 1549 3232 consolatio
1612 3169 1844 3233 tenuis.
1944 3133 2071 3233 &ed
2130 3168 2330 3234 habet
2435 3204 2441 3209 ·

318 3256 589 3320 aliorum
628 3256 914 3320 omnium
950 3255 1116 3320 ratio
1156 3255 1418 3340 exitum,
1452 3277 1595 3320 mea
1630 3256 1896 3321 nullum.
1970 3255 2104 3321 Alii
2140 3256 2332 3341 capti,

318 3344 429 3407 alii
473 3344 804 3407 interclusi
850 3365 980 3407 11011
1024 3343 1290 3408 1611111111
1335 3343 1406 3408 111
1440 3344 1707 3408 dubium
1744 3345 1820 3409 de
1857 3345 2210 3431 voluntate,
2254 3366 2330 3410 eo

315 3431 528 3494 minus
576 3431 844 3515 scilicet,
902 3453 1048 3495 cum
1093 3453 1161 3495 se
1208 3431 1602 3516 expedierint
1646 3438 1711 3497 et
1757 3455 1886 3498 una
1928 3454 2068 3498 esse
2114 3454 2330 3517 coepe-

315 3518 464 3582 rint.
555 3517 612 3580 11
657 3522 870 3582 autem
914 3520 1060 3601 ipsi,
1109 3520 1221 3600 qui
1266 3542 1385 3584 sua
1427 3520 1761 3586 voluntate
1805 3522 1885 3586 ad
1929 3521 2183 3586 Fufium
2228 3543 2330 3587 16-
2358 3547 2410 3587 ³⁵
