2642 3923
326 226 452 289 128
533 225 606 279 Μ.
645 225 860 280 TULLI
897 222 1274 280 CICERONIS
1315 224 1538 279 EPIST.
1576 224 1676 277 AD
1712 222 2038 279 ATTIOUM
2078 224 2151 277 IV
2191 229 2273 278 19.

323 370 649 455 gationem
676 369 1037 433 amandam!
1073 390 1267 453 quam
1293 367 1653 432 mehercule
1680 388 1800 453 ego
1829 367 2013 431 valde
2041 368 2347 431 timebam

323 457 662 521 recordans
710 457 1058 540 superioris
1107 460 1256 520 tuae
1302 456 1810 520 transmissionis
1858 455 2132 540 δέρρεις.
2206 454 2348 540 Sed,

323 546 452 609 nisi
495 545 705 630 fallor,
748 545 940 609 citius
978 547 1063 631 te,
1108 566 1301 628 quam
1338 545 1587 627 scribiS,
1630 545 1877 609 videb0.
1935 542 2139 608 Credo
2177 544 2347 608 enim

325 637 390 697 te
449 637 710 717 putasse
768 637 913 697 tuas
974 633 1273 696 mulieres
1320 632 1388 696 in
1425 630 1663 716 Apulia
1709 653 1862 697 esse.
1956 630 2141 707 Quod
2199 654 2344 696 cum

327 742 507 785 secus
567 721 717 806 erit,
776 721 930 805 quid
988 725 1054 785 te
1100 719 1339 803 Apulia
1394 720 1724 803 moretur-⁴?
1813 718 1988 784 Num
2039 719 2344 785 Vestorio
2404 748 2428 785 5

328 810 519 873 dandi
583 814 735 873 sunt
798 809 932 873 dies
988 811 1053 872 et
1107 809 1215 872 ille
1261 806 1531 873 Latinus
1588 808 1964 891 ἀττικισμὸς
2020 830 2097 872 ex
2151 809 2344 872 inter—

326 899 495 962 vallo
555 896 1026 982 regustandus‘?
1127 895 1297 972 Quin
1355 902 1430 960 tu
1488 896 1614 961 huc
1675 897 1935 961 advolas
1996 900 2060 961 et
2119 897 2344 961 invisis

327 986 502 1050 ilh'us
547 991 807 1049 nostrae
852 986 945 1050 rei
1000 985 1291 1068 publicae
1336 986 1384 1069 †
1413 983 1726 1049 Germane
1773 985 1997 1068 putavi
2043 985 2119 1048 de
2163 1007 2345 1049 num—

326 1074 448 1138 mis
495 1079 642 1138 ante
679 1074 940 1138 comitia
976 1073 1274 1137 tributim
1311 1095 1440 1137 uno
1479 1073 1616 1137 loco
1656 1072 1879 1137 divisis
1925 1072 2156 1157 palam,
2199 1073 2345 1137 inde

53 1181 232 1228 ‹xvm
258 1182 302 1227 ε)
331 1163 701 1227 absolutum
760 1160 1104 1226 Gabinium
1170 1161 1554 1225 dictaturam
1610 1162 1657 1245 †
1701 1162 1909 1225 fruere
1966 1161 2220 1225 iustitio
2281 1166 2347 1225 et
2377 1187 2430 1226 ιο

261 1269 291 1317 2
333 1251 618 1315 omnium
679 1271 894 1314 rerum
958 1249 1232 1314 licentia.
1338 1248 1632 1334 Perspice
1701 1250 2086 1332 aequitatem
2151 1250 2348 1313 animi

329 1339 454 1403 mei
500 1343 566 1403 et
609 1339 656 1421 †
679 1339 902 1402 ludum
948 1342 1012 1401 et
1057 1338 1599 1420 contemptionem
1646 1335 2050 1402 Seleucianae
2094 1339 2350 1420 provin-

331 1427 464 1491 ciae
509 1431 573 1491 et
611 1426 967 1490 mehercule
1004 1446 1148 1489 cum
1176 1422 1446 1490 Caesare
1480 1426 1924 1490 suavissimam
1956 1426 2350 1489 coniunctio-

332 1537 479 1579 nem
523 1513 708 1601 (haec
755 1514 923 1579 enim
966 1536 1067 1578 me
1113 1536 1239 1577 una
1295 1535 1374 1577 ex
1429 1513 1552 1578 hoc
1595 1514 1931 1597 naufragio
1976 1514 2201 1578 tabula
2246 1513 2349 1577 de·

331 1601 583 1688 lectat)3
630 1603 739 1686 qui
787 1602 1042 1685 quidem
1081 1601 1392 1676 Quintum
1432 1624 1645 1666 meum
1691 1606 2020 1687 tuumque,
2063 1601 2128 1664 di
2165 1602 2347 1667 boni!
2379 1626 2430 1667 ιε

335 1713 525 1774 quem
552 1691 632 1755 ad
667 1691 928 1755 modum
966 1694 1205 1754 tractat
1247 1688 1510 1775 honore,
1557 1690 1889 1775 dignitate,
1936 1690 2171 1775 gratia!
2216 1712 2351 1755 non

335 1800 515 1843 secus
587 1800 660 1843 ac
718 1779 774 1842 si
834 1800 951 1863 ego
1012 1799 1215 1842 essem
1281 1779 1647 1862 imperator.
1737 1777 2023 1842 Hiberna
2074 1777 2349 1862 legionis

335 1866 610 1952 eligendi
669 1867 846 1951 optio
910 1867 1117 1930 delata
1171 1867 1599 1949 commodum,
1659 1871 1731 1930 ut
1791 1866 1869 1930 ad
1924 1889 2025 1930 me
2072 1864 2348 1941 Quintus

335 1956 576 2020 scribit.
667 1954 857 2020 Hunc
901 1961 975 2020 tu
1019 1977 1152 2019 non
1196 1955 1413 2020 ames?
1461 1978 1651 2039 quem
1695 1954 1896 2040 igitur
1941 1954 2260 2019 istorum?

469 2043 592 2109 Sed
635 2044 795 2109 heus
854 2046 953 2108 tu!
1016 2044 1475 2127 scripseramne
1533 2044 1656 2108 tibi
1714 2065 1814 2107 me
1874 2065 2011 2107 esse
2065 2044 2350 2128 legatum
2381 2070 2432 2109 20

334 2131 639 2215 Pompeio
687 2135 751 2196 et
796 2136 978 2196 extra
1022 2132 1243 2196 urbem
1282 2132 1537 2216 quidem
1574 2132 1711 2196 fore
1758 2154 1834 2195 ex
1870 2129 2093 2196 Idibus
2128 2129 2353 2196 Ianua-

333 2220 493 2284 riis?
583 2220 813 2284 Visum
858 2229 956 2284 est
1012 2219 1135 2284 hoc
1193 2220 1351 2284 mihi
1407 2221 1490 2284 ad
1545 2220 1752 2284 multa
1809 2220 2135 2304 quadrare.
2229 2218 2351 2284 Sed

337 2309 490 2391 quid
537 2308 766 2391 plura?
813 2305 1074 2394 Coram,
1119 2309 1377 2393 opinor,
1420 2308 1697 2394 reliqua,
1742 2312 1817 2372 ut
1862 2311 1935 2371 tu
1981 2313 2197 2372 tamen
2242 2309 2352 2372 ali-

337 2396 492 2479 quid
536 2400 876 2480 exspectes.
967 2394 1283 2478 Dionysio
1332 2396 1672 2480 plurimam
1722 2396 2022 2482 salutem3
2067 2397 2170 2460 cui
2216 2396 2351 2479 qui-

336 2485 478 2548 dem
514 2504 632 2569 ego
669 2506 803 2548 non
838 2485 1026 2549 modo
1066 2484 1334 2570 servavi,
1378 2485 1492 2548 sed
1526 2485 1721 2548 etiam
1758 2484 2084 2549 aedificavi
2122 2484 2349 2549 locum.
2380 2511 2431 2550 25

337 2570 503 2648 Quid
548 2572 843 2656 quaeris?
903 2572 981 2635 ad
1027 2594 1341 2636 summam
1392 2573 1705 2637 laetitiam
1751 2594 1984 2657 meam,
2038 2593 2231 2656 quam
2276 2594 2353 2637 ex

335 2664 450 2724 tuo
497 2660 706 2725 reditu
751 2660 951 2745 capio,
995 2681 1265 2745 magnus
1304 2661 1479 2724 illius
1509 2660 1818 2724 adventus
1856 2661 2148 2725 cumulus
2186 2681 2355 2725 acce-

336 2748 449 2813 dit.
540 2747 678 2824 Quo
727 2748 827 2813 die
873 2748 952 2812 ad
997 2770 1099 2812 me
1145 2749 1374 2833 venieS,
1416 2750 1527 2832 fac
1571 2753 1661 2834 ut,
1709 2749 1765 2814 si
1802 2770 1902 2813 me
1946 2771 2143 2835 amas,
2188 2748 2355 2832 apud

336 2858 439 2900 me
483 2858 629 2902 cum
672 2836 805 2901 tuis
852 2858 1127 2901 maneas.
