2642 3923
681 213 1197 269 EPISTULARUM
1233 214 1335 269 AD
1370 213 1677 269 BRUTUM
1708 214 1736 269 1
1774 220 1928 270 7-9.
2170 214 2298 280 531

1236 444 1347 510 ΙΧ.

468 567 581 623 Ser.
611 568 820 623 Romae
848 569 1026 637 paulo
1062 574 1188 622 ante
1225 568 1398 622 XIII
1428 568 1502 623 K.
1538 568 1723 637 Quint.
1753 585 1804 623 a.
1836 572 1942 623 711
1984 571 2118 636 (43).

932 688 1186 746 CICERO
1223 689 1470 745 BRUTO
1511 690 1659 746 SAL.
1743 686 1746 690 ⁴

412 798 740 885 Fungerer
775 822 850 864 eo
892 801 1123 885 officio,
1152 822 1278 884 quo
1317 804 1391 863 tu
1429 800 1689 864 functus
1730 821 1797 864 es
1826 801 1894 864 in
1932 822 2074 865 meo
2103 799 2301 883 luctu,
2340 817 2368 865 1

228 894 472 973 stoque
516 910 629 973 per
673 889 924 954 litteras
972 890 1363 972 consolarer,
1409 888 1536 951 nisi
1585 888 1811 952 scirem
1837 889 1938 952 'iis
1984 888 2301 972 remediiS,

281 978 516 1061 quibus
588 999 800 1041 meum
867 977 1152 1041 dolorem
1215 981 1290 1040 tu
1352 977 1631 1040 levasses
1641 1028 1658 1060 ,
1731 981 1796 1040 te
1859 977 1929 1040 in
1991 981 2105 1040 tuo
2171 998 2303 1040 non

281 1086 493 1151 egere,
555 1088 628 1130 ac
688 1066 882 1130 velim
942 1065 1196 1130 facilius
1262 1087 1456 1149 quam
1518 1069 1675 1129 tunc
1732 1065 1896 1129 mihi
1948 1087 2119 1129 nunc
2176 1063 2302 1129 tibi

279 1159 419 1218 tute
461 1154 768 1218 medeare.
843 1152 968 1217 Est
1015 1157 1230 1217 autem
1277 1153 1557 1217 alienum
1595 1157 1779 1217 tanto
1816 1153 1974 1237 viro,
2020 1157 2299 1237 quantus

279 1264 347 1307 es
401 1246 504 1327 tu,
567 1242 741 1327 quod
794 1242 982 1305 alteri
1035 1241 1457 1325 praeceperit,
1516 1241 1584 1305 id
1637 1242 1853 1325 ipsum
1906 1242 2113 1306 facere
2167 1263 2301 1305 non

204 1358 252 1397 ιο
279 1352 484 1415 posse.
559 1329 665 1395 Me
712 1330 964 1413 quidem
1014 1351 1159 1393 cum
1197 1330 1503 1414 rationes,
1550 1350 1708 1413 quas
1747 1329 2116 1416 collegeras,
2157 1334 2297 1393 tum

280 1419 629 1483 auctoritas
673 1422 788 1482 tua
833 1441 872 1483 a
912 1418 1116 1482 nimio
1162 1438 1452 1482 maerore
1497 1417 1824 1482 deterruit.
1916 1416 2080 1482 Cum
2127 1418 2299 1483 enim

279 1508 540 1571 mollius
586 1507 710 1571 tibi
755 1506 921 1571 ferre
968 1507 1238 1591 viderer,
1299 1529 1493 1591 quam
1539 1507 1786 1570 deceret
1831 1505 2068 1592 virum,
2122 1528 2299 1589 prae-

282 1596 505 1659 sertim
558 1616 731 1680 eum,
786 1596 897 1679 qui
952 1594 1114 1658 alios
1161 1594 1480 1659 consolari
1525 1596 1786 1678 soleret,
1840 1595 2153 1658 accusasti
2196 1616 2299 1658 me

280 1705 395 1766 per
446 1683 697 1748 litteras
753 1683 1158 1768 gravioribus
1213 1682 1455 1767 verbis,
1511 1705 1702 1765 quam
1747 1686 1861 1768 tua
1905 1683 2298 1748 consuetudo
2376 1676 2380 1681 ’

200 1799 253 1838 15
281 1771 546 1836 ferebat.
621 1769 849 1854 Itaque
893 1771 1200 1835 iudicium
1246 1776 1434 1835 tuum
1468 1771 1687 1855 magni
1725 1770 2069 1835 aestimans
2106 1771 2298 1855 idque
2333 1789 2366 1837 2

278 1860 525 1923 veritus
569 1882 673 1924 me
709 1860 847 1942 ipse
885 1859 1116 1945 collegi
1156 1863 1219 1924 et
1256 1880 1347 1943 ea,
1396 1880 1559 1943 quae
1596 1859 1956 1944 didiceram,
1999 1858 2300 1946 legeram,

281 1971 670 2036 acceperam,
725 1948 1022 2034 graviora
1076 1947 1228 2012 duxi
1281 1952 1398 2013 tua
1452 1948 1834 2013 auctoritate
1881 1947 2111 2013 addita.
2202 1946 2299 2012 Ac

278 2037 442 2102 mihi
495 2042 666 2121 tum,
721 2035 949 2122 Brute,
1005 2037 1217 2101 officio
1280 2037 1491 2102 solum
1536 2040 1674 2102 erat
1719 2040 1784 2101 et
1828 2041 2121 2123 naturae,
2173 2036 2298 2101 tibi

279 2148 449 2190 nunc
510 2125 750 2210 populo
807 2130 871 2189 et
924 2147 1211 2210 scaenae,
1275 2129 1351 2188 ut
1405 2126 1663 2210 dicitur,
1727 2125 2127 2189 serviendum
2183 2129 2296 2190 est.

199 2242 253 2282 20
280 2213 469 2298 Nam,
514 2235 658 2278 cum
704 2214 774 2277 in
817 2219 884 2278 te
927 2235 1060 2278 11011
1105 2214 1315 2278 00111111
1353 2215 1666 2278 exercitus
1700 2214 1819 2298 tui,
1864 2215 1975 2277 sed
2012 2215 2298 2278 omnium

281 2304 517 2369 civium
572 2324 644 2366 ac
699 2323 899 2386 paene
953 2302 1246 2387 gentium
1291 2303 1562 2367 coniecti
1609 2302 1776 2366 oculi
1823 2302 1980 2387 01111,
2035 2302 2299 2367 minime

280 2391 476 2477 decet,
520 2395 784 2474 propter
821 2412 1011 2475 quem
1045 2391 1349 2455 fortiores
1387 2391 1581 2454 ceteri
1616 2412 1857 2476 sumus,
1904 2412 2048 2455 eum
2084 2391 2297 2474 ipsum

281 2481 494 2544 animo
553 2479 960 2543 debilitatum
1005 2479 1223 2543 videri.
1313 2478 1518 2553 Quam
1568 2478 1650 2542 ob
1697 2501 1831 2542 rem
1877 2479 2178 2563 accepisti
2224 2484 2297 2543 111

281 2569 539 2652 quidem
585 2567 871 2632 dolorem
918 2565 1013 2654 (id
1057 2568 1228 2632 enim
1274 2567 1571 2652 amisisti,
1615 2567 1717 2631 cui
1756 2567 1965 2631 simile
2002 2563 2071 2631 in
2106 2568 2297 2632 terris

197 2684 252 2724 25
278 2656 447 2720 nihil
490 2655 676 2742 fuit),
730 2659 795 2720 et
841 2659 939 2720 est
985 2655 1329 2719 dolendum
1374 2655 1444 2718 in
1488 2659 1621 2719 tam
1666 2656 1847 2739 gravi
1892 2655 2173 2742 vulnere,
2214 2678 2299 2719 110

280 2744 348 2808 id
384 2744 616 2829 ipsum,
660 2766 872 2808 carere
910 2744 1084 2808 omni
1122 2766 1313 2808 sensu
1350 2744 1610 2828 doloris,
1646 2745 1733 2808 sit
1769 2744 2065 2808 miserius
2105 2767 2297 2828 quam

282 2832 524 2918 dolere,
587 2833 721 2916 sed,
784 2836 860 2896 ut
913 2832 1161 2896 modice
1215 2832 1443 2896 ceteris
1489 2833 1649 2896 utile
1695 2835 1823 2918 est,
1872 2834 1965 2897 sic
2015 2832 2141 2897 tibi
2191 2855 2300 2898 ne-

283 2941 457 2985 cesse
502 2923 616 2984 est.

417 3007 772 3074 Scriberem
816 3009 1021 3094 plura,
1065 3009 1193 3073 nisi
1240 3008 1320 3072 ad
1366 3012 1432 3072 te
1475 3008 1632 3074 haec
1676 3010 1818 3092 ipsa
1862 3009 2056 3074 nimis
2090 3011 2298 3074 multa
2334 3028 2367 3076 3

197 3126 253 3165 80
282 3101 512 3162 essent.
602 3096 743 3162 Nos
786 3101 853 3162 te
896 3101 1208 3181 tuumque
1254 3099 1604 3161 exercitum
1649 3101 2113 3182 exspectamus3
2160 3099 2299 3162 sine

283 3208 438 3271 quo,
492 3189 567 3250 ut
620 3185 869 3270 reliqua
924 3208 1000 3250 ex
1057 3185 1376 3251 sententia
1432 3186 1799 3271 succedant,
1851 3186 1960 3250 vix
2020 3186 2178 3250 satis
2224 3186 2298 3250 li-

280 3275 421 3340 beri
465 3274 754 3338 videmur
798 3275 951 3339 fore.
1043 3274 1139 3338 De
1185 3278 1328 3338 tota
1371 3295 1440 3337 re
1485 3274 1742 3358 publica
1787 3274 1975 3357 plura
2021 3273 2297 3360 scribam

278 3367 347 3430 et
391 3364 666 3427 fortasse
711 3362 842 3426 iam
886 3362 1158 3428 certiora
1195 3361 1276 3426 iis
1311 3361 1568 3447 litteris,
1613 3383 1773 3446 quas
1812 3361 2033 3427 Veteri
2070 3365 2297 3427 nostro

280 3451 648 3537 cogitabam
693 3452 857 3515 dare.
2270 3486 2272 3489 ·

1873 3640 1977 3694 34*
