2642 3923
601 204 1116 260 EPISTULARUM
1153 205 1251 258 AD
1290 204 1617 259 ATTICUM
1652 205 1781 258 XVI
1819 212 1866 273 1,
1905 211 1954 260 2.
2158 203 2294 277 495

401 347 501 413 De
545 347 829 412 Publilio
878 352 1111 434 autem,
1157 348 1329 432 quod
1373 348 1685 431 perscribi
1724 351 1999 433 oportet,
2042 369 2289 411 moram
2421 379 2427 384 ·

267 459 398 503 11011
446 441 604 520 puto
654 458 792 501 esse
835 436 1203 500 faciendam.
1298 434 1451 521 Sed,
1506 458 1650 502 cum
1695 437 1928 520 videas,
1975 439 2288 519 quantum

269 527 347 591 de
391 526 528 589 iure
572 528 796 589 nostro
844 525 1318 611 decesserimus,
1365 525 1474 608 qui
1525 525 1600 589 de
1646 525 1915 589 residuis
1964 539 2134 588 0000
2173 521 2283 586 HS

268 619 358 676 ὃὸ
415 613 778 697 praesentia
834 613 1240 697 solverimus,
1294 613 1543 696 reliqua
1601 613 2052 696 rescribamus,
2107 611 2284 694 loqui

217 724 242 765 5
270 722 415 764 cum
481 722 584 787 eo,
648 702 704 766 si
766 701 890 764 tibi
952 701 1299 784 videbitur,
1364 702 1608 785 poteris
1673 724 1819 765 eum
1883 700 2287 765 commodum

267 794 565 854 nostrum
612 794 978 872 exspectare
1024 789 1269 872 debere,
1315 810 1462 853 cum
1505 793 1690 853 tanta
1736 791 1821 853 sit
1868 812 1906 853 a
1939 788 2129 853 nobis
2165 789 2286 851 iac-

268 881 415 941 tura
459 876 631 941 facta
673 878 849 942 iuris.
942 874 1092 961 Sed,
1146 877 1374 941 amabo
1420 882 1513 962 te,
1565 878 1655 941 mi
1700 877 1933 961 Attice,
1980 874 2283 963 (videsne,
2320 892 2352 939 2

270 987 462 1048 quam
508 965 740 1030 blande
749 963 812 1052 P)
869 965 1084 1029 omnia
1128 970 1379 1049 nostra,
1440 965 1648 1049 quoad
1695 966 1821 1029 eris
1867 964 2135 1048 Romae,
2192 965 2283 1027 ita

270 1054 507 1138 gerito,
570 1054 808 1139 regit0,
871 1053 1228 1138 gubernato
1237 1104 1255 1138 ,
1319 1057 1396 1117 ut
1458 1053 1626 1118 nihil
1690 1077 1728 1118 a
1780 1076 1883 1117 me
1938 1056 2281 1135 exspectes,

188 1166 242 1205 ιο
269 1140 669 1225 Quamquam
704 1142 876 1205 enim
911 1142 1160 1225 reliqua
1197 1142 1356 1205 satis
1393 1146 1546 1225 apta
1583 1147 1735 1206 sunt
1772 1143 1854 1206 ad
1890 1141 2284 1226 solvendum,

265 1234 481 1294 tamen
535 1230 613 1293 fit
666 1252 880 1316 saepe,
933 1235 1007 1294 ut
1061 1231 1135 1314 ii,
1197 1230 1308 1314 qui
1365 1230 1624 1315 debent,
1679 1252 1813 1295 non
1854 1229 2282 1312 respondeam,

267 1319 347 1382 ad
392 1323 663 1402 tempuS.
748 1316 820 1382 Si
867 1318 1021 1402 1111111
1067 1319 1202 1382 eius
1247 1318 1425 1382 modi
1470 1319 1786 1404 acciderit,
1828 1340 1910 1382 ne
1956 1318 2112 1402 quid
2157 1317 2280 1381 tibi

267 1407 354 1470 sit
394 1407 565 1470 fama
601 1428 742 1471 mea
776 1407 1010 1490 potius.
1084 1405 1238 1471 Non
1273 1408 1465 1472 modo
1502 1428 1783 1493 versura,
1829 1428 2049 1470 verum
2086 1406 2281 1469 etiam

265 1495 650 1579 venditione,
697 1494 752 1557 si
797 1494 890 1557 ita
936 1515 1037 1558 res
1085 1498 1289 1579 coget,
1333 1517 1455 1559 nos
1500 1495 1872 1559 vindicabis,

184 1605 237 1647 15
400 1581 603 1646 Bruto
660 1586 811 1646 tuae
869 1582 1124 1646 litterae
1170 1587 1391 1666 gratae
1436 1587 1635 1647 erant.
1726 1582 1847 1647 Fui
1894 1583 2064 1647 enim
2111 1581 2280 1666 apud
2317 1597 2349 1645 3

264 1670 450 1733 11111111
508 1669 745 1734 multas
800 1669 992 1734 horas
1047 1670 1116 1733 in
1167 1669 1433 1757 Neside,
1486 1693 1631 1735 cum
1684 1672 1877 1755 paulo
1934 1674 2082 1735 ante
2135 1675 2281 1733 tuas

264 1757 518 1821 litteras
564 1757 964 1840 accepissem.
1036 1756 1358 1822 Delectari
1400 1758 1562 1822 1111111
1598 1759 1797 1823 Tereo
1835 1760 2172 1823 videbatur
2216 1762 2282 1821 et

265 1845 500 1911 habere
554 1846 862 1911 maiorem
906 1844 1100 1911 Accio
1162 1869 1355 1930 quam
1400 1846 1687 1910 Antonio
1736 1847 2026 1932 gratiam
2117 1845 2282 1909 Mihi

267 1938 481 2000 autem
525 1956 643 2017 quo
678 1934 948 1998 laetiora
986 1939 1157 2021 sunt,
1202 1957 1275 1999 eo
1314 1935 1462 2019 plus
1501 1936 1815 2001 stomachi
1851 1938 1915 1999 et
1952 1934 2282 2000 molestiae

183 2047 238 2088 20
264 2028 364 2088 est
407 2024 718 2107 populum
764 2022 1128 2088 Romanum
1169 2046 1397 2088 manus
1436 2046 1584 2088 suas
1620 2045 1755 2088 non
1789 2025 1860 2089 in
1893 2023 2281 2088 defendenda

263 2132 332 2176 re
377 2111 653 2196 publica,
699 2112 810 2175 sed
852 2112 921 2175 in
965 2112 1324 2213 plaudendo
1363 2133 1749 2177 consumere.
1822 2111 1987 2176 Mihi
2025 2111 2281 2196 quidem

267 2199 561 2264 videntur
605 2200 880 2263 istorum
925 2200 1124 2264 animi
1160 2201 1413 2265 incendi
1450 2201 1645 2265 etiam
1683 2200 1762 2264 ad
1798 2204 2280 2285 repraesentan-

263 2288 409 2351 dam
452 2288 936 2371 improbitatem
981 2309 1178 2353 suam.
1273 2287 1400 2354 Sed
1444 2292 1679 2375 tamen,

265 2410 467 2475 ’1111111
513 2411 732 2476 1110ᾶο
771 2411 1083 2476 doleant
1129 2411 1455 2498 aliquid,
1501 2413 1812 2477 doleant
1850 2409 2275 2497 quidlibet'.

183 2575 236 2616 25
398 2549 757 2615 Consilium
809 2574 1023 2616 meum
1079 2552 1253 2635 quod
1307 2553 1403 2617 ais
1460 2554 1692 2618 cotidie
1746 2554 1955 2638 magis
2011 2553 2279 2637 laudari,
2314 2570 2349 2617 4

260 2660 393 2702 non
445 2640 716 2705 moleste
771 2640 937 2726 fer0,
992 2642 1592 2743 exspectabamque,
1649 2642 1705 2705 si
1752 2642 1906 2724 quid
1953 2640 2030 2705 de
2075 2662 2151 2705 eo
2199 2605 2280 2704 ad

260 2749 362 2790 me
401 2727 725 2792 scriberes.
798 2728 944 2813 Ego
984 2730 1152 2793 enim
1189 2729 1258 2792 in
1292 2730 1506 2794 varios
1544 2751 1867 2794 sermones
1906 2729 2278 2793 incidebam.

263 2812 431 2889 Quin
476 2816 668 2880 etiam
704 2817 938 2881 idcirco
975 2817 1328 2901 trahebam,
1375 2822 1449 2881 ut
1492 2840 1684 2900 quam
1722 2818 2082 2882 diutissime
2120 2818 2279 2882 inte-

263 2923 449 2986 grum
493 2909 679 2968 esset.
773 2903 916 2990 Sed,
961 2906 1265 2989 quoniam
1311 2906 1565 2969 furcilla
1610 2906 2025 2990 extrudimur,
2071 2905 2280 2970 Brun-

180 3015 234 3056 ao
264 2991 497 3055 disium
554 2993 784 3077 cogito
876 2992 1155 3058 Facilior
1200 2995 1371 3057 enim
1419 2998 1484 3059 et
1530 2995 1925 3077 exploratior
1970 2994 2277 3059 devitatio

260 3078 585 3230 ffigionum
638 3082 778 3145 fore
831 3081 1086 3146 videtur
1131 3103 1325 3166 quam
1369 3083 1750 3168 piratarum,
1815 3083 1929 3167 11111
1975 3104 2280 3166 apparere

310 3168 576 3232 'cuntur.

394 3254 642 3321 Sestius
705 3275 780 3322 VI
837 3256 987 3322 Idus
1051 3258 1568 3342 exspectabatur,
1634 3258 1744 3322 sed
1805 3279 1938 3322 non
2001 3262 2281 3341 venerat,

259 3344 431 3427 quod
471 3345 684 3410 sciam.
759 3344 1020 3410 Cassius
1058 3368 1202 3410 cum
1241 3346 1577 3410 classicula
1613 3368 1730 3410 sua
1766 3349 2043 3410 venerat.
2116 3346 2280 3431 Ego,

176 3455 228 3498 85
257 3454 404 3496 cum
459 3455 604 3496 eum
658 3434 988 3516 vidissem,
1040 3452 1089 3498 v
1132 3433 1223 3499 Id.
1261 3435 1333 3498 in
1377 3433 1842 3517 Pompeianum
1899 3434 2280 3518 cogitabam,

259 3520 407 3584 inde
453 3520 867 3587 Aeculanum.
949 3520 1144 3587 Nosti
1200 3523 1467 3606 reliqua.
1568 3521 1666 3586 De
1712 3521 1904 3584 Tutia
1960 3522 2053 3584 ita
2098 3525 2278 3604 puta·
2317 3538 2347 3585 5
