2642 3923
704 227 1214 282 EPISTULARUM
1251 228 1349 281 AD
1388 227 1693 282 BRUTUM
1730 228 1753 280 I
1793 234 1873 281 17.
2161 229 2289 292 549

274 373 587 436 victorem
642 371 903 454 habeat,
967 391 1173 453 neque
1228 371 1660 434 temeritatem
1713 370 1894 453 pueri
1948 375 2133 453 putet
2188 392 2289 434 ex-

273 459 730 524 timescendam
788 458 967 522 esse?
1040 457 1147 521 An
1198 456 1321 521 hoc
1376 458 1587 541 ipsum
1647 480 1719 522 ea
1772 482 1841 522 re
1884 458 2065 543 facit,
2120 458 2289 541 quod

274 548 372 612 illi
437 553 702 631 propter
766 546 1254 629 amplitudinem
1317 547 1531 609 omnia
1592 547 1721 610 iam
1774 547 2073 629 ultroque
2127 546 2287 610 defe-

276 636 471 700 renda
516 635 746 720 putat?
813 632 866 698 Ο
913 655 1211 718 magnam
1259 634 1604 698 stultitiam
1644 635 1915 719 timoriS,
1959 634 2023 697 id
2059 634 2302 719 ipsum,

222 751 246 788 5
277 724 447 808 quod
492 723 769 788 verearis
779 774 797 808 ,
849 723 942 786 ita
989 743 1231 805 cavere,
1287 729 1381 807 ut,
1426 744 1568 786 cum
1614 723 1817 786 vitare
1860 723 2134 786 fortasse
2178 745 2286 805 po·

277 812 503 896 tueris,
557 812 728 875 ultro
786 832 1066 874 accersas
1122 815 1187 874 et
1246 809 1550 874 attrahas
1642 810 1931 875 Nimium
1987 811 2285 874 timemus

275 904 547 964 mortem
612 904 676 963 et
743 899 1036 963 exsilium
1093 902 1156 961 et
1209 902 1667 980 paupertatem.
1758 898 1932 962 Haec
1984 898 2285 962 nimirum

277 989 574 1051 videntur
629 986 921 1051 Ciceroni
977 986 1206 1050 ultima
1262 1008 1399 1049 esse
1445 987 1515 1049 in
1558 987 1771 1071 malis,
1833 991 1924 1070 et,
1984 987 2134 1050 dum
2177 985 2285 1050 ha·

277 1077 444 1160 beat,
500 1099 537 1139 a
583 1075 816 1159 quibus
862 1076 1180 1158 impetret,
1227 1096 1388 1157 quae
1433 1075 1607 1158 velit,
1653 1079 1717 1140 et
1764 1098 1801 1139 a
1845 1075 2078 1158 quib-us
2125 1075 2286 1139 cola·

195 1192 247 1229 ιο
278 1170 384 1228 tur
440 1186 511 1227 ac
566 1163 884 1245 laudetur,
950 1162 1352 1246 servitutem,
1412 1162 1830 1227 honorificam
1882 1164 2097 1246 modo,
2155 1185 2288 1227 non

275 1256 669 1336 aspernatur,
717 1251 773 1315 si
820 1251 1159 1334 quicquam
1206 1251 1274 1313 in
1309 1255 1605 1314 extrema
1642 1273 1714 1315 ac
1748 1251 2106 1314 miserrima
2143 1273 2285 1314 con—

273 1340 540 1404 tumelia
592 1343 810 1423 potest
861 1338 1283 1402 honorificum
1344 1360 1495 1402 esse.
1587 1337 1766 1403 Licet
1822 1360 1973 1422 ergo
2035 1343 2284 1422 patrem
2320 1357 2351 1403 5

273 1428 553 1512 appellet
617 1425 921 1491 Octavius
986 1425 1381 1510 Ciceronem,
1453 1426 1687 1491 referat
1744 1427 1988 1509 omnia,
2052 1427 2284 1513 laudet,

274 1517 517 1601 gratias
563 1520 739 1600 agat,
798 1519 1018 1579 tamen
1060 1514 1221 1578 illud
1267 1515 1618 1600 apparebit,
1674 1516 1866 1579 verba
1910 1515 2101 1579 rebus
2149 1537 2288 1580 esse

195 1631 245 1669 15
276 1604 613 1668 contraria.
692 1602 860 1678 Quid
905 1604 1073 1666 enim
1119 1606 1253 1666 tam
1300 1603 1579 1666 alienum
1625 1603 1705 1667 ab
1749 1603 2048 1667 humanis
2090 1605 2285 1668 sensi-

276 1692 396 1756 bus
452 1695 550 1755 est
605 1712 798 1775 quam
852 1713 997 1755 eum
1053 1692 1255 1774 patris
1310 1689 1547 1755 habere
1590 1691 1756 1775 locO,
1820 1692 1930 1773 qui
1974 1714 2054 1755 ne
2097 1692 2285 1756 liberi

276 1780 533 1864 quidem
576 1779 857 1843 hominis
901 1801 1167 1842 numero
1207 1779 1335 1842 sit?
1408 1779 1612 1862 Atqui
1651 1800 1723 1842 eo
1760 1779 1985 1865 tendit,
2027 1779 2095 1842 id
2132 1781 2285 1864 agit,
2356 1787 2362 1793 ’

276 1868 354 1931 ad
402 1890 547 1932 eum
593 1868 835 1931 exitum
879 1871 1181 1950 properat
1224 1867 1324 1930 vir
1372 1868 1671 1950 optimuS,
1718 1871 1789 1930 ut
1836 1868 1923 1932 sit
1968 1868 2064 1930 illi
2103 1866 2286 1932 Octa-

274 1956 418 2020 vius
463 1956 800 2041 propitius.
875 1955 1020 2040 Ego
1067 1978 1215 2020 vero
1261 1955 1391 2019 iam
1435 1955 1516 2019 iis
1564 1954 1812 2019 artibus
1849 1955 2014 2019 nihil
2049 1956 2285 2041 tribuo,

194 2071 247 2110 20
278 2045 513 2128 quibus
579 2043 948 2108 Ciceronem
1022 2045 1151 2107 scio
1227 2044 1794 2107 instructissimum
1857 2066 2009 2108 esse.
2121 2044 2286 2121 Quid

275 2133 447 2196 enim
492 2133 590 2195 illi
635 2137 927 2216 prosunt,
972 2154 1134 2215 quae
1170 2154 1287 2214 pro
1324 2132 1622 2196 libertate
1659 2133 1923 2216 patriae,
1969 2134 2045 2196 de
2081 2134 2284 2217 digni-

273 2224 429 2303 tate,
477 2241 639 2303 quae
684 2221 760 2285 de
804 2225 1030 2304 morte,
1078 2220 1321 2304 exsilic,
1367 2224 1743 2303 paupertate
1780 2221 2036 2304 scripsit
2073 2222 2284 2304 copio-

275 2309 571 2373 sissime?
634 2307 886 2384 Quanto
935 2312 1147 2373 autem
1192 2309 1398 2392 magis
1439 2308 1553 2372 illa
1590 2309 1816 2372 callere
1851 2309 2104 2372 videtur
2137 2309 2271 2372 Phi—

271 2397 508 2481 lippus,
555 2397 665 2479 qui
709 2397 1006 2481 privigno
1051 2397 1264 2459 minus
1310 2397 1613 2460 tribuerit
1658 2418 1851 2480 quam
1888 2395 2128 2480 Cicer0,
2171 2399 2283 2481 qui

189 2510 243 2551 25
273 2486 481 2550 alieno
542 2484 813 2549 tribuat!
885 2484 1154 2549 Desinat
1207 2484 1411 2568 igitur
1469 2485 1801 2569 gloriando
1848 2485 2044 2548 etiam
2088 2486 2284 2550 insec-

272 2575 398 2637 tari
454 2573 705 2637 dolores
758 2577 1032 2637 nostros
1134 2572 1300 2647 Quid
1353 2573 1520 2636 enim
1574 2577 1798 2636 nostra
1849 2574 2089 2637 victum
2146 2596 2283 2638 esse

273 2661 648 2743 Antonium,
696 2661 751 2724 si
795 2662 1005 2725 victus
1054 2666 1170 2745 est,
1213 2665 1288 2724 ut
1335 2661 1445 2724 alii
1490 2665 1761 2744 vacaret,
1807 2662 1978 2744 quod
2022 2661 2131 2725 ille
2177 2662 2284 2726 ob-

190 2777 195 2781 ·
274 2750 515 2813 tinuit?
578 2749 860 2813 Tametsi
906 2753 1056 2812 tuae
1098 2749 1354 2812 litterae
1399 2749 1592 2813 dubia
1638 2750 1831 2812 etiam
1875 2772 2044 2813 nunc
2089 2751 2281 2835 signi-
2319 2769 2348 2815 6

273 2838 483 2901 ficant.
575 2836 772 2902 Vivat
827 2837 1082 2901 hercule
1128 2835 1378 2920 CicerO,
1433 2837 1545 2920 qui
1599 2839 1843 2922 potest,
1903 2838 2171 2921 supplex
2217 2844 2282 2903 et

188 2952 244 2993 30
275 2926 590 2989 obnoxius
601 2978 618 3010 ,
675 2926 728 2990 si
782 2947 990 3009 neque
1050 2926 1281 2990 aetatis
1326 2947 1534 3008 neque
1576 2924 1897 2989 honorum
1939 2947 2146 3009 neque
2189 2949 2282 2991 re-

271 3037 416 3077 rum
479 3017 807 3097 gestarum
869 3014 1089 3097 pudet3
1163 3034 1281 3097 ego
1346 3018 1515 3077 certe
1581 3014 1738 3097 quin
1802 3035 1944 3076 cum
2009 3014 2150 3097 ipsa
2212 3037 2282 3080 re

272 3102 514 3166 bellum
568 3124 811 3187 geram,
869 3102 992 3166 hoc
1047 3106 1143 3166 est
1202 3123 1347 3164 cum
1391 3122 1589 3185 regno
1636 3106 1701 3165 et
1745 3102 2032 3184 imperiis
2079 3106 2282 3166 extra-

147 3234 155 3241 ·
272 3191 610 3255 ordinariis
657 3194 721 3254 et
758 3190 1190 3254 dominatione
1228 3194 1291 3253 et
1328 3190 1637 3275 potentia,
1682 3211 1842 3273 quae
1880 3212 2072 3273 supra
2107 3191 2280 3274 leges

273 3301 341 3343 se
395 3300 533 3342 esse
587 3278 770 3362 velit,
820 3279 1000 3347 nulla
1056 3279 1177 3341 erit
1223 3282 1358 3341 tam
1404 3278 1572 3341 bona
1618 3278 1901 3342 condicio
1951 3280 2283 3365 serviendi,

185 3395 240 3434 35
273 3390 400 3451 qua
446 3368 783 3451 deterrear,
819 3367 1117 3450 quamvis
1167 3366 1252 3429 sit
1297 3367 1396 3430 vir
1434 3366 1660 3451 bonuS,
1704 3371 1779 3430 ut
1818 3366 2059 3451 scribis,
2096 3366 2284 3448 †An-

271 3456 515 3539 tonius;
564 3455 734 3538 quod
780 3475 898 3539 ego
944 3477 1295 3538 numquam
1343 3454 1718 3518 existimavi.
1795 3451 1918 3517 Sed
1955 3454 2279 3519 dominum

268 3565 351 3608 ne
396 3547 724 3627 parentem
771 3543 1026 3626 quidem
1071 3543 1344 3607 maiores
1389 3543 1597 3606 nostri
1642 3542 1983 3606 voluerunt
2030 3565 2183 3608 esse.
