2642 3923
342 183 429 248 80
864 241 878 257 ,
964 185 1050 252 Μ.
1090 185 1303 239 TULLI
1342 183 1720 241 CICERONIS

343 327 462 391 bus
517 327 639 393 hoc
693 331 871 393 metu
916 328 1161 393 adiecto
1206 350 1432 393 maneo
1479 327 1968 393 Thessalonicae
2013 350 2358 412 suspensus

342 436 458 480 nec
503 416 704 480 audeo
753 417 1110 501 quicquam.

272 519 303 566 3
475 502 667 568 Nunc
702 505 781 568 ad
819 527 910 589 ea,
957 526 1119 589 quae
1156 504 1489 588 scripsisti.
1565 504 1977 588 Tryphonem
2014 502 2360 570 Caecilium

342 612 475 656 non
535 592 683 656 vidi.
795 590 1167 658 Sermonem
1237 598 1425 657 tuum
1488 596 1552 656 et
1616 592 1883 676 Pompei
1946 594 2221 678 cognovi
2282 614 2359 658 ex

342 680 475 744 tuis
529 680 784 749 litteris.
875 680 1128 746 Motum
1183 681 1253 745 in
1309 702 1380 746 re
1432 681 1693 765 publica
1746 703 1880 745 non
1932 685 2187 746 tantum
2239 702 2358 766 ego
2414 706 2439 745 5

343 769 705 853 impendere
768 769 980 855 video,
1041 773 1353 854 quantum
1416 773 1489 833 tu
1549 773 1662 834 aut
1726 769 1901 834 vides
1961 773 2073 837 aut
2126 769 2204 833 ad
2257 791 2359 833 me

343 857 800 921 consolandum
862 858 1083 921 adfers,
1185 857 1463 942 Tigrane
1516 857 1686 921 enim
1750 857 2040 943 neglecto
2105 857 2359 922 sublata

345 948 497 1008 sunt
535 946 763 1009 omnia.
838 943 1117 1010 Varroni
1153 967 1255 1010 me
1292 945 1475 1009 iubes
1513 966 1700 1031 agere
1744 947 2002 1031 gratias.
2076 944 2358 1030 Faciam3

342 1033 499 1097 item
543 1032 865 1117 Hypsaeo.
957 1032 1141 1110 Quod
1196 1034 1452 1119 suades,
1509 1055 1590 1097 ne
1643 1034 1901 1118 longius
1948 1033 2359 1119 discedamus,

344 1121 496 1185 dum
550 1126 690 1185 acta
745 1122 984 1186 mensis
1037 1121 1174 1186 Mai
1235 1122 1314 1185 ad
1375 1143 1495 1185 nos
1550 1122 1977 1207 perferantur,
2040 1127 2198 1204 puto
2256 1143 2358 1187 me
2386 1147 2435 1186 ιο

343 1208 436 1273 ita
481 1230 619 1274 esse
664 1210 1011 1296 facturum,
1056 1210 1192 1296 sed,
1238 1210 1352 1274 ubi
1422 1210 1708 1273 nondum
1755 1211 1981 1294 statui3
2027 1214 2219 1293 atque
2263 1211 2357 1275 ita

342 1299 720 1379 perturbato
768 1319 911 1362 sum
956 1298 1170 1361 animo
1217 1298 1294 1361 de
1339 1262 1598 1384 Quinto,
1642 1301 1717 1362 ut
1760 1298 1926 1362 nihil
1967 1319 2193 1383 queam
2231 1302 2356 1362 sta-

343 1389 561 1470 tuere,
587 1385 697 1450 sed
742 1391 958 1450 tamen
1004 1386 1225 1450 statim
1271 1390 1336 1450 te
1380 1387 1609 1450 faciam
1654 1387 2006 1451 certiorem.

273 1490 304 1536 4
476 1472 579 1538 Ex
617 1474 1036 1558 epistularum
1073 1496 1357 1538 mearum
1396 1474 1825 1538 inconstantia
1869 1478 2029 1558 puto
2075 1478 2141 1539 te
2185 1496 2354 1539 men-

342 1561 430 1626 tis
474 1583 651 1628 meae
695 1566 947 1627 motum
990 1562 1230 1648 videre,
1276 1563 1413 1646 qui,
1459 1563 1582 1627 etsi
1629 1562 1985 1629 incredibili
2030 1567 2095 1627 et
2141 1563 2354 1648 singu·
2385 1588 2433 1629 ιε

341 1648 464 1714 lari
518 1650 882 1714 calamitate
937 1649 1229 1715 adflictus
1287 1654 1458 1735 sum,
1512 1655 1728 1716 tamen
1777 1672 1912 1715 non
1955 1656 2089 1715 tam
2134 1654 2232 1715 est
2277 1673 2353 1717 ex

342 1737 599 1802 miseria
673 1760 865 1823 quam
937 1760 1013 1803 ex
1086 1738 1308 1822 culpae
1369 1743 1629 1804 nostrae
1690 1739 2126 1804 recordatione
2188 1761 2355 1805 com·

341 1830 572 1891 motus.
667 1825 864 1891 Cuius
922 1827 1090 1892 enim
1146 1827 1381 1891 scelere
1428 1827 1690 1910 impulsi
1736 1849 1809 1891 ac
1853 1828 2091 1911 proditi
2136 1828 2356 1914 simus,

341 1914 471 1979 iam
526 1915 814 1999 profecto
868 1915 1073 2002 vides,
1135 1919 1329 2000 atque
1390 1916 1641 1981 utinam
1704 1915 1832 1980 iam
1885 1920 2033 1982 ante
2087 1916 2353 1982 vidisses

341 2024 548 2086 neque
601 2008 815 2068 totum
871 2004 1156 2068 animum
1212 2007 1398 2068 tuum
1454 2006 1655 2069 errori
1707 2027 1952 2069 mecum
2008 2004 2203 2069 simul
2252 2005 2353 2070 de·
2382 2032 2435 2070 20

343 2091 570 2156 disses!
619 2167 623 2171 ,
664 2090 896 2176 Quare,
950 2114 1094 2157 cum
1149 2114 1250 2156 me
1297 2092 1623 2157 adflictum
1667 2097 1731 2157 et
1776 2094 2133 2158 confectum
2176 2093 2355 2158 luctu

345 2178 588 2266 audies,
653 2179 1018 2245 existimato
1083 2202 1186 2245 me
1246 2180 1561 2244 stultitiae
1619 2202 1798 2246 meae
1859 2202 2129 2265 poenam
2191 2181 2358 2246 ferre

345 2269 605 2352 gravius
661 2289 853 2352 quam
909 2270 1146 2353 eventi,
1201 2268 1373 2352 quod
1427 2270 1487 2333 ei
1531 2269 1929 2354 crediderim,
1983 2292 2172 2352 quem
2218 2291 2355 2335 esse

341 2355 657 2419 nefarium
702 2377 833 2421 non
876 2357 1173 2440 putarim.
1263 2356 1490 2421 Meet
1538 2379 1825 2422 meorum
1870 2358 2185 2422 malorum
2230 2380 2356 2424 me-

343 2444 548 2508 moria
602 2447 666 2507 et
720 2447 929 2508 metus
984 2444 1062 2509 de
1112 2445 1310 2508 fratre
1364 2444 1433 2509 in
1488 2446 1820 2511 scribendo
1875 2445 2158 2530 impedit.
2257 2445 2356 2512 Tu
2386 2471 2436 2512 25

342 2531 470 2595 ista
525 2532 738 2596 omnia
791 2533 934 2596 vide
988 2536 1054 2596 et
1109 2532 1410 2617 guberna.
1511 2532 1808 2598 Terentia
1867 2534 1990 2598 tibi
2043 2534 2356 2600 maximas

342 2620 584 2704 gratias
623 2621 774 2705 agit.
835 2619 1226 2684 Litterarum
1265 2621 1644 2707 exemplum,
1680 2643 1839 2705 quas
1877 2622 1955 2686 ad
1981 2621 2357 2707 Pompeium

343 2708 589 2795 scripsi,
631 2708 781 2772 misi
826 2707 964 2773 tibi.
1046 2707 1217 2773 Data
1260 2727 1363 2773 1111
1398 2707 1541 2774 Kal.
1587 2709 1806 2775 Iunias
1852 2709 2354 2778 Thessalonicae.

1292 2883 1403 2950 IX.

709 3003 824 3061 δον.
867 3006 1275 3060 Thessalonicae
1310 3006 1398 3059 Id.
1438 3007 1566 3060 Iwn.
1606 3024 1657 3061 a.
1699 3010 1810 3062 696
1847 3010 1989 3076 (58).
2387 3018 2440 3058 so

976 3126 1235 3182 CICERO
1274 3128 1537 3184 ATTICO
1577 3128 1723 3184 SAL.

274 3250 299 3298 ι
473 3232 750 3310 Quintus
804 3237 1004 3300 frater
1057 3258 1201 3301 cum
1255 3258 1333 3303 ex
1380 3237 1537 3303 Asia
1583 3237 1977 3303 discessisset
2024 3243 2172 3304 ante
2218 3236 2355 3302 Kal

338 3321 543 3387 Maias
593 3328 657 3387 et
702 3323 989 3389 Athenas
1035 3326 1316 3390 venisset
1370 3324 1620 3410 Idibus,
1684 3326 1867 3391 valde
1926 3327 2051 3391 fuit
2106 3326 2163 3390 ei
2209 3341 2357 3410 'pro-

340 3409 707 3495 perandum,
744 3432 824 3475 ne
863 3413 1015 3495 quid
1052 3413 1282 3477 absens
1324 3415 1635 3498 acciperet
1672 3415 2075 3500 calamitatis,
2120 3414 2176 3478 si
2214 3414 2359 3498 quis

339 3497 506 3562 forte
558 3498 817 3584 fuisset,
880 3500 990 3582 qui
1043 3505 1384 3566 contentus
1437 3503 1678 3566 nostris
1732 3503 1921 3568 malis
1982 3523 2114 3568 non
2166 3507 2353 3567 esset.
2383 3528 2435 3570 ss
