2642 3923
571 171 1082 226 EPISTULARUM
1117 172 1217 225 AD
1254 172 1581 226 ATTICUM
1615 172 1745 226 XIII
1784 178 2006 227 10—12.
2165 172 2294 236 401

282 315 664 396 faciendum,
718 319 793 379 ut
849 319 915 379 et
959 315 1414 380 constituerem
1458 316 1849 381 mercedulas
1893 314 2299 401 praediorum

286 408 350 467 et
409 424 490 467 ne
534 424 839 488 magnum
884 424 1044 467 onus
1094 403 1534 468 observantiae
1578 403 1783 468 Bruto
1828 407 2052 469 nostro
2097 404 2299 486 impo-

284 512 515 556 nerem.
617 491 897 556 Posthac
967 492 1137 556 enim
1207 493 1563 575 poterimus
1636 492 2030 556 commodius
2094 492 2299 556 colere

283 580 453 643 inter
512 601 635 643 nos
697 580 768 643 in
819 579 1196 644 Tusculano.
1298 578 1441 644 Hoc
1504 585 1719 645 autem
1780 584 2096 665 tempore,
2156 601 2299 644 cum

232 693 258 733 5
285 668 395 732 ille
453 688 557 731 me
615 668 849 732 cotidie
906 668 1119 732 videre
1181 668 1403 753 vellet,
1466 688 1584 753 ego
1650 668 1729 732 ad
1783 669 1967 732 illum
2020 669 2113 733 ire
2167 690 2301 731 non

286 777 568 840 possem,
620 756 994 839 privabatur
1050 756 1224 820 omni
1283 756 1705 821 delectatione
1750 756 2109 821 Tusculani.
2200 756 2298 820 Tu

285 845 504 929 igitur,
555 843 610 907 si
654 843 923 909 Servilia
965 844 1230 929 venerit,
1275 845 1332 907 si
1368 843 1610 908 Brutus
1648 845 1802 928 quid
1850 845 2070 930 egerit,
2107 844 2300 908 etiam

286 932 343 998 si
390 932 815 1018 constituerit,
870 933 1125 1015 quando
1173 932 1448 1018 obviam,
1494 933 1797 1016 quicquid
1844 933 2114 1016 denique
2160 933 2303 1017 erit,

288 1020 459 1105 quod
504 1020 667 1084 scire
710 1042 812 1085 me
864 1024 1177 1104 oporteat,
1232 1020 1486 1085 scribes,
1574 1019 1893 1106 Pisonem,
1938 1022 1994 1085 si
2038 1022 2301 1105 poteris,

206 1134 258 1173 ιο
285 1108 638 1173 convenies.
738 1107 964 1195 Vides,
1037 1131 1230 1192 quam
1292 1112 1617 1174 maturum
1683 1109 1787 1174 sit.
1888 1108 2010 1174 Sed
2069 1114 2303 1192 tamen,

286 1197 457 1281 quod
503 1196 835 1262 commodo
884 1201 999 1261 tuo
1045 1197 1176 1261 fiat.

1220 1371 1363 1438 XII.

568 1494 682 1549 sor.
711 1495 775 1546 in
810 1493 1079 1562 amma·
1123 1494 1283 1547 VIII
1312 1495 1387 1548 K.
1422 1494 1607 1564 Quint.
1639 1511 1690 1550 a.
1722 1498 1834 1550 709
1872 1497 2007 1563 (45).

891 1615 1178 1670 CICERO
1214 1615 1505 1671 ATTICO
1540 1617 1705 1672 SAL.

207 1749 256 1791 ιε
417 1724 620 1790 Valde
677 1745 780 1788 me
833 1723 1312 1788 momorderunt
1374 1724 1683 1808 epistulae
1741 1729 1889 1789 tuae
1943 1725 2020 1789 de
2076 1723 2298 1790 Attica

284 1818 538 1898 nostra3
583 1812 836 1876 eaedem
878 1816 1096 1876 tamen
1141 1816 1541 1877 sanaverunt
1617 1810 1802 1888 Quod
1847 1814 2016 1876 enim
2060 1817 2127 1877 te
2162 1814 2300 1896 ipse

285 1900 697 1967 consolabare
743 1899 982 1966 eisdem
1025 1900 1286 1984 htter18,
1342 1899 1408 1964 id
1453 1900 1615 1965 mihi
1661 1904 1798 1966 erat
1842 1902 1999 1966 satis
2044 1902 2300 1966 firmum

285 1990 365 2054 ad
407 1989 768 2054 leniendam
812 1989 1291 2074 aegritudinem.

416 2076 824 2162 Ligarianam
866 2077 1185 2161 praeclare
1222 2076 1581 2141 vendidisti.
1653 2075 1950 2165 Posthac,
1995 2078 2299 2162 quicquid

203 2192 258 2231 20
286 2167 627 2253 scripsero,
683 2166 808 2229 tibi
861 2164 1271 2249 praeconium
1328 2165 1623 2229 deferam.
1716 2163 1899 2241 Quod
1954 2167 2033 2230 ad
2075 2188 2178 2231 me
2223 2166 2300 2230 de

284 2253 576 2319 Varrone
609 2220 888 2340 scribis,
942 2254 1066 2319 scis
1120 2275 1222 2317 me
1276 2258 1466 2317 antea
1513 2253 1835 2318 orationes
1890 2259 2003 2318 aut
2056 2254 2300 2339 aliquid

284 2343 350 2407 id
395 2363 596 2428 genus
644 2343 908 2406 solitum
953 2342 1245 2425 scribere,
1290 2345 1368 2406 ut
1411 2339 1769 2406 Varronem
1803 2364 2122 2427 nusquam
2156 2365 2300 2426 pos-

287 2453 419 2495 sem
464 2431 764 2496 intexere.
846 2429 1078 2495 Postea
1114 2433 1330 2494 autem
1376 2452 1567 2513 quam
1610 2429 1767 2494 haec
1812 2430 1990 2514 coepi
2036 2436 2301 2514 φιλολο-

286 2522 565 2603 γώτερα,
620 2519 750 2582 19111
785 2516 994 2582 Varro
1048 2517 1209 2582 mihi
1264 2518 1749 2582 denuntiaverat
1797 2539 2096 2602 magnam
2151 2541 2300 2583 sane

204 2632 257 2672 25
286 2611 351 2671 et
415 2628 668 2690 gravem
734 2607 1219 2691 προςφώνησιν.
1324 2604 1665 2670 Biennium
1728 2606 2087 2691 praeteriit,
2157 2629 2300 2671 cum

284 2694 395 2758 ille
438 2696 900 2778 Καλλιππίδης
954 2694 1218 2758 adsiduo
1273 2715 1465 2758 cursu
1519 2694 1811 2758 cubitum
1862 2695 2113 2758 nullum
2158 2717 2301 2780 pro-

286 2787 586 2866 cesserat,
657 2804 776 2867 ego
847 2786 1062 2847 autem
1127 2804 1229 2846 me
1288 2782 1597 2865 parabam
1657 2783 1738 2846 ad
1800 2783 1894 2866 id,
1945 2773 2135 2867 quod
2193 2784 2301 2848 1119

285 2870 448 2934 1111111
490 2872 793 2956 misisset,
819 2871 958 2934 ut
962 2869 1140 2958 αὐτῷ
1185 2878 1278 2958 τῷ
1324 2870 1539 2957 μέτρῳ
1586 2868 1696 2935 καὶ
1743 2835 1990 2953 Zo'wtdv',
2021 2872 2077 2934 si
2113 2872 2301 2936 modo

287 2957 656 3042 potuissem.
747 2924 917 3023 Nam
970 2936 1111 3023 hoc
1140 2936 1336 3023 etiam
1379 2958 1703 3023 Hesiodus
1749 2920 2032 3043 ascribit,
2094 2960 2193 3024 αι’
2230 2983 2303 3025 κε

205 3072 259 3114 so
288 3047 372 3111 δύ
460 3071 527 3111 αι

375 3047 607 3199 vogatio
658 3134 838 3199 illam
890 3132 1042 3219 περὶ
1097 3140 1307 3201 τελῶν
1362 3133 1677 3212 σύνταξιν
1731 3155 1882 3198 99119
1936 3134 2097 3198 1111111
2160 3157 2302 3219 pro-

285 3223 503 3287 batam
565 3223 800 3308 Bruto,
878 3226 954 3286 ut
1015 3221 1140 3287 tibi
1206 3222 1477 3308 placuit,
1560 3222 2041 3308 despondimus,
2112 3223 2303 3306 idque

284 3334 430 3376 eum
482 3333 614 3376 non
665 3275 838 3375 nolle
881 3310 1041 3374 mihi
1091 3310 1426 3393 scripsisti.
1519 3309 1699 3395 Ergo
1745 3309 2305 3394 1119111Ἀκαὸημι-

283 3403 434 3484 κήν,
497 3400 566 3463 111
625 3422 752 3483 qua
804 3399 1096 3464 homines
1152 3398 1405 3464 nobiles
1461 3397 1561 3462 illi
1618 3398 1901 3481 quidem,
1961 3398 2070 3462 sed
2122 3398 2303 3462 nullo

203 3513 256 3554 ³⁵
282 3453 471 3552 modo
525 3488 844 3572 philologi
895 3488 1091 3552 nimis
1147 3491 1330 3552 acute
1385 3486 1769 3572 loquuntur,
1824 3485 1903 3548 ad
1947 3485 2303 3550 Varronem

393 3600 483 3642 019.
514 3602 643 3650 epist.
671 3602 735 3642 11.
887 3625 918 3664 x
1915 3591 1986 3639 26

2336 2097 2368 2144 ιθ
