2642 3923
647 1093 762 1177 M.
817 1093 1202 1177 TULLI
1259 1092 1952 1177 CICERONIS

534 1253 1306 1327 EPISTULARUM
1371 1253 1510 1326 AD
1575 1253 2060 1328 ATTICUM

753 1408 1017 1474 LIBER
1064 1407 1397 1474 SEXTUS
1443 1408 1849 1475 DECIMUS.

1269 1689 1318 1756 Ι.

231 1827 255 1868 5
551 1814 663 1869 Ser.
694 1815 758 1868 in
795 1813 1101 1868 Puteolano
1147 1813 1307 1866 VIII
1335 1813 1423 1866 Id.
1453 1811 1640 1881 Quint.
1670 1829 1721 1867 a.
1754 1815 1863 1867 710
1902 1816 2021 1880 (44)

923 1934 1179 1992 CICERO
1218 1934 1481 1990 ATTICO
1520 1934 1668 1990 SAL.

417 2045 626 2112 Nonis
675 2046 1106 2123 Quinctilibus
1152 2046 1300 2110 veni
1347 2046 1417 2108 in
1460 2043 1903 2110 Puteolanum.
1986 2044 2304 2110 Postridie
2344 2066 2366 2113 1

284 2136 422 2202 iens
470 2136 549 2200 ad
592 2135 870 2199 Brutum
914 2134 984 2198 in
1028 2133 1336 2198 Nesidem
1380 2133 1536 2197 haec
1583 2133 1827 2216 scripsi.
1904 2131 2028 2198 Sed
2073 2155 2147 2197 eo
2186 2134 2304 2219 die,

286 2247 412 2309 quo
452 2246 765 2306 veneram,
792 2223 1045 2287 cenanti
1081 2222 1250 2286 Eros
1287 2227 1434 2285 tuas
1473 2221 1740 2286 litteras,
1815 2221 2040 2286 ltane‘?
2094 2239 2302 2287 NONIS

203 2342 257 2381 ιο
283 2313 537 2378 IULIIS‘?
610 2312 696 2376 Di
740 2311 996 2376 hercule
1041 2311 1213 2374 istis!
1290 2309 1416 2374 Sed
1463 2308 1849 2373 stomachari
1885 2314 2095 2374 totum
2134 2311 2302 2374 diem

283 2403 449 2466 licet.
524 2399 958 2484 Quicquamne
1003 2399 1259 2483 turpius
1309 2421 1500 2482 quam
1538 2397 1742 2462 Bruto
1780 2416 1988 2462 mLIIS
2009 2399 2043 2462 *Ρ
2088 2398 2301 2463 Redeo

284 2491 364 2554 ad
426 2511 639 2554 meum
701 2488 904 2573 igitur
968 2484 1074 2552 ’ἔτ’
1143 2487 1405 2571 ἐῶμεν;’
1479 2484 1664 2550 Nihil
1717 2486 1864 2550 vidi.
1968 2485 2090 2552 Sed
2150 2488 2304 2571 quid
2339 2506 2373 2553 2

286 2583 399 2662 est,
454 2599 718 2661 quaese,
779 2574 950 2659 quod
1011 2575 1333 2660 agripetas
1381 2574 1686 2639 Buthroti
1734 2575 2022 2639 concisos
2069 2577 2300 2641 audio?

285 2666 450 2743 Quid
518 2670 733 2730 autem
786 2663 1060 2728 Plancus
1124 2668 1260 2727 tam
1329 2663 1567 2727 cursim
1624 2660 1745 2751 (ita
1799 2664 1967 2727 enim
2022 2664 2300 2728 inaudie-

205 2782 256 2822 ιε
283 2753 462 2841 bam)
529 2754 696 2817 diem
761 2757 825 2817 et
888 2753 1192 2816 noctem?
1266 2749 1432 2815 Sane
1486 2751 1675 2834 cupio
1732 2752 1919 2837 scire,
1983 2752 2140 2835 quid
2196 2754 2298 2817 sit.

284 2843 495 2907 Meam
558 2841 1018 2926 profectionem
1080 2840 1331 2904 laudari
1395 2840 1657 2924 gaudeo,
1747 2837 2109 2903 Videndum
2185 2845 2301 2927 est,
2338 2858 2369 2906 3

283 2935 357 2995 ut
416 2930 663 2994 mansio
717 2929 1028 2993 laudetur.
1121 2928 1444 3012 Dymaeos
1499 2948 1655 3012 agro
1710 2928 1933 3012 pulsos
1987 2951 2163 2992 mare
2208 2930 2299 2992 in-

281 3020 519 3083 festum
564 3018 799 3082 habere
843 3018 939 3081 nil
984 3017 1233 3080 mirum.
1304 3015 1417 3080 Ἐν
1462 3015 1788 3102 ὁμοπλοίᾳ
1823 3015 2012 3079 Bruti
2047 3017 2298 3080 videtur

283 3106 526 3192 aliquid
561 3106 864 3191 praesidii
902 3127 1055 3189 esse,
1094 3105 1221 3187 sed,
1258 3105 1508 3188 opinor,
1543 3105 1794 3168 minuta
1826 3105 2100 3188 navigia.
2176 3103 2301 3169 Sed

201 3224 255 3264 20
283 3198 410 3260 iam
463 3195 659 3260 sciam
706 3198 770 3259 et
816 3194 896 3257 ad
940 3198 1006 3258 te
1051 3215 1206 3257 cras.
1296 3191 1394 3256 De
1439 3190 1744 3257 Ventidio
1791 3195 2074 3257 πανικὸν
2119 3198 2296 3276 put0.
2334 3211 2369 3258 4

280 3283 379 3348 Dc
442 3282 639 3348 Sexto
704 3305 820 3367 pro
877 3286 1052 3347 certo
1104 3281 1467 3345 habebatur
1519 3282 1566 3363 Τ
1585 3280 1664 3343 ad
1718 3303 1908 3344 arma.
2000 3279 2182 3356 Quod
2242 3282 2299 3344 si

279 3395 501 3437 verum
555 3376 681 3456 est,
736 3373 873 3436 sine
930 3370 1098 3434 bello
1155 3369 1329 3433 civili
1384 3368 1567 3431 video
1625 3367 2040 3432 serviendum.
2133 3367 2300 3443 Quid

280 3461 478 3546 ergo?
553 3461 641 3526 ad
690 3458 832 3524 Kal.
879 3457 1009 3523 Ian.
1056 3458 1127 3522 in
1182 3457 1391 3521 Pansa
1448 3457 1636 3540 spcs‘?
1710 3461 1931 3539 Λῆρος
1975 3459 2185 3532 πολὺς
2230 3458 2299 3520 in

280 3551 431 3614 vino
479 3554 542 3613 et
587 3550 657 3614 in
704 3570 930 3613 somno
979 3548 1267 3611 istorum.
