2642 3923
364 176 495 240 522
1007 174 1066 227 M
1112 171 1327 227 TULLI
1364 170 1742 226 CICERONIS

363 317 732 382 necessaria.
835 316 1003 382 Volo
1070 316 1238 380 enim
1303 315 1750 382 testimonium
1809 314 1933 379 hoc
1997 312 2120 377 tibi
2184 311 2402 377 videri

365 406 583 490 potius
641 428 834 489 quam
879 404 1237 490 epistulam.
1330 402 1577 468 Auctus
1621 403 1870 467 Antoni
1914 401 2222 467 beneficio
2271 405 2399 464 est.

367 494 529 559 Eius
590 493 794 577 ipsius
855 491 1148 558 beneficii
1207 513 1444 578 magna
1501 514 1650 576 pars
1720 515 1757 556 a
1814 495 1880 555 te
1944 493 2060 554 est.
2158 488 2401 573 Itaque

299 600 331 648 2
369 604 515 647 eum
561 582 755 646 salvis
799 581 989 647 nobis
1035 580 1230 645 vellet
1277 581 1542 645 salvum.
1616 579 1696 644 In
1741 601 1888 644 eum
1924 582 2140 643 autem
2175 577 2402 641 locum

368 693 503 735 rem
566 670 902 735 adductam
957 669 1278 754 intellegit
1334 670 1464 755 (est
1519 669 1716 751 enim,
1778 672 1853 731 ut
1909 667 2061 751 scis,
2123 665 2400 730 minime
2465 692 2492 731 5

370 755 668 844 stultus),
729 763 804 823 ut
865 758 1125 841 utrique
1189 757 1347 821 salvi
1416 779 1553 822 esse
1608 778 1738 844 nqn
1792 755 2063 839 possint.
2162 753 2400 837 Itaque

366 867 488 912 nos
534 847 805 931 mavult3
852 846 929 910 de
973 850 1039 910 te
1083 867 1233 910 vero
1280 845 1663 909 amicissime
1691 843 1775 908 'et
1823 844 2113 927 loquitur
2148 846 2215 906 et
2250 863 2399 906 sen-

368 936 469 999 tit.
561 933 796 1019 Quare,
849 935 905 998 si
959 934 1105 1018 quis
1163 955 1344 997 secus
1392 933 1470 997 ad
1515 937 1580 996 te
1623 932 1700 996 de
1747 953 1821 997 eo
1868 931 2128 1015 scripsit
2172 933 2286 994 aut
2336 930 2398 993 si

372 1044 588 1088 coram
631 1022 887 1087 locutus
935 1027 1052 1108 est,
1095 1027 1246 1106 peto
1294 1044 1333 1086 a
1378 1025 1444 1085 te
1490 1022 1683 1086 etiam
1730 1024 1923 1104 atque
1968 1021 2182 1105 etiam,
2226 1017 2396 1082 mihi

370 1115 445 1175 ut
490 1111 708 1196 potius
753 1110 989 1194 credaS,
1036 1110 1148 1193 qui
1186 1114 1251 1174 et
1286 1110 1540 1174 facilius
1576 1109 1856 1173 iudicare
1891 1129 2156 1192 possum
2194 1129 2394 1191 quam
2426 1133 2482 1172 ιο

370 1199 481 1263 ille
532 1200 747 1264 nescio
803 1200 946 1282 quis
1004 1203 1068 1262 et
1114 1202 1180 1261 te
1225 1197 1373 1282 plus
1420 1198 1636 1282 diligo,
1727 1194 2025 1261 Clodium
2065 1196 2191 1260 tibi
2237 1195 2397 1259 ami-

371 1287 699 1351 cissimum
760 1287 1056 1351 existima
1101 1286 1431 1369 civemque
1476 1286 1698 1367 talem,
1755 1284 1965 1368 qualis
2013 1288 2078 1348 et
2122 1283 2397 1368 pruden-

371 1375 661 1439 tissimus
709 1379 775 1439 et
820 1375 1082 1439 fortuna
1128 1374 1376 1458 optima
1423 1395 1561 1438 esse
1606 1374 1810 1438 debet.

1340 1550 1422 1615 II.

726 1672 839 1729 Ser.
869 1672 1079 1727 Romae
1113 1673 1238 1727 circ.
1269 1673 1383 1725 ΙΙΙ
1411 1671 1486 1725 Κ.
1515 1672 1645 1725 lum.
1675 1688 1728 1725 α.
1759 1673 1865 1725 711
1904 1672 2043 1739 (43).
2423 1679 2474 1720 15
2605 1745 2606 1788 1

1017 1795 1272 1850 CICERO
1311 1793 1554 1848 BRUTO
1593 1793 1742 1849 SAL.
2605 1805 2606 1874 χ

307 1924 334 1974 1
509 1902 761 1990 Scripta
833 1908 899 1969 et
975 1904 1319 1989 obsignata
1381 1904 1511 1968 iam
1576 1902 1852 1987 epistula
1913 1901 2169 1968 litterae
2230 1900 2395 1967 mihi
2605 1885 2606 1896 ἵ

374 1993 657 2058 redditae
717 1997 869 2057 sunt
925 2015 963 2057 a
1017 1997 1083 2058 te
1137 1994 1365 2076 plenae
1417 2013 1632 2056 rerum
1684 2014 1994 2056 novarum
2009 2043 2027 2076 ,
2086 1991 2393 2055 maxime-

378 2104 500 2166 que
556 2082 851 2147 mirabile
895 2079 1302 2146 Dolabellam
1348 2080 1631 2164 quinque
1655 2079 1974 2144 cohortes
2021 2080 2272 2144 misisse
2318 2079 2395 2143 in

377 2169 861 2235 Chersonesum.
956 2168 1217 2234 Adeone
1271 2169 1472 2253 copiis
1520 2168 1830 2254 abundat,
1884 2172 1984 2254 ut,
2048 2169 2106 2233 is
2153 2167 2267 2252 qui
2313 2190 2395 2232 ex
2422 2193 2473 2232 2⁰

375 2258 534 2323 Asia
603 2259 844 2344 fugere.
898 2257 1255 2341 dicebatur,
1325 2257 1655 2340 Europam
1718 2260 2018 2340 appetere
2080 2257 2395 2321 conetur?

377 2346 669 2430 Quinque
714 2349 928 2410 autem
974 2346 1351 2411 cohortibus
1399 2345 1700 2429 quidnam
1752 2366 1819 2409 se
1862 2345 2182 2409 facturum
2225 2344 2393 2409 arbi-

376 2439 585 2500 tratus
624 2438 740 2519 est,
767 2456 913 2498 cum
949 2438 1023 2498 tu
1050 2436 1186 2519 †eo
1216 2433 1499 2518 quinque
1533 2432 1838 2518 legiones,
1866 2433 2185 2516 optimum
2218 2434 2394 2516 equi-

375 2527 604 2609 tatum,
648 2523 925 2586 maxima
969 2522 1209 2587 auxilia
1252 2522 1571 2586 haberes?
1646 2520 1817 2597 Quas
1864 2522 2121 2605 quidem
2167 2520 2393 2585 cohor-

376 2616 474 2676 tes
530 2632 715 2695 spero
775 2611 904 2673 iam
948 2614 1095 2674 tuas
1142 2632 1308 2696 esse,
1366 2610 1670 2693 quoniam
1713 2608 1883 2674 latro
1928 2609 2037 2674 ille
2082 2613 2221 2673 tam
2265 2610 2396 2674 fuit
2422 2634 2471 2674 25

309 2718 339 2766 2
378 2700 651 2763 demens.
725 2697 935 2762 Tuum
979 2698 1318 2763 consilium
1356 2698 1762 2763 vehementer
1795 2698 2008 2782 laudo,
2051 2697 2225 2781 quod
2259 2719 2394 2762 non

376 2788 554 2871 prius
594 2787 942 2851 exercitum
957 2785 1304 2870 Apollonia
1330 2784 1861 2870 Dyrrhachioque
1887 2786 2169 2869 movisti,
2197 2808 2396 2870 quam

377 2875 454 2940 de
498 2875 745 2940 Antoni
799 2876 955 2961 fuga
1008 2875 1271 2963 audisti,
1334 2873 1526 2938 Bruti
1580 2875 1939 2958 eruptione,
1993 2874 2219 2958 populi
2262 2873 2395 2940 Ro-

376 2964 551 3028 mani
594 2963 879 3028 victoria.
969 2960 1224 3048 Itaque,
1280 2963 1453 3047 quod
1498 2962 1725 3027 scribis
1770 2967 1920 3047 post
1964 2984 2039 3027 ea
2085 2962 2395 3027 statuisse

377 3056 443 3116 te
488 3052 715 3116 ducere
760 3051 1107 3116 exercitum
1155 3051 1224 3114 in
1270 3049 1740 3115 Chersonesum
1783 3071 1900 3116 nec
1945 3051 2081 3134 pati
2129 3051 2395 3117 scelera·
2420 3077 2473 3118 so

376 3140 629 3205 tissim0
683 3139 861 3204 hosti
913 3139 1192 3204 ludibrio
1249 3161 1387 3203 esse
1443 3139 1781 3222 imperium
1827 3140 2051 3223 populi
2094 3138 2396 3227 Romani,

309 3248 338 3293 s
376 3229 533 3293 facis
579 3250 656 3292 ex
703 3231 816 3292 tua
860 3228 1174 3312 dignitate
1221 3232 1284 3292 et
1332 3249 1408 3292 ex
1453 3249 1523 3291 re
1569 3227 1839 3311 publica.
1932 3227 2116 3303 Quod
2162 3228 2394 3293 scribis

376 3316 453 3381 de
501 3316 839 3402 seditione,
936 3337 1055 3380 uae
1100 3316 1270 3380 facta
1313 3320 1412 3380 est
1456 3316 1526 3380 in
1571 3315 1824 3400 legione
1870 3321 2099 3400 quarta
2147 3316 2394 3382 decima

374 3403 621 3468 Antoni
666 3424 857 3469 eam-sa
930 3403 999 3466 in
1043 3404 1280 3468 bonam
1325 3409 1574 3487 partem
1619 3402 1936 3493 accipies),
1982 3405 2189 3490 magis
2228 3405 2395 3469 mihi

373 3491 686 3574 probatur
729 3491 1012 3556 militum
1058 3492 1367 3557 severitas
1414 3515 1605 3577 quam
1650 3497 1779 3557 tua.
2421 3519 2477 3560 ss
