2642 3923
358 207 489 273 528
1004 207 1078 261 Μ.
1115 206 1331 261 TULLI
1370 205 1747 261 CICERONIS

358 351 518 417 meis
570 349 807 415 litteris
852 350 1196 436 recordari3
1263 370 1654 434 quamquam
1701 354 1842 413 tum
1888 353 1952 412 et
1996 349 2188 432 fugae
2232 371 2390 432 por-

358 443 467 504 tus
533 442 671 503 erat
726 439 795 502 in
847 439 978 503 tuis
1036 439 1263 503 castris
1319 443 1385 502 et
1441 437 1803 502 subsidium
1857 436 2085 502 salutis
2140 438 2209 501 in
2266 441 2391 502 tuo

360 528 657 593 exercitu.
732 526 871 603 Quo
918 527 1124 612 magis
1169 548 1340 591 nunc
1383 526 1662 610 liberati,
1708 530 1782 590 ut
1830 547 2036 610 sper0,
2080 526 2394 609 periculis

361 616 432 681 in
475 614 815 680 Dolabella
860 616 1279 699 opprimendo
1328 615 1623 698 occupati
1668 635 1809 678 esse
1854 614 2171 678 debemus
2257 612 2394 679 Sed

360 704 517 769 haec
552 704 867 790 cogitabis
905 704 1300 788 diligentiae,
1340 706 1583 768 statues
1623 703 1970 787 sapienter3
2015 703 2210 767 facies
2243 724 2393 787 nOS,
2449 730 2477 769 ⁵

364 792 519 877 quid
576 792 989 857 constitueris
1036 795 1102 856 et
1147 792 1302 876 quid
1350 812 1530 877 agaS,
1586 791 1642 855 si
1687 791 1810 856 tibi
1855 791 2203 877 videbitur,
2256 812 2393 855 cer-

366 881 581 945 tiores.

293 987 325 1033 3
497 967 866 1033 Ciceronem
919 972 1218 1033 nostrum
1262 968 1332 1032 in
1376 971 1663 1032 vestrum
1708 968 2051 1053 collegium
2096 969 2394 1051 cooptari

369 1058 530 1122 volo.
639 1057 963 1121 Existimo
1038 1056 1298 1121 omnino
1375 1057 1739 1120 absentium
1803 1057 2118 1120 rationem
2183 1078 2392 1120 sacer-

365 1146 590 1210 dotum
644 1146 923 1211 comitiis
978 1166 1167 1229 posse
1220 1144 1477 1231 haberi3
1537 1166 1687 1209 nam
1742 1145 1936 1209 etiam
1987 1144 2229 1208 factum
2286 1149 2392 1208 est
2421 1173 2476 1211 10

367 1238 572 1300 antea.
663 1232 862 1298 Gaius
910 1234 1080 1297 enim
1124 1232 1387 1317 Marius,
1443 1255 1588 1298 cum
1632 1234 1706 1297 in
1752 1231 2153 1317 Cappadocia
2199 1237 2389 1313 esset,

367 1322 506 1408 lege
560 1321 847 1387 Domitia
907 1323 1116 1386 factus
1188 1324 1288 1386 est
1352 1343 1584 1407 augur,
1648 1343 1791 1406 nec,
1870 1343 1996 1405 quo
2051 1321 2261 1385 minus
2317 1322 2392 1386 id

365 1415 592 1494 postea
634 1411 871 1493 liceret,
916 1410 1049 1474 ulla
1084 1410 1188 1474 lex
1226 1411 1456 1474 sanxit.
1529 1409 1652 1474 Est
1690 1412 1884 1474 etiam
1918 1411 1989 1473 in
2023 1410 2163 1495 lege
2199 1407 2390 1493 Iulia,

368 1520 530 1583 quae
573 1500 679 1562 lex
724 1502 823 1562 est
869 1499 945 1562 de
992 1498 1365 1563 sacerdotiis
1411 1499 1724 1583 proxima,
1775 1498 1880 1562 his
1925 1497 2167 1563 verbis:
2231 1496 2391 1573 ‘QVI

366 1605 627 1673 PETET,
690 1603 981 1651 cvwsvn
1038 1604 1251 1651 RATIO
1307 1586 1753 1651 HABEB1Tvn.'
1849 1585 2093 1669 Aperte
2145 1586 2390 1650 indicat
2417 1612 2472 1653 15

367 1696 558 1759 posse
616 1676 933 1739 rationem
975 1675 1200 1740 haberi
1246 1675 1442 1739 etiam
1486 1697 1617 1739 non
1662 1675 2032 1758 praesentis.
2123 1673 2265 1739 Hac
2310 1675 2390 1738 de

368 1786 437 1829 re
496 1764 724 1848 scripsi
779 1764 859 1827 ad
914 1786 1084 1846 eum,
1148 1767 1221 1827 ut
1278 1767 1394 1827 tuo
1452 1763 1689 1828 iudicio
1743 1767 2035 1828 uteretur
2091 1763 2260 1826 sicut
2319 1763 2392 1827 in

367 1852 560 1917 rebus
598 1851 913 1916 omnibus.
969 1851 1116 1915 Tibi
1145 1855 1358 1916 autem
1387 1853 1548 1916 idem
1584 1852 1994 1916 statuendum
2024 1855 2121 1915 est
2151 1851 2229 1915 de
2256 1850 2387 1916 Do-

368 1940 576 2026 mitio,
621 1940 698 2006 de
745 1939 989 2006 Catone
1033 1944 1275 2005 nostro.
1354 1939 1497 2026 Sed,
1543 1940 1834 2025 quamvis
1872 1941 2061 2005 liceat
2100 1940 2381 2005 absentis

368 2031 684 2094 rationem
728 2030 969 2113 haberi,
1025 2033 1243 2094 tamen
1287 2031 1505 2093 omnia
1551 2033 1703 2093 sunt
1748 2030 2197 2114 praesentibus
2237 2029 2381 2092 faci·
2407 2055 2458 2093 20

367 2118 547 2182 liora.
639 2116 880 2193 Quodsi
939 2118 1241 2182 statueris
1295 2118 1365 2182 in
1410 2117 1635 2183 Asiam
1680 2117 1803 2181 tibi
1849 2119 2158 2203 eundum,
2210 2117 2382 2181 nulla

371 2207 492 2271 erit
539 2206 619 2270 ad
664 2207 925 2270 comitia
967 2210 1226 2270 nostros
1273 2206 1633 2270 accersendi
1677 2206 1968 2270 facultas,

295 2312 326 2360 Δ
501 2292 777 2358 Omnino
848 2294 1059 2358 Pansa
1128 2295 1275 2358 vivo
1340 2295 1643 2359 celeriora
1706 2295 1920 2359 omnia
1982 2295 2389 2379 putabamus.

372 2380 610 2447 Statim
655 2383 826 2447 enim
871 2383 1182 2468 collegam
1231 2382 1358 2447 sibi
1406 2383 1907 2468 subrogavisset,
1968 2383 2191 2448 deinde
2236 2387 2392 2447 ante

372 2470 694 2555 praetoria
748 2471 1150 2536 sacerdotum
1196 2471 1460 2535 comitia
1504 2472 1793 2536 fuissent.
1885 2470 2077 2537 Nunc
2121 2493 2232 2555 per
2278 2494 2392 2536 au·
2422 2498 2476 2538 25

372 2559 570 2642 spicia
632 2559 896 2644 longam
959 2581 1205 2623 moram
1270 2559 1470 2624 video,
1562 2558 1736 2623 Dum
1799 2560 1971 2624 enim
2034 2582 2199 2625 unus
2263 2560 2396 2625 erit

368 2648 676 2732 patricius
738 2649 1184 2731 magistratus,
1247 2647 1533 2731 auspicia
1587 2648 1667 2711 ad
1721 2652 1936 2731 patres
1992 2649 2201 2713 redire
2257 2671 2398 2713 non

367 2739 655 2818 possunt.
759 2735 997 2822 Magna
1062 2757 1213 2800 sane
1276 2736 1698 2819 perturbatio,
1808 2736 1908 2799 Tu
1972 2741 2113 2801 tota
2179 2738 2257 2801 de
2324 2759 2400 2802 re

369 2824 522 2977 apid
587 2825 853 2909 sentias,
915 2824 1109 2890 velim
1172 2847 1274 2888 me
1329 2825 1525 2889 facias
1583 2825 1938 2889 certiorem.
2030 2843 2110 2889 111
2165 2823 2398 2891 Nonas

442 2933 591 2976 alas.
2429 2941 2483 2980 ao

1323 3088 1436 3154 VI.

772 3210 889 3267 Ser.
919 3212 1126 3267 Romae
1162 3211 1324 3266 XIV
1353 3212 1427 3265 K.
1457 3213 1586 3265 Iun.
1616 3229 1669 3267 a.
1702 3215 1807 3267 711
1849 3214 1986 3281 (43).

954 3334 1238 3389 BRUTUS
1277 3333 1617 3389 CICERONI
1655 3333 1802 3391 SAL.

304 3458 330 3506 1
502 3440 658 3507 Noli
704 3447 1090 3529 exspectare,
1135 3444 1283 3507 dum
1334 3443 1457 3507 tibi
1504 3443 1747 3527 gratias
1796 3464 1999 3527 agam.
2082 3443 2221 3508 Iam
2267 3446 2405 3528 pri·
2588 3398 2590 3503 A

369 3528 512 3592 dem
574 3529 698 3594 hoc
753 3551 830 3594 ex
884 3535 1109 3596 nostra
1161 3531 1656 3616 necessitudine,
1721 3553 1884 3615 quae
1938 3532 2018 3595 ad
2074 3554 2403 3598 summam
2435 3562 2493 3602 3⁶
