2642 3923
703 203 1216 259 EPISTULARUM
1252 204 1351 258 AD
1389 204 1714 259 ATTIGUM
1749 204 1827 258 XI
1864 210 1912 259 7.
2087 276 2095 290 ο
2187 204 2315 268 331

294 370 430 413 rem
483 348 808 432 publicam
854 348 1333 431 defendendam,
1392 348 1771 432 praesertim
1814 351 2039 412 contra
2086 347 2316 412 exerci-

295 441 433 500 tum
500 458 687 520 saepe
743 436 1070 501 victorem.
1169 435 1323 501 Non
1377 436 1656 520 probant
1710 436 2012 520 fortasse3
2074 436 2314 500 multos

297 525 467 589 enim
530 524 705 589 viros
769 524 975 589 bonos
1038 525 1107 588 in
1161 524 1453 589 Africam
1510 525 1761 589 venisse
1816 524 2005 589 audio
2060 528 2127 589 et
2168 524 2312 588 ‘scio

298 614 497 677 fuisse
559 617 764 677 antea.
863 611 1068 678 Valde
1129 612 1253 677 hoc
1312 612 1456 677 loco
1519 634 1771 697 urgeor.
1869 611 1996 677 Hic
2058 632 2312 697 quoque

243 729 267 766 5
297 722 458 785 opus
523 705 622 765 est
684 722 864 786 casu,
925 706 996 766 ut
1056 700 1259 785 aliqui
1317 702 1451 765 sint
1511 723 1586 766 ex
1634 702 1725 765 eis
1772 705 1913 786 aut,
1977 701 2034 764 si
2078 703 2313 784 potest,

297 810 535 874 omneS,
580 790 692 874 qui
740 790 1013 854 salutem
1059 793 1474 873 anteponant.
1564 787 1752 874 Nam,
1799 789 1856 853 si
1900 792 2310 872 perseverant

295 881 360 942 et
425 877 747 964 obtinent,
811 878 968 962 quid
1029 877 1220 941 nobis
1285 878 1577 941 futurum
1633 878 1745 962 sit,
1808 877 2003 942 vides,
2092 875 2309 941 Dices:

296 965 484 1042 ‘Quid
520 966 671 1044 iuis,
718 966 775 1030 si
812 966 967 1030 victi
1005 966 1260 1030 erunt?
1325 965 1679 1031 Honestior
1717 971 1816 1030 est
1850 965 2059 1050 plaga.
2132 963 2310 1029 Haec

293 1075 395 1119 me
440 1054 821 1119 excruciant.
895 1051 1139 1138 Sulpici
1183 1058 1399 1117 autem
1444 1054 1782 1118 consilium
1818 1075 1950 1118 non
1989 1052 2306 1136 scripsisti
2343 1072 2373 1117 4

215 1170 267 1209 ιο
294 1164 406 1207 cur
449 1163 593 1207 meo
637 1163 770 1207 non
814 1146 1251 1226 anteponeres,
1327 1141 1511 1217 Quod
1557 1142 1680 1206 etsi
1724 1163 1855 1206 non
1893 1145 2033 1206 -tam
2072 1141 2309 1227 glorio-

294 1253 435 1295 sum
482 1234 583 1296 est
629 1253 822 1316 quam
869 1228 1154 1316 Catonis,
1197 1234 1415 1294 tamen
1459 1235 1525 1295 et
1571 1230 1854 1314 periculo
1901 1251 2173 1294 vacuum
2209 1233 2308 1295 est

294 1323 358 1384 et
403 1319 639 1384 dolore.
720 1319 1102 1383 Extremum
1148 1322 1247 1383 est
1293 1340 1532 1403 eorum,
1579 1319 1690 1403 qui
1733 1318 1803 1382 in
1848 1317 2093 1383 Achaia
2138 1321 2306 1382 sunt.

290 1406 348 1472 Ii
400 1412 615 1472 tamen
668 1408 797 1491 ipsi
853 1429 921 1471 se
964 1406 1090 1471 hoc
1133 1406 1363 1471 melius
1407 1406 1649 1471 habent
1697 1429 1888 1490 quam
1930 1428 2077 1491 nos,
2135 1407 2307 1490 quod

292 1499 356 1559 et
400 1495 591 1560 multi
638 1499 790 1560 sunt
833 1515 962 1560 uno
998 1495 1071 1560 in
1108 1495 1251 1560 loco
1289 1498 1374 1581 et,
1419 1516 1566 1559 cum
1601 1497 1673 1560 in
1706 1494 1961 1559 Italiam
1998 1494 2307 1579 venerint,

211 1611 263 1650 ιτ»
293 1584 551 1648 domum
588 1584 811 1648 statim
846 1584 1152 1648 venerint.
1235 1582 1413 1647 Haec
1447 1587 1522 1647 tu
1557 1604 1770 1669 perge,
1815 1587 1890 1647 ut
1924 1583 2103 1669 facis,
2137 1582 2305 1646 miti-

256 1693 443 1757 gare
489 1676 555 1736 et
598 1671 873 1755 probare
920 1694 1113 1755 quam
1157 1671 1473 1755 plurimis,

423 1759 609 1836 Quod
660 1765 725 1825 te
782 1781 1073 1844 excusas,
1139 1781 1258 1844 ego
1313 1781 1466 1824 vero
1527 1763 1593 1824 et
1646 1762 1794 1823 tuas
1840 1780 2062 1824 causas
2106 1779 2302 1823 nosco
2342 1776 2372 1823 5

291 1852 356 1913 et
407 1871 549 1914 mea
600 1848 908 1913 interesse
960 1851 1119 1931 puto
1173 1852 1239 1912 te
1293 1848 1442 1912 istic
1497 1869 1661 1933 esse,
1723 1847 1825 1911 vel
1877 1851 1950 1910 ut
2013 1867 2158 1911 cum
2204 1846 2303 1931 iis,

290 1936 523 2022 quibus
579 1936 934 2022 oportebit,
988 1957 1167 2022 agas,
1225 1958 1388 2021 quae
1443 1939 1629 2001 erunt
1687 1934 1928 2022 agenda
1973 1935 2050 2001 de
2094 1935 2304 2023 nobis,

207 2052 262 2092 ιο
291 2030 363 2090 ut
422 2047 513 2109 ea,
566 2048 728 2110 quae
781 2025 990 2110 egisti.
1080 2024 1158 2089 In
1212 2025 1564 2109 primisque
1615 2024 1738 2089 hoc
1783 2024 1977 2089 velim
2024 2025 2303 2088 animad-

289 2118 519 2180 vertas
594 2113 839 2178 Multos
885 2135 1024 2179 esse
1069 2113 1371 2200 arbitror,
1417 2113 1528 2198 qui
1575 2113 1653 2177 ad
1692 2110 2026 2178 Caesarem
2064 2112 2301 2177 detule-

288 2203 420 2267 rint
473 2202 823 2267 delaturive
871 2203 1002 2265 sint
1047 2224 1148 2267 me
1193 2205 1305 2266 aut
1349 2201 1674 2285 paenitere
1718 2200 1970 2266 consilii
2016 2201 2143 2265 mei
2187 2205 2300 2266 aut

286 2311 419 2355 non
475 2290 774 2374 probare,
833 2312 996 2374 quae
1041 2290 1216 2354 fiant.
1308 2289 1596 2365 Quorum
1642 2289 1764 2353 etsi
1809 2293 2156 2372 utrumque
2198 2311 2300 2353 ve-

286 2400 428 2442 rum
483 2382 610 2464 est,
663 2382 878 2442 tamen
924 2379 1006 2442 ab
1049 2378 1181 2442 illis
1228 2378 1466 2441 dicitur
1512 2377 1726 2442 animo
1774 2400 1812 2441 a
1855 2399 1957 2442 me
2005 2377 2302 2463 alienatO,

205 2493 257 2532 εὖ
285 2488 418 2530 non
472 2488 598 2551 quo
655 2466 750 2530 ita
807 2488 945 2531 esse
990 2467 1450 2550 perspexerint.
1542 2463 1666 2530 Sed
1711 2469 1924 2530 totum
1969 2466 2040 2530 in
2085 2486 2150 2531 eo
2195 2472 2300 2551 est,

285 2558 360 2618 ut
402 2554 526 2619 hoc
569 2553 812 2619 Balbus
858 2554 1175 2618 sustineat
1219 2558 1285 2620 et
1332 2552 1575 2637 Oppius
1589 2605 1607 2638 ,
1666 2558 1731 2618 et
1784 2575 2006 2618 eorum
2059 2553 2298 2619 crebris

286 2642 523 2707 litteris
575 2643 753 2707 iuius
814 2642 1113 2707 voluntas
1166 2664 1320 2728 erga
1372 2663 1476 2707 me
1521 2642 1952 2707 confirmetur.
2041 2640 2134 2706 Et
2176 2641 2299 2707 hoc

284 2731 473 2814 plane
516 2735 591 2795 ut
633 2731 766 2815 fiat,
815 2731 1217 2816 diligentiam
1264 2729 1615 2795 adhibebis.
1688 2729 1985 2795 Alterum
2024 2734 2140 2816 est,
2186 2751 2298 2795 cur
2336 2749 2367 2797 6

283 2822 349 2882 te
409 2819 610 2883 nolim
656 2819 999 2905 discedere,
1063 2820 1235 2903 quod
1280 2819 1507 2884 scribis
1557 2819 1834 2884 Tulliam
1877 2823 1943 2884 te
1989 2818 2297 2904 flagitare.

201 2932 255 2972 so
284 2905 337 2971 Ο
384 2928 519 2971 rem
563 2907 888 2972 miseram!
954 2907 1109 2991 quid
1146 2908 1423 2972 scribam
1459 2910 1571 2971 aut
1610 2907 1763 2992 quid
1799 2907 2033 2971 velim?
2093 2907 2298 2973 Breve

281 2994 535 3079 faciam,
596 2995 894 3060 lacrimae
956 2995 1128 3060 enim
1192 3018 1259 3060 se
1324 2994 1539 3060 subito
1603 2995 2047 3079 profuderunt.
2148 2995 2297 3060 Tibi

281 3084 613 3167 permittO,
674 3088 749 3148 tu
812 3084 1098 3169 consule3
1162 3087 1418 3148 tantum
1470 3083 1640 3170 vide,
1695 3105 1779 3148 ne
1830 3083 1955 3150 hoc
2009 3088 2295 3168 tempore

280 3171 396 3236 isti
441 3170 664 3236 obesse
709 3172 953 3256 aliquid
996 3173 1221 3256 possit.
1310 3170 1599 3273 Ignosce,
1660 3171 1924 3273 obsecro
1971 3175 2053 3236 te.
2142 3169 2297 3237 Non

197 3374 250 3414 ⁸.
278 3280 548 3413 m?
591 3259 2080 3435 ΡεέἓΞι-,ἓὲᾎίξῃῗῗῗὶῖέιἛῖἐῖζίἓέᾇέἒέἓὲῗ
2102 3282 2291 3431 ᾳῗέἑ.

279 3437 453 3520 quod
497 3458 636 3501 eam
681 3436 915 3520 diligis.

411 3523 594 3599 Quod
636 3525 915 3608 litteraS,
972 3523 1207 3609 quibus
1252 3528 1443 3607 putas
1492 3546 1653 3607 opus
1701 3545 1857 3605 esse,
1911 3545 2095 3588 curas
2144 3524 2292 3586 dan-
2332 3543 2359 3588 7
