2642 3923
586 225 1097 279 EPISTULARUM
1134 227 1233 279 AD
1272 226 1598 281 ATTICUM
1633 227 1737 279 XII
1774 231 1999 279 25—-27,
2187 226 2314 289 373

305 368 525 432 victus.
620 368 746 432 Cur
802 390 953 453 ergo
1009 370 1106 433 illi
1152 370 1460 434 molestus
1507 391 1643 434 esse
1689 370 1907 454 velim,
1966 390 2108 432 cum
2156 369 2316 432 mihi

307 456 411 520 ille
470 458 780 520 iucundus
837 479 974 521 esse
1027 480 1160 522 non
1212 459 1462 542 possit?
1535 457 1854 521 Voluntas
1910 461 2125 520 tamen
2179 457 2314 520 eius

303 544 461 607 mihi
520 549 705 630 grata
750 550 863 609 est.
955 544 1166 610 Unam
1210 568 1347 611 rem
1394 547 1474 609 ad
1519 568 1621 609 me
1669 546 2010 629 scripsisti3
2068 545 2144 608 de
2190 567 2316 628 qua

304 633 549 697 decrevi
593 632 755 696 nihil
802 635 925 698 tibi
970 634 1333 698 rescribere.
1409 633 1609 717 Spero
1659 635 1828 697 enim
1874 655 1975 697 me
2022 656 2059 696 a
2098 636 2164 696 te
2200 633 2315 696 im-

250 746 275 787 5
301 725 606 873 petrassel,
665 726 739 784 ut
783 723 1067 804 privares
1113 745 1215 786 me
1262 723 1391 787 ista
1436 723 1748 786 molestia.
1839 721 2039 785 Piliae
2084 724 2150 784 et
2196 721 2315 784 At-

302 809 465 875 ticae
511 832 580 873 sa
606 814 800 874 utem.

1175 984 1441 1052 XXVII.

732 1107 844 1163 Ser.
877 1107 1116 1162 Asturae
1153 1108 1216 1162 X
1249 1109 1323 1161 K.
1353 1109 1491 1176 Apr.
1522 1125 1574 1162 a.
1606 1112 1715 1163 709
1752 1111 1889 1177 (45).

904 1231 1192 1286 CICERO
1228 1231 1518 1287 ATTICO
1554 1232 1719 1287 SAL

224 1368 272 1405 ιο
432 1338 529 1404 Ι)6
576 1338 820 1403 Siliano
867 1340 1149 1424 negotiO,
1200 1340 1321 1404 etsi
1369 1340 1529 1404 mihi
1572 1361 1706 1403 non
1752 1344 1851 1404 est
1895 1340 2121 1442 ignota
2166 1361 2316 1405 con-
2355 1360 2379 1405 1

300 1429 484 1512 dicio,
529 1433 747 1492 tamen
789 1427 980 1491 hodie
1024 1450 1126 1491 me
1172 1450 1247 1492 ex
1296 1426 1477 1492 Sicca
1523 1428 1804 1492 arbitror
1851 1430 2066 1492 omnia
2101 1429 2315 1514 cogni-

300 1522 533 1580 turum.
626 1513 857 1580 Cottae
912 1517 1083 1599 quod
1137 1537 1334 1600 negas
1390 1521 1456 1580 te
1508 1538 1726 1601 nosse,
1780 1516 1953 1580 ultra
2008 1516 2316 1581 Silianam

301 1603 519 1668 villam
563 1608 680 1688 est,
726 1626 917 1687 quam
964 1608 1122 1686 puto
1169 1604 1294 1668 tibi
1339 1608 1561 1668 notam
1598 1626 1750 1688 esse,
1795 1604 2020 1668 villula
2059 1605 2316 1670 sordida

301 1696 366 1755 et
419 1691 602 1756 valde
657 1692 921 1777 pusilla,
981 1692 1077 1754 nil
1132 1692 1299 1777 agri,
1353 1693 1431 1755 ad
1485 1693 1764 1756 nullam
1783 1715 1917 1755 rem
1973 1693 2098 1756 loci
2156 1694 2314 1758 satis

223 1807 274 1847 15
304 1780 429 1844 nisi
473 1780 553 1843 ad
601 1802 758 1863 eam,
803 1802 994 1862 quam
1033 1802 1285 1863 quaero.
1364 1780 1610 1863 Sequor
1647 1781 2097 1845 celebritatem.
2173 1779 2317 1868 Sed,

301 1868 359 1931 si
421 1868 747 1950 perficitur
813 1869 888 1932 de
950 1867 1159 1931 hortis
1216 1867 1362 1954 Sili,
1425 1868 1548 1932 hoc
1610 1873 1708 1931 est
1768 1868 1823 1931 si
1877 1869 2129 1951 perficis
2187 1835 2317 1955 (est

302 1956 471 2020 enim
516 1960 728 2020 totum
774 1956 1061 2040 positum
1104 1957 1175 2021 in
1220 1955 1334 2044 te),
1377 1956 1542 2021 nihil
1588 1961 1685 2021 est
1732 1956 1993 2044 scilicet,
2029 1957 2201 2042 quod
2238 1958 2314 2022 de

302 2043 528 2110 Cottae
573 2046 943 2129 cogitemus

432 2131 531 2198 De
577 2131 897 2218 Cicerone,
940 2137 1014 2198 ut
1059 2134 1308 2218 scribis,
1352 2134 1445 2198 ita
1479 2134 1736 2217 faciam3
1781 2134 1908 2217 ipsi
1943 2135 2312 2216 permittam
2350 2153 2381 2199 2
2416 2177 2421 2183 -

219 2251 272 2289 20
298 2222 376 2285 de
420 2226 722 2304 tempore.
812 2186 1242 2286 Niimmorum
1290 2226 1601 2306 quantum
1648 2243 1809 2305 opus
1856 2223 1996 2306 erit,
2051 2226 2126 2286 ut
2170 2244 2313 2305 per-

299 2314 603 2394 mutetur,
647 2314 722 2373 tu
767 2310 1029 2374 videbis
1105 2310 1206 2374 Ex
1235 2310 1483 2396 Aledio,
1530 2311 1700 2394 quod
1747 2310 2007 2394 scribas,
2054 2311 2110 2373 si
2158 2310 2311 2392 quid

299 2399 617 2462 inveneris
627 2451 645 2482 ,
699 2399 953 2462 scribes
1045 2398 1136 2462 Et
1192 2419 1310 2483 ego
1359 2421 1435 2461 ex
1482 2400 1614 2462 tuis
1662 2398 2097 2462 animadverto
2142 2399 2311 2463 litte-

299 2488 388 2550 ris
436 2491 499 2550 et
543 2488 827 2569 profecto
875 2491 947 2550 tu
987 2509 1062 2551 ex
1099 2488 1259 2550 meis
1296 2486 1462 2549 nihil
1496 2486 1732 2551 habere
1770 2508 1908 2569 nOS,
1954 2487 2126 2570 quod
2164 2488 2311 2551 scri-

300 2574 545 2660 bamuS,
596 2575 812 2638 eadem
862 2575 1111 2658 cotidie,
1154 2597 1316 2659 quae
1366 2575 1497 2638 iam
1546 2577 1799 2658 iamque
1851 2576 1991 2657 ipsa
2032 2576 2311 2640 contrita

218 2690 271 2730 25
301 2667 468 2727 sunt.
558 2663 800 2727 Tamen
852 2664 1057 2726 facere
1111 2685 1244 2727 non
1288 2685 1581 2746 possum,
1638 2663 1795 2746 quin
1841 2663 2073 2726 cotidie
2120 2664 2199 2726 ad
2244 2667 2310 2727 te

298 2752 581 2835 mittam,
636 2756 710 2815 ut
754 2756 899 2815 tuas
947 2751 1266 2834 accipiam.
1361 2750 1457 2816 De
1503 2751 1707 2815 Bruto
1754 2754 1998 2834 tamen,
2054 2752 2109 2814 si
2158 2752 2310 2835 quid
2348 2771 2378 2818 3

297 2838 582 2903 habebis,
668 2837 829 2903 Sciri
876 2841 1045 2903 enim
1091 2840 1219 2902 iam
1266 2843 1445 2924 puto,
1490 2840 1604 2903 ubi
1648 2839 1921 2903 Pansam
1968 2844 2308 2922 exspectet.

300 2926 389 3011 Si,
434 2931 507 2990 ut
552 2928 943 2992 consuetudo
982 2933 1097 3011 est,
1143 2929 1211 2991 in
1247 2928 1456 3011 prima
1491 2928 1836 3011 provincia,
1882 2927 2132 2991 circiter
2168 2927 2310 2992 Kal.

300 3016 637 3079 adfuturus
684 3016 953 3080 videtur.
1026 3015 1277 3080 Vellem
1323 3016 1593 3099 tardius3
1639 3016 1824 3080 valde
1870 3016 2041 3079 enim
2085 3016 2312 3080 urbem

214 3132 272 3172 so
300 3103 480 3188 fugio
526 3105 763 3167 multas
813 3104 896 3168 ob
944 3126 1181 3168 causas
1272 3103 1501 3187 Itaque
1546 3104 1612 3166 id
1657 3104 1870 3187 ipsum
1916 3104 2170 3186 dubito,
2229 3126 2311 3167 an

299 3193 772 3256 excusationem
830 3193 1110 3276 aliquam
1171 3192 1250 3255 ad
1295 3192 1480 3256 illum
1526 3213 1770 3277 parem3
1836 3192 2007 3274 quod
2055 3192 2310 3274 quidem

300 3280 483 3344 video
530 3281 715 3344 facile
763 3303 916 3344 esse.
1003 3278 1125 3344 Sed
1170 3280 1479 3343 habemus
1527 3280 1683 3343 satis
1730 3281 2038 3362 temporis
2088 3279 2168 3343 ad
2206 3301 2311 3343 co—

298 3369 651 3453 gitandum.
743 3369 963 3455 Piliae,
1006 3368 1261 3433 Atticae
1309 3369 1599 3433 salutem.
