2642 3923
366 215 501 279 436
1012 213 1085 269 Μ.
1125 213 1340 267 TULLI
1375 211 1753 268 CICERONIS

367 380 687 422 rumorem
715 357 1010 421 adferunt
1037 378 1343 441 magnum
1359 355 1601 421 Romae
1632 357 1892 420 domum
1922 354 2005 418 ad
2029 354 2399 419 Antonium

365 447 762 509 frumentum
828 467 1013 509 omne
1059 446 1321 528 portari.
1409 446 1710 511 Πανικὸν
1765 449 1967 529 certe3
2025 444 2396 527 scripsisses

366 535 554 598 enim.
629 532 990 598 Corumbus
1019 533 1206 597 Balbi
1251 533 1470 597 nullus
1509 533 1727 597 adhuc.
1799 531 1926 596 Est
1960 533 2123 596 mihi
2158 536 2398 596 notum

367 644 627 707 nomen3
672 622 881 686 bellus
930 622 1100 686 enim
1146 643 1283 685 esse
1330 622 1564 685 dicitur
1608 621 2011 684 architectus,

499 710 604 773 Ad
632 710 1101 795 obsignandum
1126 714 1199 774 tu
1228 708 1556 774 adhibitus
1594 731 1727 773 non
1755 709 1890 773 sine
1917 730 2108 772 causa
2135 708 2394 772 videris,
2451 736 2480 776 5

367 797 617 862 Volunt
677 799 846 862 enim
898 819 1017 863 nos
1074 799 1167 861 ita
1222 801 1479 883 putare3
1522 799 1764 882 nesci0,
1824 819 1936 861 cur
1988 819 2120 861 non
2173 797 2393 861 animo

369 909 624 970 quoque
684 887 980 951 sentiant.
1083 884 1207 950 Sed
1268 885 1427 970 quid
1486 885 1643 950 haec
1706 886 1785 949 ad
1842 885 2006 949 nos?
2107 883 2395 949 Odorare

367 980 584 1039 tamen
628 972 877 1039 Antoni
932 976 1268 1059 ὃιάθεσινς
1335 996 1524 1057 quem
1569 973 1826 1058 quidem
1881 994 2000 1058 ego
2056 974 2395 1056 epularum

367 1063 573 1147 magis
631 1063 908 1127 arbitror
962 1063 1278 1127 rationem
1319 1061 1557 1127 habere
1603 1084 1794 1145 quam
1850 1062 2187 1146 quicquam
2235 1062 2396 1125 mali

368 1173 441 1215 co
497 1152 670 1215 ‘tare
2424 1177 2479 1216 ιο

445 1175 621 1324 81Ἰ“ι1,
657 1240 715 1303 si
733 1238 889 1321 quid
917 1239 1387 1323 pragmaticum
1414 1237 1704 1322 habebis,
1734 1237 1997 1321 scribes3
2028 1238 2130 1300 sin
2157 1237 2395 1321 minus,

369 1328 593 1411 populi
625 1327 1061 1411 ἐπισημασίαι]
1088 1331 1153 1390 et
1181 1327 1527 1390 mimorum
1557 1326 1725 1390 dicta
1742 1326 2140 1409 perscribito.
2188 1325 2396 1390 Piliae

366 1420 434 1480 et
478 1414 734 1480 Atticae
780 1416 1069 1479 salutem.

1318 1589 1431 1655 IV.

767 1711 884 1768 Ser.
924 1711 1175 1767 Lanwvii
1210 1713 1310 1767 IV
1337 1712 1424 1766 Id.
1455 1712 1592 1780 Apr.
1622 1730 1675 1767 a.
1707 1715 1817 1767 710
1846 1715 1980 1780 (44).
2146 1744 2154 1749 -
2432 1743 2476 1781 ,ᾗ

1008 1815 1263 1871 CICERO
1301 1816 1565 1872 ATTICO
1605 1817 1752 1871 SAL.

503 1941 833 2046 Numquid
867 1948 1058 2029 putas
1096 1966 1197 2007 me
1232 1943 1524 2009 Lanuvi?
1597 1943 1689 2008 At
1715 1963 1835 2027 ego
1871 1945 1937 2008 te
1973 1942 2123 2006 istic
2158 1942 2396 2007 cotidie

371 2031 617 2114 aliquid
676 2034 826 2097 novi
887 2033 1192 2117 suspicor.
1276 2032 1553 2097 Tument
1616 2032 1893 2116 negotia.
1983 2028 2182 2117 Nam,
2245 2054 2396 2096 cum

370 2120 639 2205 Matius,
700 2121 854 2204 quid
909 2143 1128 2185 censes
1175 2122 1468 2185 ceteros?
1557 2121 1876 2205 Equidem
1942 2119 2153 2202 doleo,
2219 2120 2391 2203 quod

369 2230 721 2291 numquam
767 2210 835 2272 in
880 2208 1012 2273 ulla
1058 2210 1317 2274 civitate
1366 2208 1620 2293 accidit,
1663 2231 1794 2272 non
1839 2230 1967 2271 una
2010 2229 2155 2271 cum
2200 2208 2384 2272 liber-
2416 2237 2473 2275 20

370 2299 505 2360 tate
559 2319 693 2361 rem
753 2298 1076 2381 publicam
1129 2301 1581 2380 recuperatam.
1663 2296 1995 2360 Horribile
2042 2301 2172 2380 est,
2228 2316 2390 2380 quae

370 2384 744 2469 loquantur,
791 2408 953 2469 quae
997 2386 1392 2450 minitentur.
1483 2386 1582 2449 Ac
1634 2406 1858 2449 vereor
1902 2383 2147 2448 Gallica
2195 2385 2393 2448 etiam

371 2472 570 2558 bella,
625 2474 761 2556 ipse
809 2473 1043 2538 Sextus
1092 2496 1217 2558 quo
1275 2474 1517 2538 evadat.
1612 2471 1735 2537 Sed
1782 2473 1998 2536 omnia
2050 2474 2200 2536 licet
2245 2495 2393 2537 con-

370 2565 649 2645 currant,
684 2560 836 2625 Idus
865 2562 1135 2626 Martiae
1163 2562 1593 2626 consolantur.
1668 2560 1896 2625 Nostri
1923 2553 2139 2625 autem
2164 2561 2393 2645 ἥρωες,

372 2649 545 2733 quod
589 2671 702 2733 per
738 2651 912 2733 ipsos
948 2650 1173 2715 confici
1217 2650 1452 2735 potuit,
1497 2650 1961 2733 gloriosissime
1999 2653 2064 2713 et
2100 2650 2392 2733 magnifi-
2422 2678 2479 2717 25

368 2738 732 2801 centissime
795 2738 1225 2821 confecerunt3
1291 2738 1576 2821 reliquae
1641 2759 1745 2803 res
1818 2758 1970 2821 opes
2043 2741 2109 2800 et
2170 2738 2390 2820 copias

370 2826 749 2911 desiderant,
786 2849 944 2927 quas
982 2826 1195 2890 nullas
1221 2826 1548 2890 habemus.
1620 2825 1797 2890 Haec
1834 2846 1953 2909 ego
1991 2825 2070 2887 ad
2106 2829 2189 2889 te.
2271 2825 2392 2908 Tu,

368 2914 428 2977 si
474 2913 629 2998 quid
671 2916 823 2979 novi
872 2912 1049 3000 (nam
1097 2914 1343 2978 cotidie
1375 2913 1620 2997 aliquid
1655 2911 2002 2998 exspecto),
2047 2914 2394 2977 confestim

367 3002 450 3065 ad
477 3024 595 3084 me,
634 3006 716 3085 et,
745 3003 802 3066 si
835 3003 989 3066 novi
1024 3002 1208 3086 nihil,
1243 3006 1470 3066 nostro
1507 3023 1684 3066 more
1711 3006 1928 3065 tamen
1962 3023 2042 3065 ne
2069 3002 2396 3084 patiamur

368 3090 715 3155 intermitti
759 3091 1099 3156 litterulas.
1182 3090 1505 3175 Equidem
1547 3112 1682 3155 non
1726 3090 2137 3154 committam.
2428 3119 2485 3158 so
