2642 3923
335 195 469 260 534
979 193 1051 247 M.
1090 191 1305 247 TULLI
1340 189 1713 247 CICERONIS

1289 421 1399 488 XI.

740 543 852 601 Sor.
882 547 945 600 in
981 545 1174 600 casm-ia
1209 560 1289 599 ex.
1321 561 1391 598 m.
1419 544 1550 598 Iwn.
1580 561 1632 599 a.
1666 547 1771 599 711
1812 546 1950 613 (43).

920 666 1205 723 BRUTUS
1242 664 1582 722 CICERONI
1619 665 1766 721 SAL.

266 793 298 845 1
467 775 725 843 Veteris
780 775 1032 842 Antisti
1075 775 1227 840 talis
1272 776 1526 839 animus
1574 778 1673 840 est
1718 775 1789 838 in
1830 796 1969 840 rem
2011 773 2372 871 publicam,

336 869 413 931 ut
454 887 587 930 non
631 864 940 949 dubitem,
985 863 1143 948 quin
1188 867 1252 928 et
1295 864 1368 927 in
1412 861 1683 928 Caesare
1727 866 1792 928 et
1835 884 1909 929 m
1952 861 2242 928 Antonio
2291 885 2369 928 se
2427 890 2456 931 ε

338 957 779 1039 praestaturus
823 952 1021 1016 fuerit
1067 952 1446 1017 acerrimum
1489 955 2038 1037 propugnatorem
2075 971 2369 1016 commu-

338 1042 444 1107 nis
488 1041 838 1126 libertatis,
893 1041 951 1104 si
995 1040 1315 1105 occasioni
1361 1040 1683 1123 potuisset
1728 1060 2074 1104 occurrere.
2164 1036 2366 1124 Nam,

341 1130 453 1215 qui
514 1131 585 1194 in
637 1093 884 1194 Achaia.
945 1148 1327 1213 congressus
1391 1149 1529 1192 eum
1586 1126 1924 1192 Dolabella
1977 1127 2217 1191 milites
2266 1131 2369 1192 at-

342 1240 466 1302 que
524 1218 772 1301 equites
826 1216 1107 1281 habente
1164 1216 1436 1300 quodvis
1492 1216 1667 1281 adire
1720 1215 2072 1299 periculum
2138 1237 2216 1280 ex
2264 1216 2365 1278 in-

343 1306 523 1370 sidiis
585 1303 979 1388 paratissimi
1041 1304 1121 1368 ad
1183 1304 1402 1369 omnia
1460 1304 1734 1367 latronis
1797 1303 2097 1369 maluerit
2162 1326 2364 1386 quam
2393 1330 2450 1370 ιο

338 1394 541 1459 videri
604 1396 716 1457 aut
779 1397 1037 1458 coactus
1100 1413 1241 1457 esse
1303 1392 1640 1475 pecuniam
1702 1391 1852 1456 dare
1914 1395 2027 1456 aut
2078 1389 2365 1456 libenter

340 1481 589 1546 dedisse
631 1481 882 1545 homini
923 1480 1321 1563 nequissimo
1369 1483 1563 1564 atque
1608 1480 2107 1565 improbissime,
2150 1480 2208 1543 is
2246 1502 2364 1544 no-

339 1570 441 1634 bis
510 1568 684 1633 ultro
752 1572 818 1634 et
881 1568 1209 1653 pollicitus
1271 1571 1371 1632 est
1440 1571 1504 1632 et
1559 1568 1733 1632 dedit
1786 1586 1886 1632 xx
1936 1565 2048 1633 HS
2105 1589 2185 1632 ex
2242 1590 2364 1632 sua

339 1658 609 1742 pecunia
662 1660 756 1742 et,
810 1657 983 1741 quod
1034 1656 1241 1721 multo
1297 1656 1507 1721 carius
1566 1660 1690 1740 est,
1744 1677 1812 1720 se
1855 1657 2068 1740 ipsum
2116 1656 2363 1720 obtulit

269 1762 305 1811 2
343 1751 408 1810 et
453 1744 803 1810 coniunxit.
876 1743 1046 1809 Huic
1070 1744 1469 1828 ‘persuadere
1515 1745 1852 1828 cupiimus,
1895 1747 1971 1807 ut
2005 1744 2365 1827 imperator
2388 1770 2442 1810 ιε

340 1835 410 1899 ιιι
455 1833 684 1899 castris
727 1836 1083 1897 remaneret
1118 1854 1379 1934 remque
1415 1832 1737 1916 publicam
1772 1832 2152 1896 defenderet
2218 1831 2361 1897 Sta-

340 1922 470 1988 tuit
523 1922 592 1987 id
650 1921 777 1986 sibi
821 1920 858 1963 '¹‘
894 1920 960 2007 ³¹²,
1018 1921 1324 2006 quoniam
1368 1920 1719 1986 exercitum
1760 1920 2126 1986 dimisisset.
2219 1919 2357 1986 Sta·

339 2011 463 2075 tim
515 2031 667 2075 vero
713 2009 1072 2074 rediturum
1116 2009 1196 2073 ad
1239 2031 1361 2074 nos
1406 2009 1810 2074 confirmavit
1853 2010 2179 2094 legatione
2225 2031 2351 2073 sus-

340 2102 545 2183 cepta,
578 2098 705 2162 nisi
753 2101 1125 2182 praetorum
1172 2097 1435 2162 comitia
1469 2096 1758 2162 habituri
1792 2101 2006 2162 essent
2043 2097 2351 2162 consules.

341 2184 513 2250 Nam
582 2185 681 2249 illi
751 2186 847 2250 ita
908 2186 1212 2251 sentienti
1274 2185 1354 2249 de
1413 2206 1485 2250 re
1546 2185 1805 2268 publica
1865 2206 2101 2271 magno
2168 2207 2359 2268 opere
2387 2210 2441 2250 ao

341 2278 565 2339 auctor
608 2274 722 2358 fui,
764 2295 846 2338 ne
892 2273 1176 2338 differret
1219 2278 1477 2357 tempus
1524 2273 1857 2356 petitionis
1904 2295 2072 2338 suae.
2155 2271 2362 2337 Cuius

339 2363 583 2427 factum
618 2362 918 2427 omnibus
955 2365 1215 2446 gratum
1250 2382 1390 2425 esse
1418 2362 1627 2446 debet,
1654 2361 1767 2445 qui
1792 2361 1983 2426 modo
2011 2361 2363 2425 iudicarint

338 2449 511 2515 hunc
547 2450 897 2514 exercitum
932 2470 1072 2515 esse
1106 2450 1336 2514 utilem
1370 2450 1465 2513 rei
1501 2449 1812 2534 publicae,
1838 2449 1963 2514 tibi
1990 2453 2174 2514 tanto
2214 2469 2360 2533 gra-

339 2538 490 2622 tius,
536 2541 780 2622 quanto
824 2538 1066 2602 maiore
1111 2541 1176 2601 et
1223 2537 1437 2602 animo
1474 2537 1808 2622 gloriaque
1841 2537 2209 2603 libertatem
2240 2558 2359 2602 no-

341 2629 543 2691 stram
572 2625 855 2691 defendis
884 2629 950 2690 et
976 2626 1310 2711 dignitate,
1339 2626 1398 2690 si
1417 2626 1769 2710 contigerit
1792 2626 2038 2690 nostris
2067 2625 2361 2690 consiliis
2394 2652 2450 2692 ιε

339 2713 583 2799 exitus,
643 2734 833 2797 quem
893 2718 1217 2815 optamus,
1275 2714 1726 2797 perfuncturus
1774 2735 1858 2778 es.
1949 2714 2094 2799 Ego
2141 2713 2367 2798 etiam,

337 2801 432 2865 mi
468 2766 710 2886 Cicero,
755 2803 1013 2885 proprie
1057 2802 1585 2886 familiariterque
1630 2807 1696 2866 te
1732 2823 1910 2887 rog0,
1954 2806 2029 2866 ut
2053 2800 2365 2866 Veterem

339 2909 514 2953 ames
559 2888 847 2973 velisque
893 2911 1032 2954 esse
1078 2911 1272 2974 quam
1315 2890 1805 2974 amplissimum3
1853 2890 1965 2974 qui
2011 2890 2136 2953 etsi
2177 2890 2368 2954 nulla

338 2998 407 3041 re
471 2977 777 3041 deterreri
839 2998 877 3042 a
934 2978 1270 3062 proposito
1329 2982 1574 3063 potest,
1636 2981 1850 3042 tamen
1907 2977 2173 3041 excitari
2224 2978 2367 3043 tuis

337 3064 635 3128 laudibus
682 3065 1210 3150 indulgentiaque
1247 3066 1507 3149 poterit,
1553 3088 1681 3149 quo
1718 3066 1924 3151 magis
1962 3066 2372 3149 amplexetur
2402 3093 2461 3134 ao

339 3174 413 3217 ac
456 3156 715 3217 tueatur
759 3154 1066 3219 iudicium
1113 3176 1315 3218 suum.
1406 3153 1482 3219 Id
1526 3154 1687 3218 mihi
1731 3154 2171 3240 gratissimum
2219 3155 2369 3220 erit.
