2642 3923
603 207 1118 264 EPISTULARUM
1153 210 1253 263 AD
1291 210 1616 266 ATTICUM
1651 211 1727 264 XI
1767 216 1921 266 1—3.
2178 210 2307 273 325

425 352 694 416 Tardius
760 353 839 417 ad
900 356 966 417 te
1018 354 1237 418 remisi
1293 353 1729 441 tabellarium,
1793 355 1965 439 quod
2019 357 2303 437 potestas
2342 370 2374 416 4

291 440 589 505 mittendi
643 462 773 505 non
827 441 969 505 fuit.
1064 442 1122 504 A
1175 442 1308 506 tuis
1367 447 1432 507 et
1484 465 1894 507 nummorum
1940 442 2151 526 accepi
2192 440 2305 505 HS

292 532 438 595 ffx
494 533 583 614 et,
638 528 1169 594 vestimentorum
1224 531 1396 614 quod
1448 552 1610 615 opus
1657 531 1799 595 fuit.
1891 529 2136 606 Quibus
2183 528 2308 594 tibi

291 618 632 702 videbitur,
678 617 871 682 velim
916 617 1025 681 des
1071 619 1323 683 litteras
1375 641 1516 683 meo
1553 620 1825 683 nomine.
1899 617 2094 683 Nosti
2130 639 2306 682 meos

239 731 264 770 5
290 706 651 770 familiares
729 705 804 770 Si
848 706 1105 790 signum
1151 707 1478 790 requirent
1525 707 1635 771 aut
1680 729 1957 792 manum,
2003 707 2169 771 dices
2206 728 2305 770 me

292 799 557 878 propter
601 793 921 859 custodias
968 816 1042 858 ea
1087 796 1342 860 vitasse.

1237 969 1353 1036 ΠΙ.

608 1090 721 1147 Ser.
752 1092 816 1146 in
851 1094 1045 1148 castris
1081 1093 1310 1161 Pompei
1344 1093 1431 1147 Id.
1462 1093 1591 1146 Iun.
1621 1109 1673 1146 a.
1705 1095 1816 1146 706
1854 1095 1994 1161 (48).

928 1214 1185 1271 CICERO
1222 1214 1485 1269 ATTICO
1525 1214 1672 1269 SAL.

210 1349 265 1388 10
425 1322 591 1399 Quid
642 1323 749 1388 hic
803 1329 1060 1410 agatur,
1115 1324 1276 1388 scire
1324 1324 1566 1407 poteris
1613 1345 1690 1387 ex
1737 1345 1837 1409 eo,
1898 1325 2009 1407 qui
2053 1323 2305 1387 litteras

292 1412 530 1477 attulit.
614 1411 813 1487 Quem
859 1412 1102 1477 diutius
1150 1412 1348 1497 tenui,
1393 1413 1544 1495 quia
1589 1412 1822 1476 cotidie
1868 1412 2111 1496 aliquid
2154 1413 2306 1476 novi

291 1501 842 1586 exspectabamus3
887 1522 1094 1586 neque
1137 1522 1308 1565 nunc
1353 1499 1650 1563 mittendi
1696 1504 1913 1564 tamen
1946 1501 2081 1564 ulla
2116 1522 2306 1564 causa

289 1590 416 1654 fuit
469 1593 723 1673 praeter
776 1611 915 1653 eam
924 1642 942 1674 ,
996 1590 1072 1653 de
1132 1611 1258 1673 qua
1302 1589 1426 1652 tibi
1473 1587 1740 1652 rescribi
1785 1588 2079 1674 voluisti,
2135 1589 2306 1673 quod

292 1678 371 1742 ad
404 1676 548 1741 Kal.
587 1676 837 1752 Quinct.
876 1678 1173 1761 pertinet,
1212 1678 1368 1760 quid
1404 1677 1647 1751 vellem.
1713 1675 2075 1761 Utrumque
2112 1698 2304 1761 grave

213 1789 265 1831 ιε
292 1770 406 1851 est,
461 1770 524 1830 et
579 1769 714 1829 tam
767 1765 948 1850 gravi
1003 1769 1292 1849 tempore
1337 1765 1692 1848 periculum
1735 1769 1954 1828 tantae
1999 1766 2304 1847 pecuniae

291 1859 357 1918 et
420 1853 615 1918 dubio
681 1876 892 1918 rerum
960 1854 1139 1918 exitu
1192 1853 1347 1938 ista,
1411 1874 1604 1936 quam
1663 1852 1919 1938 scribis,
1985 1852 2303 1937 abruptio,

291 1941 498 2019 Quare
551 1945 626 2007 ut
672 1942 797 2006 alia
844 1942 941 2006 sic
978 1940 1103 2007 hoc
1147 1942 1249 2006 vel
1292 1942 1567 2005 maxime
1612 1945 1761 2005 tuae
1807 1963 1990 2007 curae
2034 1940 2304 2006 benevo-

288 2031 651 2113 lentiaeque
696 2032 1001 2113 permitto
1049 2035 1113 2095 et
1159 2031 1335 2094 illius
1383 2030 1650 2095 consilio
1698 2034 1764 2093 et
1808 2031 2156 2114 voluntati3
2201 2031 2304 2095 cui

289 2119 558 2184 miserae
603 2119 1069 2183 consuluissem
1112 2118 1361 2202 meliuS,
1408 2119 1464 2182 si
1506 2123 1716 2182 tecum
1755 2119 1910 2181 olim
1945 2140 2159 2182 coram
2194 2141 2304 2202 po·

212 2233 264 2272 zo
290 2209 422 2272 tius
482 2229 676 2292 quam
732 2229 847 2291 per
902 2207 1154 2271 litteras
1216 2207 1293 2271 de
1353 2207 1560 2270 salute
1617 2213 1841 2271 nostra
1899 2206 2304 2292 fortunisque

289 2296 820 2361 deliberavissem.

2346 1341 2370 1385 1

423 2382 605 2460 Quod
647 2405 845 2469 negas
880 2384 1293 2468 praecipuum
1331 2383 1490 2447 mihi
1536 2382 1740 2446 ullum
1776 2384 1848 2447 in
1883 2384 2305 2448 communibus
2339 2399 2370 2444 2
2424 2442 2435 2447 ,

289 2471 707 2537 incommodis
762 2472 1153 2557 impendere,
1208 2472 1332 2536 etsi
1387 2473 1515 2535 ista
1569 2493 1669 2535 res
1726 2491 1853 2536 non
1897 2470 2062 2535 nihil
2105 2471 2302 2536 habet

290 2560 750 2626 consolationis
766 2612 782 2644 ,
874 2565 1088 2625 tamen
1171 2561 1366 2624 etiam
1440 2560 1780 2643 praecipua
1852 2559 2058 2625 multa
2108 2564 2301 2645 sunt,

211 2675 262 2714 25
290 2671 454 2733 quae
514 2653 589 2713 tu
642 2650 929 2732 profecto
983 2648 1157 2713 vides
1214 2652 1278 2712 et
1334 2649 1713 2733 gravissima
1768 2669 1905 2711 esse
1961 2652 2025 2711 et
2069 2669 2171 2713 me
2215 2649 2302 2712 fa-

289 2737 523 2802 cillime
586 2738 789 2802 vitare
842 2737 1145 2820 potuisse.
1237 2735 1336 2800 Ea
1396 2740 1613 2799 tamen
1657 2739 1844 2799 erunt
1889 2736 2166 2818 minora,
2229 2737 2302 2821 si,

287 2831 358 2890 ut
402 2824 605 2889 adhuc
648 2825 889 2890 factum
935 2829 1052 2910 est,
1112 2824 1667 2888 administratione
1711 2829 1770 2888 et
1812 2824 2145 2908 diligentia
2189 2828 2302 2888 tua

286 2913 685 2978 lavabuntur.

420 2999 697 3066 Pecunia
760 3000 929 3085 apud
990 3000 1346 3084 Egnatium
1409 3004 1521 3064 est.
1615 2998 1715 3063 Sit
1779 3022 1817 3063 a
1868 3021 1997 3085 me,
2060 3004 2133 3063 ut
2187 3003 2301 3064 est.

209 3116 263 3155 :zo
289 3088 515 3175 Neque
560 3090 730 3154 enim
770 3089 938 3191 'hoen
961 3088 1132 3172 quod
1178 3088 1410 3173 agitur,
1454 3088 1706 3151 videtur
1753 3089 2124 3152 diuturnum
2165 3109 2303 3152 esse

286 3200 502 3264 posse,
564 3181 640 3242 ut
699 3177 858 3242 scire
918 3177 1046 3240 iam
1108 3176 1386 3262 possim,
1440 3176 1594 3259 quid
1647 3177 1920 3240 maxime
1976 3196 2137 3259 opus
2198 3176 2299 3240 sit.

286 3265 435 3331 Etsi
480 3287 635 3351 egeo
683 3266 873 3330 rebus
920 3264 1235 3350 omnibus,
1280 3265 1508 3347 quod
1489 3286 1546 3328 ls
1585 3286 1840 3348 quoque
1877 3265 1947 3329 in
1983 3264 2301 3349 angustiis

287 3360 404 3439 est,
469 3355 728 3439 quicum
791 3375 1037 3437 sumus3
1109 3353 1212 3417 cui
1268 3373 1569 3437 magnam
1624 3352 1912 3416 dedimus
1968 3352 2300 3436 pecuniam

285 3448 577 3508 mutuam
641 3443 975 3526 opinantes
1039 3441 1227 3505 nobis
1293 3441 1667 3504 constitutis
1721 3441 1912 3504 rebus
1969 3461 2108 3503 eam
2165 3461 2301 3504 rem

205 3558 258 3599 ³5
287 3532 482 3597 etiam
524 3531 756 3596 honori
800 3530 953 3595 fore.
1036 3529 1151 3615 Tu,
1197 3533 1273 3593 ut
1319 3533 1509 3593 antea
1553 3529 1783 3613 fecisti,
1829 3527 2040 3611 velim,
2087 3527 2141 3589 si
2188 3527 2301 3610 qui
