2642 3923
216 723 242 770 1

279 153 408 218 376
920 152 994 205 Μ.
1033 151 1249 206 TULLI
1285 149 1661 205 CICERONIS

1192 347 1390 412 XXX.

699 469 812 524 Ser.
840 470 1082 524 Asturae
1126 470 1217 523 VI
1248 469 1319 523 K.
1351 470 1487 538 Apr.
1519 486 1570 523 a.
1604 472 1713 524 709
1751 472 1889 537 (45).

886 591 1174 648 CICERO
1210 591 1502 647 ATTICO
1537 591 1702 647 SAL.

417 701 683 785 Quaem,
729 700 900 784 quod
946 701 1026 765 ad
1073 706 1138 765 te
1184 701 1478 787 scribam,
1524 700 1632 765 sed
1669 700 1834 764 nihil
1871 705 1983 765 est.
2059 702 2298 767 Eadem

289 791 536 855 cotidie.
612 788 796 864 Quod
831 788 1178 853 Lentulum
1216 789 1457 867 invisis,
1494 789 1675 853 valde
1713 794 1984 875 gratum.
2059 789 2298 856 Pueros
2356 821 2384 862 5

286 879 568 943 attribue
613 878 688 962 ei,
734 881 894 961 quot
940 881 1004 941 et
1049 899 1211 962 quos
1257 877 1595 942 videbitur.
1669 875 1767 941 De
1806 876 1924 941 Sili
1968 879 2300 944 voluntate

287 966 599 1031 vendendi
647 970 712 1030 et
757 966 834 1029 de
879 988 982 1049 eo,
1036 966 1289 1050 quanti,
1345 970 1421 1030 tu
1465 966 1671 1030 vereri
1716 966 1966 1050 videriS,
2020 968 2297 1050 primum

284 1077 365 1120 ne
418 1055 610 1140 nolit,
672 1054 894 1118 deinde
948 1075 1029 1118 ne
1089 1055 1272 1118 tanti.
1368 1052 1548 1119 Sicca
1593 1054 1805 1138 aliter3
1872 1055 1981 1118 sed
2027 1055 2148 1119 tibi
2197 1057 2299 1119 ad-

286 1145 543 1208 sentior.
636 1141 870 1228 Quare,
931 1146 1005 1206 ut
1068 1143 1127 1206 ei
1178 1142 1448 1227 placuit,
1512 1142 1739 1227 scripsi
1794 1142 1877 1207 ad
1928 1143 2299 1228 Egnatium.

287 1232 473 1309 Quod
517 1230 715 1296 Silius
769 1235 835 1294 te
890 1252 1036 1294 cum
1081 1228 1307 1294 Clodio
1363 1230 1544 1314 loqui
1588 1231 1757 1317 vult,
1820 1234 2006 1316 potes
2052 1232 2120 1297 id
2161 1255 2303 1297 mea
2332 1263 2388 1303 ιο

285 1321 619 1384 voluntate
676 1319 908 1400 facere,
973 1319 1496 1403 commodiusque
1550 1323 1650 1384 est
1696 1341 1917 1406 quam,
1976 1320 2147 1404 quod
2191 1322 2301 1386 ille

288 1432 325 1473 a
370 1431 472 1472 me
518 1408 701 1491 petit,
745 1428 848 1470 me
892 1408 1106 1489 ipsum
1152 1407 1428 1471 scribere
1475 1408 1553 1471 ad
1599 1406 1913 1473 Clodium.
1988 1407 2086 1473 De
2129 1432 2303 1474 man-

287 1497 470 1580 cipiis
532 1494 946 1560 Castricianis
1002 1495 1593 1560 commodissimum
1648 1518 1788 1561 esse
1851 1498 2037 1562 credo
2092 1501 2305 1563 trans-

285 1585 461 1670 igere
505 1583 885 1669 Egnatium,
940 1583 1111 1667 quod
1167 1584 1396 1648 scribis
1451 1589 1517 1647 te
1575 1584 1669 1648 ita
1721 1585 2015 1649 futurum
2059 1591 2302 1669 putare.

288 1671 451 1738 Cum
496 1671 683 1757 Ovia,
739 1693 1002 1755 quaeSO,
1057 1672 1201 1736 vide
1246 1677 1319 1736 ut
1366 1673 1758 1737 conficiatur.
1851 1672 2184 1756 Quoniam,
2230 1679 2305 1739 ut
2333 1703 2388 1744 ιε

288 1762 534 1844 scribiS,
578 1782 708 1824 nox
756 1764 911 1845 erat,
963 1761 1033 1824 in
1077 1760 1387 1824 hodierna
1433 1761 1711 1844 epistula
1755 1762 1941 1846 plura
1986 1767 2302 1846 exspecto,

1182 1971 1413 2037 XXXI.

705 2095 818 2149 Ser.
846 2095 1088 2148 Asturae
1122 2094 1221 2148 IV
1252 2095 1327 2147 K.
1356 2094 1495 2162 Apr.
1524 2112 1578 2149 a.
1608 2098 1719 2149 709
1756 2098 1894 2164 (45).

891 2216 1181 2271 CICERO
1215 2216 1508 2272 ATTICO
1544 2217 1709 2273 SAL.

423 2327 654 2392 Silium
691 2329 975 2389 mutasse
1012 2326 1397 2389 sententiam
1437 2325 1617 2390 Sicca
1653 2326 2024 2392 mirabatur.
2107 2328 2305 2411 Equi·
2335 2358 2391 2396 20

289 2415 432 2479 dem
487 2414 693 2500 magis
753 2412 980 2498 miror,
1035 2413 1233 2496 quod,
1292 2436 1437 2477 cum
1492 2415 1559 2478 in
1605 2415 1812 2478 filium
1859 2437 2112 2480 causam
2160 2438 2305 2481 con·

288 2504 512 2588 ferret,
574 2524 736 2587 quae
800 2500 960 2564 mihi
1017 2523 1149 2565 non
1211 2502 1454 2565 iniusta
1517 2503 1772 2566 videtur
1835 2501 2060 2588 (habet
2116 2506 2305 2590 enim,

289 2592 545 2676 qualem
611 2589 807 2673 vult),
881 2589 974 2652 ais
1034 2594 1099 2652 te
1168 2594 1426 2674 putare,
1509 2591 1564 2654 si
1621 2591 2045 2656 addiderimus
2112 2593 2307 2679 aliud,

290 2703 327 2744 a
373 2702 500 2764 quo
547 2679 844 2762 refugiat,
889 2699 1032 2741 cum
1072 2677 1150 2740 ab
1190 2678 1331 2760 ipso
1371 2644 1434 2740 id
1472 2679 1666 2742 fuerit
1704 2679 2114 2767 destinatum,
2158 2703 2305 2746 ven—

289 2768 589 2832 diturum.
683 2766 947 2843 Quaeris
996 2788 1032 2828 a
1078 2788 1199 2850 me,
1249 2767 1420 2848 quod
1468 2789 1783 2831 summum
1835 2769 2113 2851 pretium
2160 2792 2306 2834 con-
2334 2798 2385 2839 25

291 2856 556 2920 stituam
618 2859 682 2920 et
738 2858 1049 2939 quantum
1109 2855 1353 2918 anteire
1399 2856 1560 2919 istos
1604 2856 1832 2920 hortos
1879 2855 2093 2921 Drusi.
2185 2858 2305 2922 Ac-

290 2944 453 3009 cessi
497 2966 875 3027 numquam3
922 2940 1362 3025 Coponianam
1406 2944 1626 3007 villam
1665 2949 1729 3008 et
1766 2949 2045 3009 veterem
2084 2952 2140 3011 et
2170 2968 2306 3011 non

288 3054 587 3117 magnam
649 3033 829 3114 novi,
895 3032 1121 3094 silvam
1174 3031 1484 3115 nobilem,
1545 3032 1828 3097 fructum
1883 3038 2096 3098 autem
2152 3055 2306 3099 neu-

290 3122 474 3205 triuS,
522 3120 688 3204 quod
737 3125 952 3184 tamen
997 3123 1157 3202 puto
1202 3141 1323 3183 nos
1371 3120 1531 3184 scire
1578 3126 1888 3204 oportere.
1975 3121 2098 3187 Sed
2142 3122 2303 3187 mihi

290 3210 521 3274 utrivis
556 3210 831 3272 istorum
868 3211 1154 3290 tempore
1190 3209 1396 3293 magis
1434 3230 1576 3272 meo
1607 3232 1799 3293 quam
1835 3210 2086 3274 ratione
2119 3212 2305 3275 aesti-
2333 3239 2393 3280 so

289 3296 503 3360 mandi
559 3301 726 3360 sunt.
818 3295 1070 3360 Possim
1126 3299 1341 3360 autem
1401 3296 1661 3380 adsequi
1721 3319 1948 3385 necne,
1992 3303 2065 3363 tu
2110 3300 2303 3363 velim

289 3385 550 3467 cogites.
665 3383 733 3448 Si
813 3384 981 3447 enim
1053 3382 1482 3449 Faberianum
1552 3386 1916 3471 venderem,
1989 3387 2305 3471 explicare

289 3472 392 3534 vel
461 3472 1044 3554 repraesentatione
1115 3493 1246 3535 non
1320 3473 1681 3538 dubitarem
1754 3476 1830 3539 de
1895 3475 2181 3559 Silianis,
2247 3477 2304 3541 si
