2642 3923
288 3344 320 3390 3

351 182 483 245 250
988 181 1063 235 Μ.
1101 181 1314 235 TULLI
1352 179 1729 236 CICERONIS

350 325 545 390 maris
592 324 931 409 apiscendi,
975 345 1057 389 ne
1102 325 1158 389 is
1206 325 1463 408 quidem
1510 325 1646 390 scit.
1738 323 2005 409 Ignorat
2050 328 2245 388 etiam
2291 325 2368 388 de

351 414 502 478 filio.
596 414 793 477 Addit
846 413 1008 477 illud
1064 435 1214 477 sane
1271 413 1639 496 molestum,
1693 412 2028 496 pecuniam
2074 411 2366 476 Domitio

353 503 509 566 satis
567 503 900 587 grandem,
966 524 1159 585 quam
1217 502 1274 566 is
1336 499 1580 566 Corfini
1638 500 1962 582 habuerit,
2028 522 2162 565 non
2231 522 2368 565 esse

351 590 678 654 redditam.
783 588 882 654 De
947 589 1222 654 Lentulo
1288 594 1503 654 autem
1561 588 1728 653 nihil
1792 589 2098 654 audimus.
2193 588 2369 653 Haec

351 678 542 742 velim
589 678 886 761 exquiras
935 679 1015 743 ad
1059 700 1287 761 meque
1333 677 1710 761 perscribas.
2427 704 2451 744 5

1289 853 1430 919 XV.

705 974 818 1031 Ser.
857 974 1101 1029 Formiis
1145 973 1200 1028 V
1229 975 1380 1030 Non.
1419 975 1595 1031 Mart.
1633 994 1685 1031 a.
1726 980 1837 1032 705
1874 978 2011 1045 (49).

957 1097 1245 1153 CICERO
1280 1097 1569 1152 ATTICO
1605 1097 1769 1153 SAL.

485 1206 560 1271 A.
601 1207 657 1271 d.
696 1225 743 1271 v
778 1205 1002 1271 Nonas
1040 1205 1308 1270 Martias
1348 1207 1657 1289 epistulas
1695 1207 1857 1271 mihi
1893 1212 2040 1273 tuas
2068 1206 2367 1293 Aegypta

352 1295 651 1380 reddidit,
707 1317 898 1358 unam
944 1299 1249 1377 veterem,
1305 1312 1410 1358 1111
1455 1293 1597 1358 Kal.
1645 1316 1837 1379 quam
1881 1301 1949 1360 te
1994 1295 2223 1361 scribis
2268 1297 2454 1362 de·10

353 1385 522 1448 disse
566 1382 854 1468 Pinari0,
914 1405 1104 1484 quem
1155 1404 1291 1447 non
1343 1381 1648 1468 vidimus3
1708 1384 1778 1446 in
1836 1406 1962 1485 qua
2022 1389 2369 1469 exspectas,

356 1472 658 1557 quidnam
704 1471 1090 1554 praemissus
1147 1475 1298 1556 agat
1343 1469 1700 1555 Vibullius,
1756 1473 1869 1556 qui
1924 1473 2183 1537 omnino
2236 1494 2371 1537 non

355 1565 454 1625 est
501 1562 674 1624 visus
722 1582 759 1623 a
808 1558 1076 1624 Caesare
1123 1557 1229 1647 (id
1284 1559 1486 1623 altera
1541 1561 1819 1643 epistula
1863 1560 2047 1626 video
2095 1566 2161 1625 te
2206 1562 2368 1626 scire

355 1650 448 1713 ita
509 1646 715 1734 esse),
781 1653 845 1713 et
913 1669 1102 1732 quem
1171 1647 1251 1712 ad
1307 1648 1569 1712 modum
1627 1650 1998 1713 redeuntem
2057 1649 2369 1733 excipiam

355 1735 710 1822 Caesarem,
756 1757 945 1820 quem
992 1736 1253 1801 omnino
1299 1737 1504 1800 vitare
1548 1737 1783 1822 cogito,
1828 1741 1892 1802 et
1936 1735 2454 1805 Automedon-1⁵

355 1825 441 1890 tis
478 1826 698 1910 fugam
733 1824 1014 1890 intendis
1058 1825 1748 1909 commutationemque
1783 1824 1954 1891 vitae
1994 1830 2162 1910 tuae,
2199 1827 2371 1910 quod

355 1913 478 1979 tibi
533 1917 691 1998 puto
748 1935 884 1979 esse
938 1913 1326 1999 faciendum,
1357 1917 1446 1980 .et
1500 1913 1787 1999 ignoraS,
1842 1913 2168 1979 Domitius
2224 1936 2371 1980 cum

357 2003 718 2068 fascibusne
779 2004 880 2066 sit.
973 2000 1153 2078 Quod
1211 2025 1358 2067 cum
1417 2002 1576 2066 scies
1586 2052 1605 2085 ,
1662 2003 1884 2087 facies,
1944 2008 2017 2067 ut
2078 2005 2368 2069 sciamus.

356 2091 575 2156 Habes
623 2091 702 2154 ad
746 2092 1017 2174 primam
1065 2091 1422 2176 epistulam.

492 2178 758 2244 Secutae
804 2182 953 2243 sunt
1001 2181 1158 2245 duae
1203 2201 1296 2262 pr.
1344 2178 1486 2242 Kal.
1533 2178 1757 2243 ambae
1803 2180 2013 2265 datae,
2061 2203 2223 2264 quae
2267 2204 2370 2245 me
2400 2208 2455 2247 20

357 2267 794 2332 convellerunt
839 2267 916 2330 de
961 2268 1236 2349 pristino
1285 2271 1459 2331 statu
1505 2267 1627 2330 iam
1678 2271 1919 2353 tamen,
1973 2273 2047 2332 ut
2094 2275 2244 2333 ante
2290 2270 2372 2334 ad

356 2361 422 2420 te
481 2355 733 2438 scripsi,
799 2355 1139 2419 labantem.
1237 2353 1376 2419 Nec
1433 2377 1534 2419 me
1597 2359 1839 2440 movet,
1907 2358 2082 2440 quod
2141 2357 2368 2422 scribis

357 2444 517 2509 Iovi
565 2443 692 2527 ipsi
737 2442 1070 2526 iniquum'.
1144 2441 1209 2507 N
1211 2465 1314 2506 am
1359 2444 1712 2527 periculum
1760 2444 1829 2508 in
1872 2445 2209 2529 utriusque
2250 2446 2369 2510 ira-

356 2533 584 2598 cundia
628 2531 914 2615 positum
962 2534 1077 2614 est,
1122 2532 1394 2596 victoria
1438 2535 1653 2595 autem
1698 2532 1819 2601 ita.
1836 2532 2104 2616 incerta,
2151 2539 2223 2597 ut
2269 2534 2370 2599 de-

355 2620 556 2685 terior
629 2641 820 2685 causa
892 2620 1178 2703 paratior
1240 2619 1400 2683 mihi
1465 2642 1601 2684 esse
1664 2621 1968 2685 videatur.
2068 2620 2203 2687 Nec
2267 2645 2369 2686 me
2400 2649 2455 2690 25

356 2709 648 2774 consules
713 2712 997 2791 movent,
1074 2709 1183 2791 qui
1247 2709 1374 2791 ipsi
1437 2710 1656 2791 pluma
1718 2711 1830 2772 aut
1893 2709 2052 2773 folio
2116 2710 2369 2775 facilius

357 2801 716 2861 moventur.
808 2795 1018 2860 Officii
1067 2819 1168 2860 me
1214 2797 1588 2862 deliberatio
1644 2797 1884 2861 cruciat
1937 2798 2370 2882 cruciavitque

357 2885 577 2949 adhuc.
673 2883 938 2949 Cautior
983 2889 1153 2949 certe
1200 2889 1296 2950 est
1341 2886 1617 2969 mansio,
1670 2883 2003 2949 honestior
2049 2887 2371 2951 existima-

358 2979 466 3038 tur
524 2973 834 3038 traiectio.
939 2972 1111 3037 Malo
1180 2974 1528 3056 interdum,
1586 2974 1776 3036 multi
1833 2995 1935 3039 me
1991 2995 2124 3039 non
2186 2980 2371 3040 caute

358 3084 548 3145 quam
608 3061 795 3145 pauci
853 3082 985 3125 non
1041 3060 1311 3127 honeste
1369 3062 1595 3126 fecisse
1640 3061 2024 3128 existiment.
2114 3062 2213 3128 De
2256 3062 2370 3127 Le·
2399 3091 2457 3131 ao

357 3151 507 3234 pido
568 3154 633 3214 et
678 3149 867 3214 Tullo
929 3151 1101 3233 quod
1159 3150 1440 3235 quaeris,
1499 3149 1597 3213 illi
1655 3171 1807 3215 vero
1864 3172 1997 3215 non
2056 3151 2372 3238 dubitant,

360 3239 515 3322 quin
546 3236 802 3302 Caesari
836 3242 1093 3321 praesto
1132 3238 1392 3303 futuri
1374 3260 1443 3302 m
1481 3242 1896 3321 senatumque
1932 3239 2186 3304 venturi
2223 3241 2369 3305 sint.

490 3325 953 3390 Recentissima
1011 3332 1125 3391 tua
1182 3330 1281 3391 est
1341 3326 1617 3410 epistula
1674 3326 1815 3391 Kal.
1872 3328 2048 3413 data,
2116 3328 2185 3392 in
2245 3349 2372 3412 qua

361 3417 547 3496 optas
604 3434 1012 3496 congressum
1069 3436 1415 3498 pacemque
1468 3436 1601 3480 non
1657 3416 1970 3499 desperas.
2030 3380 2187 3482 Sed
2232 3438 2371 3519 ego,

360 3522 503 3563 cum
559 3500 714 3563 haec
773 3501 1152 3584 scribebam,
1210 3525 1329 3568 nec
1388 3503 1534 3568 illos
1594 3524 2049 3588 congressuros
2109 3526 2253 3590 nec,
2314 3506 2366 3570 si
2400 3533 2458 3574 85
