2642 3923
534 223 1051 278 EPISTULARUM
1087 224 1187 276 AD
1223 223 1549 278 ATTICUM
1584 224 1713 278 XIV
1752 226 2034 278 16-17Α,
2162 224 2294 288 453

413 365 704 432 Ciceroni
761 388 932 453 mco,
989 367 1081 431 mi
1138 366 1383 451 Attice,
1453 368 1920 454 suppeditabist,
1981 372 2294 452 quantum
2331 383 2365 433 ὅ

278 455 626 538 videbitur,
706 477 934 540 meque
1004 455 1128 520 hoc
1200 456 1325 519 tibi
1399 477 1561 520 onus
1636 457 1961 540 imponere
2034 457 2293 539 patiere.

280 542 454 619 Quae
516 543 721 608 adhuc
783 545 1020 628 fecisti,
1091 543 1254 607 mihi
1320 549 1473 609 sunt
1536 545 1921 630 gratissima.
2026 543 2294 608 Librum
2332 561 2364 608 6

278 655 493 696 meum
545 632 732 697 illum
787 632 1147 697 ἀνέκδοτον
1199 631 1512 717 nondum,
1567 637 1642 697 ut
1693 632 1899 718 volui,
1952 632 2293 717 perpolivi3

227 746 253 786 5
281 721 407 785 ista
451 742 623 807 vero,
677 744 839 805 quae
882 725 957 784 tu
1000 720 1256 785 contexi
1299 721 1416 805 viS,
1463 721 1636 785 aliud
1682 722 2000 804 quoddam
2047 742 2295 804 separa-

278 814 419 873 tum
479 809 782 873 volumen
844 812 1231 892 exspectant.
1332 808 1478 894 Ego
1542 813 1782 893 autem,
1847 810 2064 873 credas
2133 809 2295 873 mihi

276 898 497 983 velim,
549 898 796 962 minore
851 896 1134 981 periculo
1191 896 1490 961 existimo
1546 902 1771 962 contra
1823 897 1969 961 illas
2015 898 2294 961 nefarias

278 990 492 1069 partes
540 986 687 1050 vivo
734 990 1010 1069 tyranno
1058 986 1181 1049 dici
1228 986 1518 1068 potuisse
1567 1008 1758 1070 quam
1806 990 2079 1050 mortuo.
2172 984 2293 1049 Ille

278 1075 449 1137 enim
492 1074 708 1138 nescio
758 1096 885 1158 quo
931 1077 1120 1156 pacto
1165 1074 1413 1138 ferebat
1448 1095 1550 1137 me
1588 1074 1845 1159 quidem
1882 1074 2294 1159 mirabiliter3

198 1188 252 1227 ιο
276 1184 471 1246 nunc,
528 1184 925 1246 quacumque
978 1184 1097 1226 nos
1153 1162 1615 1227 commovimus
1624 1213 1641 1246 ,
1698 1163 1778 1226 ad
1825 1160 2116 1227 Caesaris
2162 1183 2295 1225 non

277 1250 469 1315 modo
506 1255 665 1336 acta,
701 1272 923 1314 verum
961 1251 1156 1314 etiam
1193 1252 1480 1336 cogitata
1515 1273 1904 1316 revocamur.
1978 1249 2075 1314 De
2113 1248 2294 1319 Mon-

275 1344 449 1426 tan0,
495 1339 796 1423 quoniam
841 1338 1130 1402 Flamma
1173 1341 1370 1424 venit,
1414 1338 1680 1404 videbis.
1772 1337 1939 1403 Put'o
1984 1361 2122 1402 rem
2166 1360 2294 1402 me·

276 1428 438 1492 liore
481 1428 624 1492 loco
671 1449 807 1491 esse
854 1427 1099 1490 debere.

973 1601 1032 1665 A
1061 1633 1145 1655 =
1174 1603 1318 1665 fam.
1359 1602 1454 1667 IX
1504 1604 1603 1668 14.

199 1733 250 1774 ιε
575 1723 689 1778 Ser.
718 1725 782 1777 in
819 1723 1154 1791 Pompeiano
1201 1724 1255 1777 V
1282 1724 1432 1778 Non.
1465 1724 1610 1778 Mai.
1641 1742 1692 1778 a.
1725 1727 1834 1778 710
1872 1727 2008 1793 (44).

632 1846 888 1902 CICERO
926 1845 1404 1900 DOLABELLAE
1444 1845 1590 1901 COS.
1623 1846 1758 1901 SUO
1799 1847 1946 1901 SAL.

411 1955 559 2021 Etsi
596 1960 935 2020 contentus
974 1978 1165 2041 eram,
1199 1956 1290 2019 mi
1327 1954 1683 2040 Dolabella,
1711 1958 1825 2020 tua
1861 1955 2071 2043 gloria
2108 1955 2293 2020 satis-

279 2066 402 2128 que
448 2067 525 2108 ex
571 2066 645 2108 ea
690 2066 991 2131 magnam
1032 2044 1346 2108 laetitiam
1383 2044 1910 2128 voluptatemque
1947 2044 2290 2128 capiebam,

276 2137 493 2197 tamen
537 2155 670 2197 non
713 2154 975 2215 possum
1019 2153 1151 2197 non
1197 2133 1487 2197 confiteri
1525 2132 1837 2196 cumulari
1871 2154 1974 2196 me
2010 2133 2290 2196 maximo

198 2247 252 2286 20
280 2222 533 2307 gaudio,
578 2222 753 2305 quod
795 2222 992 2308 vulgo
1038 2220 1373 2285 hominum
1423 2221 1639 2304 opinio
1688 2221 1930 2285 socium
1967 2242 2068 2284 me
2105 2221 2291 2284 ascri-

278 2310 390 2374 bat
436 2310 566 2373 tuis
613 2309 928 2373 laudibuS.
1001 2307 1340 2372 Neminem
1385 2310 1652 2373 conveni
1699 2306 2036 2394 (convenio
2075 2312 2291 2373 autem

277 2398 509 2462 cotidie
581 2397 912 2481 plurimoS.
1022 2397 1188 2461 Sunt
1253 2398 1424 2461 enim
1487 2398 1788 2481 permulti
1857 2398 2086 2480 optimi
2148 2397 2291 2483 viri,

279 2487 389 2570 qui
448 2486 835 2550 valetudinis
882 2507 1071 2550 causa
1115 2486 1185 2549 in
1228 2485 1386 2550 haec
1430 2484 1571 2550 loca
1616 2486 1901 2571 veniant3
1962 2489 2291 2569 praeterea

279 2596 355 2638 ex
408 2574 776 2657 municipiis
821 2574 1186 2657 frequentes
1230 2574 1572 2638 necessarii
1618 2573 1791 2660 mei),
1850 2574 2010 2657 quin
2056 2595 2292 2660 omneS,

198 2687 251 2727 25
279 2684 424 2727 cum
483 2667 547 2726 te
608 2662 876 2726 summis
921 2662 1217 2726 laudibus
1265 2661 1345 2725 ad
1390 2662 1636 2726 caelum
1684 2662 2076 2744 extulerunt,
2131 2627 2292 2725 mihi'

279 2751 583 2815 continuo
655 2749 964 2814 maximas
1036 2751 1278 2835 gratias
1353 2753 1564 2835 agant.
1664 2748 1924 2836 Negant
1988 2750 2160 2815 enim
2225 2773 2290 2814 se

281 2839 600 2925 dubitare,
656 2840 814 2923 quin
866 2843 941 2902 tu
995 2838 1155 2901 meis
1202 2839 1557 2922 praeceptis
1606 2843 1670 2902 et
1715 2838 2000 2903 consiliis
2048 2839 2291 2902 obtem-

277 2949 507 3010 perans
566 2926 1192 3010 praestantissimum
1238 2930 1303 2990 te
1350 2927 1552 2991 civem
1599 2930 1664 2991 et
1710 2928 2101 3011 singularem
2147 2948 2290 2991 con-

280 3016 485 3079 sulem
521 3015 843 3097 praebeas
908 3013 1154 3089 Quibus
1193 3035 1312 3100 ego
1353 3036 1744 3098 quamquam
1781 3015 2112 3079 verissime
2147 3037 2291 3098 pos-

196 3129 251 3169 30
280 3125 424 3168 sum
485 3103 867 3186 respondere
928 3107 1021 3186 te,
1086 3124 1247 3186 quae
1310 3103 1535 3186 facias,
1599 3108 1714 3167 tuo
1767 3103 2002 3167 iudicio
2060 3107 2126 3167 et
2177 3110 2291 3167 tua

279 3195 507 3276 sponte
552 3192 758 3256 facere
802 3212 918 3255 nec
963 3191 1341 3291 cuiusquam
1379 3212 1563 3275 egere
1600 3192 1890 3276 consili0,
1934 3195 2150 3255 tamen
2184 3213 2290 3255 ne-

278 3302 401 3364 que
437 3281 648 3382 ’plane
707 3279 1056 3365 adsentior,
1106 3301 1187 3343 ne
1243 3280 1622 3343 imminuam
1675 3284 1855 3343 tuam
1900 3279 2179 3362 laudem,
2235 3280 2291 3343 si

277 3369 487 3432 omnis
534 3391 573 3432 a
616 3368 776 3432 meis
824 3332 1108 3431 consiliis
1155 3369 1438 3450 profecta
1483 3368 1802 3453 videatur,
1854 3389 2061 3451 neque
2106 3366 2290 3431 valde

274 3478 458 3542 negO.
551 3455 708 3520 Sum
755 3457 923 3519 enim
969 3455 1215 3520 avidior
1261 3457 1482 3541 etiam,
1537 3478 1729 3540 quam
1776 3456 1934 3519 satis
1983 3459 2098 3538 est,
2156 3455 2291 3539 glo-

192 3570 248 3612 35
275 3546 423 3610 riae.
515 3545 605 3609 Et
648 3549 866 3609 tamen
909 3566 1042 3609 non
1086 3544 1366 3608 alienum
1413 3550 1511 3608 est
1559 3545 1872 3628 dignitate
1918 3546 2059 3627 tua,
2120 3542 2295 3626 quod
