2642 3923
346 183 476 247 412
986 185 1058 238 M.
1097 184 1313 240 TULLI
1349 185 1726 242 CICERONIS

1252 416 1454 480 XXV.

629 536 744 593 Sor.
774 539 837 591 in
880 538 1194 593 Tusculano
1230 538 1329 592 IV
1359 539 1448 593 Id.
1492 538 1676 608 Quint.
1708 556 1759 593 a.
1792 542 1902 593 709
1940 542 2077 605 (45).

952 660 1241 717 CICERO
1275 659 1567 717 ATTICO
1601 659 1768 715 SAL.

278 786 307 834 1
479 766 577 832 De
621 767 1054 850 Andromene,
1118 774 1193 834 ut
1249 769 1506 852 scribis,
1565 769 1659 833 ita
1712 772 2024 851 putaram.
2119 768 2363 835 Scisses

275 874 309 923 2
347 857 516 921 enim
571 857 860 940 mihique
905 858 1192 923 dixisses,
1283 857 1382 922 Tu
1427 862 1644 922 tamen
1686 858 1780 920 ita
1826 857 1987 921 mihi
2033 859 2110 923 de
2154 857 2362 924 Bruto
2420 885 2450 925 ⁵

347 945 599 1028 scribis,
653 949 729 1009 ut
782 945 857 1009 de
911 950 977 1009 te
1028 945 1211 1010 nihil.
1303 945 1568 1022 Quando
1625 949 1839 1010 autem
1893 942 2080 1009 illum
2124 951 2312 1030 putas
2328 949 2362 1012 ⁴?

343 1033 410 1099 N
412 1056 516 1098 am
570 1054 689 1118 ego
735 1033 1010 1098 Romam
1063 1035 1266 1117 pridie
1319 1033 1490 1099 Idus.
1583 1033 1787 1098 Bruto
1842 1034 1936 1098 ita
1987 1035 2166 1098 volui
2212 1036 2362 1099 scri-

345 1123 495 1187 bere
551 1121 717 1207 (sed,
780 1122 1080 1205 quoniam
1125 1126 1200 1186 tu
1244 1127 1311 1186 te
1357 1123 1588 1207 legisse
1635 1122 1863 1186 scribis
1872 1172 1890 1205 ,
1944 1122 2040 1186 fui
2085 1123 2361 1187 fortasse

347 1208 836 1296 ἀσαφέστερος),
881 1231 983 1275 188
1019 1231 1096 1275 ex
1133 1211 1265 1274 tuis
1301 1210 1540 1275 litteris
1576 1211 1971 1274 intellexisse
2005 1211 2180 1275 nolle
2215 1233 2363 1275 eum

346 1321 448 1363 me
503 1298 687 1381 quasi
741 1298 1166 1381 prosequendi
1212 1300 1313 1362 sui
1360 1320 1552 1364 881188
1595 1297 1868 1362 Romam
1911 1320 2084 1363 nunc
2127 1300 2359 1364 venire.
2389 1326 2445 1364 10

347 1385 497 1469 Sed,
552 1387 856 1470 quoniam
899 1386 1028 1450 iam
1073 1388 1252 1451 adest
1295 1409 1477 1452 meus
1524 1388 1861 1472 adventus,
1913 1387 2045 1471 fac,
2105 1409 2360 1471 quaese,

343 1496 426 1539 ne
471 1474 626 1558 quid
672 1496 818 1538 eum
844 1472 996 1538 Idus
1033 1475 1403 1562 impediant,
1449 1497 1577 1560 quo
1614 1475 1828 1539 minus
1868 1497 1986 1539 suo
2024 1476 2359 1540 commodo

343 1563 414 1626 in
457 1562 818 1627 Tusculano
874 1563 976 1627 sit.
1067 1563 1205 1629 Nec
1258 1564 1429 1628 enim
1474 1565 1554 1628 ad
1598 1563 1886 1628 tabulam
1933 1585 2077 1628 eum
2122 1563 2361 1629 deside—

342 1655 602 1715 raturus
662 1673 835 1715 eram
890 1649 990 1736 (in
1042 1652 1160 1715 tali
1216 1653 1386 1716 enim
1430 1653 1693 1737 negotio
1740 1673 1851 1715 8111·
1897 1655 1971 1715 tu
2017 1673 2183 1716 unus
2226 1674 2362 1717 non

347 1740 505 1804 satis
570 1736 738 1826 es‘?),
803 1740 913 1803 sed
966 1739 1048 1804 ad
1099 1744 1558 1805 testamentum
1615 1740 1940 1826 volebam,
2005 1739 2175 1824 quod
2229 1740 2360 1805 iam
2389 1765 2440 1805 15

343 1828 513 1891 malo
569 1827 696 1891 alio
735 1827 861 1911 die,
915 1849 996 1892 ne
1042 1828 1126 1892 ob
1172 1849 1312 1893 eam
1358 1850 1614 1893 causam
1658 1827 1931 1893 Romam
1974 1828 2226 1892 venisse
2271 1830 2362 1892 vi-

345 1916 510 1981 dear.
603 1915 839 2000 Scripsi
899 1916 1101 2002 igitur
1155 1917 1236 1982 ad
1281 1915 1559 1982 Brutum
1614 1917 1742 1981 iam
1788 1916 1974 2000 illud,
2033 1917 2205 2000 quod
2247 1939 2361 2002 pu·

344 2009 609 2091 tassem,
676 2004 896 2069 Idibus
954 2004 1120 2069 nihil
1178 2027 1342 2089 opus
1400 2028 1553 2070 esse.
1657 2004 1874 2070 Velim
1933 2025 2087 2090 ergo
2146 2010 2362 2070 totum

342 2093 467 2158 hoc
511 2093 604 2157 ita
647 2093 984 2179 gubernes,
1029 2098 1103 2157 ut
1147 2116 1229 2158 ne
1274 2093 1540 2159 minima
1586 2094 1843 2178 quidem
1887 2114 1956 2157 re
2002 2094 2135 2157 ulla
2171 2093 2361 2158 Bruti

344 2181 746 2247 commodum
793 2182 1227 2264 impediamus.
2392 2208 2444 2247 20

275 2284 309 2334 8
479 2267 603 2334 Sed
647 2269 801 2353 quid
847 2274 945 2333 est
989 2270 1263 2352 tandem,
1319 2270 1491 2354 quod
1536 2269 2003 2355 perhorrescas,
2049 2269 2200 2354 quia
2245 2274 2360 2335 tuo

342 2357 625 2441 periculo
682 2358 938 2422 iubeam
990 2358 1193 2423 libros
1240 2358 1379 2422 dari
1424 2357 1748 2422 Varroni}>
1821 2358 2041 2422 Etiam
2085 2380 2259 2423 nunc
2306 2360 2361 2423 si

344 2446 618 2528 dubitas,
671 2446 790 2530 fac,
845 2449 921 2509 ut
966 2446 1255 2511 sciamus.
1348 2445 1535 2511 Nihil
1580 2451 1675 2510 est
1720 2447 1890 2512 enim
1934 2446 2066 2510 illis
2113 2446 2363 2530 elegan-

342 2535 490 2599 tius.
580 2533 750 2599 Volo
796 2532 1178 2617 Varronem,
1230 2535 1607 2619 praesertim
1663 2556 1808 2599 cum
1854 2534 1964 2599 ille
2010 2534 2364 2620 desideret3

345 2623 456 2688 sed
502 2627 616 2706 881,
660 2626 735 2686 111
782 2622 923 2705 8818,
2393 2650 2447 2690 2⁶

473 2745 715 2821 εδεινὸς
761 2745 954 2831 ἀνήρ·
1028 2747 1192 2830 τάχα
1236 2770 1353 2811 κεν
1396 2743 1507 2811 καὶ
1554 2745 1856 2811 ἀναίτιον
1902 2746 2247 2833 αἰτιόῳτο)

341 2886 444 2952 Ita
496 2886 656 2951 mihi
702 2907 889 2970 saepe
935 2886 1212 2951 occurrit
1256 2887 1476 2951 vultus
1529 2887 1666 2951 eius
1714 2886 2041 2988 querentis
2084 2887 2365 2951 fortasse

341 2976 444 3040 vel
495 2976 644 3057 hoc,
705 2996 877 3039 meas
931 2974 1135 3058 partis
1189 2975 1259 3038 in
1312 2975 1394 3039 118
1453 2974 1639 3039 libris
1697 2974 2020 3058 copiosius
2066 2974 2362 3039 defensas

343 3084 479 3127 esse
533 3085 725 3147 quam
760 3084 959 3164 81188,
1023 3063 1194 3148 quod
1238 3062 1597 3128 mehercule
1641 3084 1776 3128 non
1818 3085 1955 3128 8888
1999 3064 2363 3148 intelleges,

343 3152 400 3216 81
458 3152 709 3236 quando
755 3151 823 3215 in
881 3150 1156 3234 Epirum
1208 3151 1473 3216 veneris.
1572 3149 1741 3216 Nam
1793 3173 1965 3216 nunc
2022 3151 2362 3217 Alexionis
2395 3180 2454 3220 so

345 3239 639 3323 epistulis
694 3239 991 3304 8811118118.
1084 3238 1210 3304 Sed
1261 3244 1481 3305 tamen
1535 3260 1654 3325 ego
1711 3261 1845 3304 non
1900 3238 2166 3323 despero
2213 3261 2363 3323 pro-

344 3327 567 3391 batum
623 3327 706 3391 iri
750 3326 1030 3391 Varroni
1084 3332 1149 3391 et
1191 3328 1284 3412 id,
1340 3328 1643 3413 quoniam
1689 3329 2042 3429 impensam
2089 3328 2362 3392 fecimus

342 3414 412 3478 in
455 3415 861 3496 macrocolla,
916 3414 1099 3479 facile
1142 3417 1358 3499 patior
1403 3417 1623 3481 teneri.
1717 3413 1857 3501 Sed,
1919 3416 2114 3481 etiam
2162 3419 2362 3500 atque

341 3503 535 3565 etiam
580 3503 739 3587 dico,
786 3507 900 3567 tuo
947 3504 1229 3586 periculo
1275 3506 1404 3569 fiet.
1497 3503 1722 3590 Quare,
1769 3505 1825 3569 si
1871 3504 2230 3590 addubitas,
2277 3505 2362 3569 ad
