2642 3923
586 225 1100 280 EPISTULARUM
1135 225 1233 278 AD
1271 223 1598 280 ATTICUM
1632 224 1734 278 XV
1775 230 2000 278 11—13.
2185 223 2312 286 477

302 370 680 452 κατηχήσει,
737 368 955 452 magni
1009 369 1262 432 consilii
1309 372 1425 433 est.
1515 368 1802 432 Vitricus
1852 368 2107 451 quidem
2151 367 2317 430 nihil

206 489 211 494 ·
305 457 630 540 censebat3
678 477 868 540 quem
913 454 1190 521 Asturae
1235 456 1530 520 vidimus,
1625 455 1747 520 Sed
1791 460 2005 520 tamen
2053 455 2315 519 alendus

305 548 404 609 est
449 548 533 631 et,
576 550 652 608 ut
695 544 863 607 nihil
908 544 1099 630 aliud,
1153 544 1235 608 ab
1281 543 1569 610 Antonio
1616 545 2060 628 seiungenduS.
2150 542 2316 606 Mar-

305 632 500 697 cellus
574 632 921 716 praeclare,
995 632 1051 696 si
1113 633 1425 716 praecipit
1487 633 1534 712 †
1577 637 1800 696 nostro
1863 631 2089 696 nostri.
2196 629 2314 694 Cui

252 747 277 787 5
307 721 564 805 quidem
609 720 720 783 ille
765 720 1017 784 deditus
1062 721 1222 784 mihi
1270 720 1621 784 videbatur.
1703 720 1946 783 Pansae
1993 724 2206 783 autem
2254 723 2317 782 et

305 808 523 872 Hirtio
582 830 715 872 non
776 808 968 871 nimis
1029 809 1342 873 credebat.
1432 808 1616 872 Bona
1666 808 1941 891 indoles,
2006 808 2122 873 ἐὰν
2175 809 2317 872 δια-

304 901 513 983 μείνῃ.

1220 1070 1397 1136 ΧΠΙ.

596 1192 709 1249 Scr.
739 1194 803 1248 in
839 1193 1144 1248 Puteolano
1189 1192 1350 1245 VIII
1378 1193 1453 1247 K.
1485 1193 1625 1247 Nov.
1655 1210 1707 1247 a.
1738 1196 1849 1247 ⁷10
1886 1195 2022 1260 (44).

224 1329 279 1369 10
907 1313 1194 1369 CICERO
1229 1314 1521 1368 ATTICO
1555 1315 1720 1370 SAL.

436 1441 563 1487 vm
608 1422 750 1486 Kal.
799 1423 955 1486 duas
1012 1446 1049 1486 a
1101 1427 1167 1487 te
1215 1424 1426 1505 accepi
1472 1423 1799 1506 epistulas
1888 1421 2314 1506 Respondebo
2356 1440 2381 1486 1

303 1512 505 1596 igitur
550 1511 751 1594 priori
787 1511 984 1595 prius
1057 1509 1404 1575 Adsentior
1439 1511 1580 1594 tibi,
1625 1516 1697 1574 ut
1733 1532 1850 1574 nec
1886 1511 2073 1575 duces
2112 1511 2314 1574 simus

302 1622 419 1663 nec
464 1620 694 1684 agmen
739 1620 1062 1683 cogamuS‚
1106 1599 1432 1662 faveamus
1479 1603 1709 1662 tamen.
1784 1598 2155 1663 Orationem
2191 1599 2315 1662 tibi

303 1688 468 1751 misi.
578 1687 740 1751 Eius
823 1686 1272 1750 custodiendae
1354 1690 1418 1750 et
1490 1687 1901 1771 proferendae
1974 1687 2315 1750 arbitrium

225 1804 276 1843 ιε,
305 1780 505 1840 tuum.
599 1773 722 1839 Sed
769 1775 1019 1857 quando
1066 1774 1245 1838 illum
1297 1774 1493 1860 diem,
1550 1796 1695 1838 cum
1730 1779 1805 1837 tu
1850 1775 2155 1838 edendam
2198 1797 2312 1858 pu·

304 1864 446 1928 tes?
519 1861 809 1927 Indutias
865 1884 1023 1946 quas
1079 1863 1334 1947 scribiS‚
1388 1884 1520 1925 non
1572 1863 1876 1947 intellego
1922 1863 2064 1927 fieri
2107 1884 2312 1945 posse.
2350 1880 2381 1925 2

303 1952 533 2017 Melior
587 1956 685 2015 est
739 1951 1304 2035 ἀναντιφωνησιά;
1370 1974 1495 2035 qua
1549 1973 1650 2014 me
1707 1974 1973 2015 usurum
2018 1951 2311 2015 arbitror.

305 2040 489 2116 Quod
552 2040 779 2104 scribis
838 2041 1122 2124 legiones
1183 2040 1339 2103 duas
1395 2039 1809 2103 Brundisium
1863 2040 2139 2126 venisse,
2196 2061 2311 2103 vos

307 2129 518 2192 omnia
562 2128 759 2211 prius,
843 2126 1095 2191 Scribes
1140 2128 1362 2212 igitur,
1409 2127 1714 2211 quicquid
1758 2128 2052 2191 audieris.
2154 2127 2312 2191 Var-
2351 2146 2381 2192 3

225 2245 277 2283 20
303 2217 480 2281 ronis
544 2217 862 2298 διάλογον
923 2220 1237 2299 exspecto.
1337 2215 1476 2279 Iam
1527 2216 1732 2298 probo
1789 2217 2311 2300 ‘Hooexstsc'dstom

303 2305 679 2389 praesertim
736 2326 880 2367 cum
936 2308 1009 2367 tu
1063 2308 1245 2367 tanto
1302 2325 1491 2386 opere
1540 2304 1872 2387 delectere3
1937 2304 2073 2390 sed,
2127 2304 2312 2387 quale

303 2393 483 2477 Velm,
527 2392 719 2456 velim
766 2393 940 2456 scire.
1015 2390 1199 2466 Quod
1245 2392 1324 2455 ad
1367 2396 1432 2456 te
1480 2395 1666 2455 antea
1711 2396 1904 2475 atque
1942 2392 2096 2455 adeo
2133 2392 2312 2475 prius

305 2481 532 2564 scripsi
577 2477 697 2564 (sic
741 2481 912 2544 enim
955 2480 1210 2565 mavis),
1255 2480 1334 2543 ad
1380 2480 1783 2543 scribendum
1818 2481 1864 2563 †
1882 2480 2001 2544 tibi
2041 2502 2187 2544 vere
2224 2481 2313 2544 di-

304 2591 443 2633 cere
497 2568 707 2632 fecisti
761 2591 862 2632 me
919 2568 1307 2633 alacriorem.
1398 2568 1501 2631 Ad
1545 2572 1730 2632 tuum
1776 2569 1946 2632 enim
1990 2568 2312 2653 iudicium,

225 2685 275 2725 25
306 2657 475 2740 quod
518 2656 681 2723 mihi
717 2661 856 2720 erat
890 2660 1135 2739 notum,
1181 2656 1482 2719 addidisti
1516 2655 1827 2720 Peducaei
1863 2658 2310 2721 auctoritatem

302 2767 600 2828 magnam
649 2744 904 2827 quidem
952 2744 1119 2826 apud
1163 2765 1259 2808 me
1303 2748 1369 2808 et
1414 2744 1486 2806 in
1527 2745 1753 2827 primis
1800 2764 2076 2829 gravem.
2158 2744 2310 2808 Eni-

302 2837 406 2896 tar
451 2833 668 2918 igitur‚
712 2854 792 2896 ne
839 2832 1151 2895 desideres
1198 2835 1309 2895 aut
1355 2832 1737 2895 industriam
1772 2855 1979 2896 meam
2025 2837 2137 2895 aut
2174 2833 2310 2896 dili-

304 2921 605 3006 gentiam.
694 2919 1097 3006 Vettienum,
1153 2924 1228 2983 ut
1283 2920 1537 3004 scribiS‚
1591 2924 1657 2983 et
1709 2919 2051 2984 Faberium
2104 2921 2308 2986 foveo.

305 3007 600 3072 Clodium
664 3007 828 3071 nihil
884 3008 1163 3071 arbitror
1215 3008 1565 3092 malitios03
1629 3029 2017 3091 quamquam
2068 3046 2153 3054 —
2201 3010 2310 3073 sed

225 3124 277 3164 so
305 3096 476 3180 quod
528 3096 747 3180 egerit.
837 3094 934 3160 De
986 3095 1286 3160 libertate
1339 3096 1697 3180 retinenda,
1752 3118 1878 3180 qua
1932 3100 2100 3160 certe
2143 3097 2309 3160 nihil

304 3189 402 3250 est
446 3184 710 3268 dulcius,
755 3184 879 3247 tibi
926 3184 1263 3248 adsentior.
1335 3182 1518 3249 Itane
1564 3182 1632 3248 C.
1669 3183 1929 3249 Annio?
2010 3185 2063 3249 Ο
2105 3184 2306 3249 homi-

299 3295 448 3338 nem
492 3274 792 3355 nequam!
866 3273 1017 3355 quid
1066 3272 1237 3335 enim
1282 3272 1487 3336 dicam
1534 3273 1749 3336 aliud?
1823 3270 2094 3337 Cautum
2145 3272 2308 3336 Mar—

301 3360 560 3426 cellum!
606 3382 708 3423 me
753 3359 859 3445 sic,
907 3360 1019 3424 sed
1059 3382 1193 3424 non
1237 3364 1451 3424 tamen
1497 3360 1954 3424 cautissimum.

431 3447 740 3533 Longiori
768 3448 1078 3531 epistulae
1105 3449 1543 3531 superiorique
1570 3448 1888 3531 respondi.
1952 3446 2141 3513 Nunc
2169 3447 2306 3512 bre-
2343 3465 2377 3512 4

222 3562 273 3605 ³5
297 3537 464 3602 viori
498 3537 912 3621 propiorique
949 3536 1102 3621 quid
1146 3536 1560 3619 respondeam
1597 3536 1725 3599 nisi
1761 3557 1901 3600 eam
1935 3535 2136 3598 fuisse
2173 3536 2308 3598 dul-
