2642 3923
636 209 1148 265 EPISTULARUM
1184 210 1283 263 AD
1323 209 1649 265 ATTICUM
1683 210 1760 264 XI
1796 216 1845 278 6,
1888 215 1934 265 7.
2166 209 2295 273 329

281 353 474 418 modo
512 354 589 418 de
624 354 1070 440 conservanda,
1099 355 1208 418 sed
1245 354 1439 418 etiam
1476 354 1552 419 de
1590 353 1879 438 augenda
1915 375 2058 417 mea
2094 353 2296 437 digni·

283 446 420 506 tate
454 463 640 507 curae
676 443 834 529 fore,
868 464 1095 526 meque
1130 443 1492 527 hortantur,
1520 445 1594 505 ut
1629 462 1865 526 magno
1903 441 2116 506 animo
2158 442 2297 525 sim,

284 533 359 594 ut
412 530 627 595 omnia
680 553 930 595 summa
984 537 1247 614 sperem.
1338 531 1437 595 Ea
1498 530 1840 616 spondent,
1898 530 2294 594 confirmant.

285 618 460 694 Quae
504 618 762 702 quidem
796 618 957 683 mihi
995 618 1426 703 exploratiora
1463 622 1694 704 essent,
1739 618 1796 681 si
1833 618 2292 683 remansissem.

233 732 259 773 5
287 704 410 770 Sed
463 707 686 792 ingero
742 708 1114 793 praeterita,
1177 707 1347 793 vide,
1402 728 1665 791 quaeso,
1719 706 1922 790 igitur
1979 728 2077 791 ea,
2133 729 2294 791 quae

285 798 549 879 restant,
596 800 662 860 et
708 796 971 879 explora
1013 817 1158 860 cum
1203 795 1349 859 istis
1397 799 1476 880 et,
1524 795 1582 859 si
1624 795 1884 878 putabis
1933 816 2093 878 opus
2141 816 2296 880 esse,

288 886 351 947 et
398 883 454 947 si
498 884 642 947 istis
688 883 985 967 placebit,
1031 904 1158 968 quo
1204 884 1410 968 magis
1455 884 1696 947 factum
1730 886 2026 948 nostrum
2065 881 2296 947 Caesar

287 971 518 1055 probet
564 972 749 1056 quasi
795 972 872 1035 de
918 992 1180 1036 suorum
1217 971 1536 1036 sententia
1570 972 1829 1055 factum,
1874 971 2296 1035 adhibeantur

287 1059 662 1145 Trebonius,
705 1059 932 1146 Pansa,
977 1061 1033 1124 si
1079 1061 1191 1144 qui
1227 1060 1356 1144 alii,
1402 1060 1808 1143 scribantque
1846 1060 1926 1123 ad
1962 1057 2297 1125 Gaesarem

212 1175 262 1213 20
290 1148 1216 1301 1111111111
1242 1170 1360 1300 τε
1390 1148 2143 1300 ains-arm

289 1326 625 1389 exanimat.
724 1324 929 1401 Quam
999 1325 1122 1388 tibi
1194 1325 1500 1409 intellego
1562 1346 1830 1410 magnae
1892 1258 2078 1389 offae
2141 1344 2299 1408 esse,

291 1414 463 1497 quod
521 1417 620 1477 est
672 1413 834 1476 mihi
887 1413 1341 1498 gratissimum.
1441 1412 1539 1477 De
1590 1412 1854 1496 Pompei
1909 1413 2084 1477 exitu
2137 1374 2299 1475 mihi'
2335 1426 2367 1476 6

290 1502 556 1566 dubium
600 1523 950 1585 numquam
993 1501 1132 1566 fuit
1215 1501 1422 1566 Tanta
1469 1501 1636 1565 enim
1684 1500 2039 1585 desperatio
2086 1521 2300 1564 rerum

212 1615 263 1655 15
291 1590 427 1655 eius
483 1590 769 1654 omnium
822 1610 1046 1674 regum
1100 1593 1165 1654 et
1208 1590 1595 1674 populorum
1651 1589 1896 1653 animos
1943 1592 2301 1674 occuparat,

291 1681 391 1763 ut,
450 1699 849 1762 quocumque
891 1679 1196 1763 venisset,
1251 1678 1377 1741 hoc
1420 1682 1711 1762 putarem
1752 1678 2059 1741 futurum.
2149 1675 2303 1741 Non

291 1787 557 1851 possum
611 1767 747 1831 eius
805 1788 1022 1830 casum
1075 1787 1207 1830 non
1252 1766 1495 1851 dolere,
1556 1765 1883 1830 hominem
1929 1765 2099 1830 enim
2141 1765 2301 1829 inte-

293 1876 479 1941 grum
530 1858 593 1919 et
639 1858 885 1918 castum
930 1858 995 1919 et
1041 1874 1299 1939 gravem
1344 1854 1632 1938 cognovi.
1722 1853 1820 1917 De
1863 1851 2108 1917 Fannio
2155 1875 2299 1918 con·
2337 1871 2368 1918 6

295 1944 462 2009 soler
508 1943 615 2009 te?
688 1941 1052 2007 Perniciosa
1097 1942 1483 2027 loquebatur
1529 1942 1605 2006 de
1650 1942 1979 2006 mansione
2025 1945 2153 2006 tua.
2228 1941 2297 2006 L.

212 2060 266 2098 20
292 2055 443 2097 vero
489 2031 800 2096 Lentulus
853 2031 1163 2096 Hortensi
1218 2032 1478 2096 domum
1536 2031 1661 2095 sibi
1707 2036 1771 2095 et
1817 2029 2105 2095 Caesaris
2149 2030 2302 2095 hor-

292 2125 397 2186 tos
448 2124 513 2184 et
557 2119 748 2184 Baias
794 2120 1232 2222 desponderat.
1323 2118 1599 2184 Omnino
1644 2119 1801 2183 haec
1845 2120 2065 2183 eodem
2111 2119 2300 2182 modo

294 2231 370 2273 ex
432 2208 553 2273 hac
612 2213 795 2293 parte
857 2209 1049 2294 fiunt,
1110 2208 1237 2272 nisi
1300 2208 1473 2292 quod
1535 2208 1695 2271 illud
1758 2211 1897 2272 erat
1960 2207 2300 2272 infinitum.

294 2296 529 2362 Omnes
576 2297 763 2383 enim,
808 2297 919 2381 qui
957 2297 1024 2360 in
1059 2295 1250 2360 Italia
1285 2299 1670 2380 manserant,
1711 2295 1999 2360 hostium
2036 2317 2300 2359 numero

291 2385 710 2450 habebantur
744 2349 900 2449 Sed
936 2385 1127 2449 velim
1162 2384 1318 2448 haec
1354 2384 1696 2469 aliquando
1735 2384 2043 2448 solutiore
2072 2385 2301 2448 animo.

213 2499 266 2539 25
426 2473 736 2550 Quintum
796 2474 1062 2537 fratrem
1125 2472 1312 2538 audio
1379 2473 1736 2557 profectum
1794 2473 1865 2537 in
1918 2472 2166 2557 Asiam,
2229 2475 2302 2536 ut
2341 2488 2370 2537 7

295 2563 752 2646 deprecaretur.
852 2561 949 2626 De
1012 2560 1148 2624 filio
1211 2560 1379 2624 1111111
1443 2561 1684 2646 audivi3
1757 2560 1866 2625 sed
1931 2582 2161 2645 quaere
2226 2582 2304 2624 ex

292 2650 633 2736 Diochare,
693 2648 985 2715 Caesaris
1052 2648 1314 2734 liberto,
1373 2671 1562 2733 quem
1616 2669 1734 2734 ego
1790 2669 1922 2713 non
1976 2649 2138 2731 vidi,
2194 2649 2306 2732 qui

292 2740 452 2803 istas
513 2737 913 2805 Alexandrea
983 2737 1234 2801 litteras
1308 2737 1547 2802 attulit.
1644 2735 1710 2801 Is
1774 2737 2008 2801 dicitur
2072 2737 2307 2801 vidisse

293 2825 602 2902 Quintum
649 2832 905 2891 euntem
950 2847 1032 2890 an
1071 2825 1200 2888 iam
1235 2826 1305 2888 in
1344 2824 1517 2890 Asia.
1591 2824 1760 2890 Tuas
1798 2826 2068 2910 litteraS,
2112 2829 2307 2909 prout

214 2942 266 2980 so
293 2937 395 2979 res
458 2915 769 3001 postulat,
830 2918 1145 2997 exspecto
1238 2911 1408 2989 Quas
1463 2912 1651 2977 velim
1709 2936 1888 2978 cures
1947 2935 2138 2998 quam
2182 2914 2308 2997 pri-

292 3026 470 3067 mum
516 3003 597 3066 ad
640 3025 743 3068 me
788 3001 1209 3087 perferendas.
1299 3019 1406 3065 1111
1452 3001 1530 3066 K.
1568 3001 1897 3066 Decembr.

1231 3140 1373 3206 VH.

630 3246 742 3301 Ser.
772 3247 1053 3301 Brundisi
1092 3245 1249 3300 XIV
1277 3246 1412 3299 Kal.
1442 3246 1568 3300 Ian.
1600 3264 1650 3300 a.
1684 3250 1795 3301 706
1833 3248 1971 3313 (48).

927 3351 1182 3407 CICERO
1221 3350 1484 3405 ATTICO
1524 3351 1671 3405 SAL.

207 3471 261 3512 ³⁵
301 3510 310 3520 ,
423 3442 658 3508 Gratae
719 3447 869 3506 tuae
930 3441 1091 3506 mihi
1153 3441 1409 3506 litterae
1474 3445 1651 3525 sunt,
1717 3441 1951 3525 quibus
2018 3444 2312 3504 accurate
2351 3458 2376 3504 1

289 3533 720 3617 perscripsisti
782 3532 1024 3615 omnia,
1078 3552 1240 3614 quae
1296 3530 1376 3593 ad
1431 3552 1533 3594 me
1588 3531 1909 3613 pertinere
1955 3527 2310 3591 arbitratus
