2642 3923
259 645 324 695 11

364 218 495 283 542
1001 216 1076 271 Μ.
1116 216 1331 271 TULLI
1367 215 1743 271 CICERONIS

363 367 438 427 ut
504 367 570 427 et
631 362 701 425 in
754 381 1055 445 praesens
1113 359 1459 424 sceleratos
1515 360 1685 424 cives
1744 360 1979 424 timore
2034 359 2114 423 ab
2172 359 2398 442 impu-

365 450 618 536 gnanda
662 450 874 534 patria
919 448 1306 514 deterrerem
1353 452 1417 513 et
1453 448 1524 512 in
1560 452 1892 532 posterum
1929 449 2398 513 documentum

367 543 744 623 statuerem,
812 557 896 601 ne
967 537 1113 621 quis
1185 537 1385 601 talem
1458 538 1803 601 amentiam
1870 536 2060 601 vellet
2123 537 2397 600 imitari.

365 626 765 711 Quamquam
833 624 991 690 haec
1063 624 1323 709 quidem
1387 626 1708 691 sententia
1767 646 1902 689 non
1962 625 2171 710 magis
2244 647 2400 689 mea
2471 653 2476 658 ·

365 716 492 780 fuit
537 737 731 799 quam
777 714 1081 779 omnium.
1152 712 1233 777 In
1277 735 1407 797 qua
1449 714 1706 777 videtur
1742 713 1904 777 illud
1940 735 2080 777 esse
2116 712 2399 798 crudele,
2453 742 2482 782 5

367 804 537 888 quod
584 804 662 867 ad
706 803 965 887 liberOS‚
1025 802 1137 886 qui
1179 802 1350 866 nihil
1392 805 1780 885 meruerunt,
1825 823 2031 885 poena
2075 803 2394 885 pervenit.

367 892 492 957 Sed
535 892 603 956 id
648 895 712 956 et
757 891 1097 975 antiquum
1141 895 1241 954 est
1287 895 1354 954 et
1400 891 1687 955 omnium
1731 890 2087 975 civitatum,
2146 890 2202 953 si
2252 891 2398 974 qui-

365 980 509 1045 dem
567 981 763 1044 etiam
808 978 1227 1043 Themistocli
1269 979 1457 1043 liberi
1505 983 1849 1064 eguerunt3
1904 983 1996 1064 et,
2049 979 2105 1043 si
2147 978 2396 1043 iudicio

366 1069 702 1134 damnatos
758 1068 977 1132 eadem
1029 1088 1236 1151 poena
1294 1068 1587 1151 sequitur
1640 1067 1837 1152 cives,
1894 1031 2008 1151 qui
2052 1067 2396 1150 potuimus

363 1157 641 1222 leniores
695 1176 834 1222 esse
885 1156 955 1220 in
998 1154 1274 1220 hostes?
1340 1155 1509 1231 Quid
1555 1159 1769 1220 autem
1814 1155 1997 1240 queri
2043 1156 2394 1239 quisquam
2425 1185 2480 1223 10

365 1249 583 1330 potest
636 1245 715 1311 de
766 1266 894 1324 me,
951 1245 1089 1327 qui,
1145 1244 1201 1308 si
1258 1244 1547 1328 vicisset,
1602 1244 1996 1309 acerbiorem
2051 1264 2119 1308 se
2170 1244 2241 1307 in
2286 1266 2398 1309 me

364 1336 659 1399 futurum
708 1334 908 1397 fuisse
956 1332 1339 1397 confiteatur
1386 1353 1643 1397 necesse
1693 1333 1836 1398 est?
1917 1331 2138 1398 Habes
2193 1332 2399 1397 ratio·

364 1444 514 1487 nem
576 1443 863 1486 mearum
926 1421 1391 1485 sententiarum
1455 1421 1533 1486 de
1586 1420 1712 1485 hoc
1765 1441 1997 1506 genere
2051 1421 2398 1485 dumtaxat

364 1510 633 1575 honoris
688 1514 753 1574 et
812 1530 1081 1594 poenae3
1142 1530 1293 1573 nam
1341 1510 1418 1573 de
1464 1509 1692 1574 ceteris
1737 1509 1931 1573 rebus
1977 1509 2133 1593 quid
2180 1530 2396 1574 sense-

244 1653 247 1656 .
366 1600 491 1664 rim
537 1598 817 1683 quidque
862 1598 1235 1683 censuerim,
1279 1598 1533 1664 audisse
1577 1601 1645 1662 te
1688 1598 1985 1662 arbitror.
2421 1625 2473 1666 15

263 1707 329 1756 12

266 2945 333 2994 13

503 1686 629 1753 Sed
680 1686 838 1751 haec
897 1686 1154 1770 quidem
1208 1708 1344 1750 non
1395 1687 1490 1751 ita
1540 1687 1923 1769 necessaria,
1981 1685 2146 1750 illud
2203 1687 2395 1751 valde

367 1776 816 1861 necessarium,
859 1774 1080 1859 Brute,
1123 1778 1189 1838 te
1233 1775 1302 1838 in
1348 1772 1607 1838 Italiam
1652 1796 1798 1838 cum
1843 1775 2126 1838 exercitu
2171 1776 2394 1839 venire

372 1887 564 1949 quam
617 1864 912 1949 primum.
1007 1861 1272 1928 Summa
1332 1867 1430 1926 est
1486 1864 1878 1947 exspectatio
1934 1863 2051 1928 tui.
2145 1861 2394 1937 Quodsi

368 1952 626 2019 Italiam
672 1951 995 2038 attigeri8‚
1054 1951 1134 2016 ad
1177 1954 1245 2016 te
1289 1973 1635 2017 concursus
1680 1952 1794 2017 fiet
1841 1952 2145 2016 omnium.
2241 1951 2389 2017 Sive

371 2043 541 2108 enim
602 2042 971 2125 vicerimus,
1034 2041 1148 2124 qui
1211 2040 1470 2142 quidem
1527 2040 1953 2142 pulcherrime
2012 2042 2392 2126 viceramu8‚
2418 2070 2471 2109 zo

367 2131 497 2196 nisi
555 2129 835 2214 Lepidus
894 2129 1158 2213 perdere
1213 2130 1428 2193 omnia
1481 2132 1546 2193 et
1604 2129 1814 2213 perire
1865 2129 2006 2213 ipse
2060 2149 2207 2193 cum
2256 2131 2393 2194 suis

369 2219 858 2303 concupivisset,
902 2222 1016 2281 tua
1057 2217 1248 2281 nobis
1295 2217 1681 2282 auctoritate
1726 2239 1888 2302 opus
1936 2222 2035 2282 est
2080 2216 2161 2282 ad
2197 2219 2395 2283 collo-

371 2307 645 2372 candum
691 2307 969 2389 aliquem
1010 2305 1291 2371 civitatis
1332 2310 1603 2390 statum3
1650 2306 1783 2370 sive
1818 2306 2014 2370 etiam
2048 2328 2220 2370 nunc
2258 2328 2398 2371 cer-

371 2401 589 2461 tamen
639 2395 961 2478 reliquum
1023 2396 1147 2478 est,
1204 2395 1484 2458 maxima
1529 2415 1674 2478 spes
1722 2397 1821 2458 est
1867 2415 2012 2458 cum
2056 2395 2129 2459 in
2175 2400 2398 2460 aucto-

371 2485 565 2550 ritate
611 2488 723 2548 tua
768 2487 911 2547 tum
954 2482 1025 2547 in
1069 2482 1385 2546 exercitus
1431 2482 1530 2547 tui
1578 2482 1840 2547 viribus,
1926 2481 2050 2547 Sed
2095 2505 2397 2568 propera,
2425 2511 2475 2552 2⁵

370 2595 485 2658 per
530 2573 708 2637 deos!
783 2570 951 2657 Scis,
1005 2574 1319 2655 quantum
1366 2571 1453 2636 sit
1498 2572 1568 2635 in
1611 2571 2030 2657 temporibuS‚
2076 2576 2399 2655 quantum

371 2663 441 2726 in
486 2661 826 2726 celeritate.

506 2924 758 2991 Sororis
803 2929 955 2990 tuae
998 2924 1153 2991 filiis
1200 2947 1392 3009 quam
1430 2924 1772 3012 diligenter
1806 2923 2154 3009 consulam,
2201 2946 2399 3009 spero

370 3020 437 3081 te
495 3037 570 3079 ex
628 3014 853 3078 matris
910 3018 974 3079 et
1029 3036 1106 3078 ex
1163 3014 1404 3078 sororis
1447 3013 1688 3078 litteris
1734 3013 2158 3098 cogniturum.
2252 3013 2401 3090 Qua

372 3105 442 3172 in
511 3125 702 3169 causa
771 3102 1081 3167 maiorem
1150 3101 1359 3166 habeo
1421 3102 1738 3166 rationem
1800 3105 1951 3166 tuae
2010 3102 2399 3187 voluntati8‚
2428 3132 2482 3172 ω

373 3215 536 3277 quae
580 3191 741 3255 mihi
786 3191 1115 3255 carissima
1159 3195 1288 3276 est,
1345 3212 1557 3275 quam,
1600 3194 1675 3254 ut
1719 3188 2105 3274 quibusdam
2148 3189 2401 3279 videor,

372 3280 771 3345 constantiae
815 3299 1008 3343 meae.
1084 3276 1209 3343 Sed
1255 3299 1374 3364 ego
1418 3277 1600 3343 nulla
1643 3278 1714 3341 in
1757 3299 1827 3344 re
1870 3278 2041 3342 malo
2087 3299 2287 3362 quam
2324 3282 2403 3346 in

372 3374 438 3433 te
485 3367 754 3433 amando
801 3371 1100 3432 constans
1148 3371 1213 3431 et
1257 3388 1398 3433 esse
1442 3370 1509 3431 et
1553 3366 1772 3476 videri.
