2642 3923
1100 212 1159 266 P.
1196 219 1495 267 160—170.
2192 214 2311 266 Lm

285 352 429 419 quod
463 352 673 405 homini
708 352 887 405 alieno
926 354 1168 422 (iynoto),
1206 370 1360 422 quem
1421 354 1644 423 uidem>
1680 370 1979 422 numquam
2005 355 2145 409 vidit
2170 354 2319 407 Leh-

285 438 457 475 mann
499 421 944 476 ‘Jahresberieht
981 423 1079 476 des
1125 422 1321 492 philol.
1416 424 1617 477 ereins’
1662 429 1797 477 1888
1834 443 1889 494 p.
1931 430 2052 492 257,
2092 425 2162 478 de
2200 422 2310 479 Cic.

286 493 360 545 ad
396 494 513 546 Att.
559 509 644 562 ep.
687 510 742 561 p.
787 499 890 547 196
926 510 1005 561 sq.
1053 525 1123 534 —
1172 500 1239 546 29
1276 495 1503 561 oblitus,
1553 511 1786 564 maynus
1840 499 1961 564 (pro
2009 494 2310 565 adieetivo)

284 562 547 617 Wesenb.
570 594 639 604 —-
660 569 726 616 31
748 563 1193 636 [respondimus]
1211 564 1475 619 Wesenb.
1499 596 1568 605 —
1588 571 1653 617 33
1685 566 1802 619 alia
1822 572 2002 620 autem
2029 565 2309 632 Wureeb.‚

284 633 516 702 Tyn-ell.
554 665 625 674 —
663 639 733 686 34
761 636 949 703 potuit
983 635 1104 688 sine
1132 651 1294 689 eruce
1320 635 1529 703 Baiter,
1560 638 1849 704 proposuit
1876 636 2111 704 Bentiv.,
2148 636 2307 706 prob.

283 704 428 758 Boot
471 708 613 773 (sqq.
655 705 761 758 sie:
797 706 912 758 nisi
945 706 1085 772 forte
1119 706 1262 760 dolet
1297 708 1373 773 ei,
1419 708 1562 776 quod
1606 722 1705 760 suo
1740 707 1961 761 tibicine
1998 709 2202 778 eqebit).
2240 738 2310 749 —

285 781 350 828 36
380 777 478 844 qui
514 775 673 829 codd.
703 773 872 829 WOP
902 775 1209 846 (Lehmann
1237 776 1353 830 Att.
1382 795 1437 846 p.
1471 781 1610 847 183),
1649 778 1772 845 quis
1796 777 1955 832 NMs.
1986 809 2056 818 ——
2081 778 2161 832 Π).
2193 780 2311 833 eius

281 853 458 901 status
495 845 716 899 WOPN
752 846 1062 913 (Lehmann
1096 847 1213 900 Att.
1234 865 1288 916 p.
1310 853 1398 915 39,
1431 852 1568 918 183),
1605 854 1780 902 status
1814 850 1932 903 eius
1966 847 2071 917 Ms,
2111 849 2236 902 edd.
2291 849 2311 921 ΙΙ

353 917 424 972 Ρ.
466 915 602 971 168.
642 922 710 970 14
756 918 846 971 Et
889 918 1019 971 heus
1062 924 1125 972 tu
1171 918 1358 985 codd,
1414 917 1658 987 Tyrrell,
1716 918 1838 973 Sed
1881 919 1931 974 h.
1963 926 1998 973 t.
2036 918 2185 989 vulg.
2239 918 2305 973 V.

281 1005 337 1056 p.
366 993 489 1041 476.
522 993 581 1055 1,
628 987 819 1041 Lehm.
851 985 1104 1051 Quaestt.
1131 1006 1186 1058 p.
1218 994 1284 1041 63
1326 1005 1408 1042 e1.
1464 1020 1534 1029 —
1592 994 1658 1042 15
1695 991 1877 1043 iamne
1911 1006 2006 1044 vos
2032 987 2122 1056 Zb,
2160 990 2307 1057 edd.‚

319 1059 628 1112 ennarios
664 1056 766 1111 MC
802 1062 1030 1127 propter
1064 1059 1442 1114 tabellarios
1476 1077 1524 1112 v.
1557 1066 1649 1127 14,
1700 1060 1926 1114 Genuae
1962 1077 2054 1115 vos
2094 1062 2305 1114 ‘natur-

305 1128 398 1182 ioh
450 1129 561 1182 mit
614 1128 905 1183 Turnebus
967 1129 1340 1183 einzusetzen’
1393 1128 1454 1184 Ο.
1476 1129 1538 1183 Ε.
1570 1130 1823 1184 Schmidt
1881 1129 2015 1184 ‘Der
2058 1130 2304 1186 Briefw.’

281 1217 335 1268 p.
356 1205 525 1253 44011.
567 1199 907 1254 Prudentius
943 1200 1102 1254 Boot.
1158 1231 1229 1241 —
1287 1206 1353 1253 19
1390 1201 1548 1254 Haec
1592 1201 1751 1254 codd.
1790 1203 2015 1270 praeter
2050 1201 2109 1254 M
2144 1201 2305 1270 (Leh-

282 1285 451 1323 mann
479 1270 599 1324 Att.
669 1311 682 1324 .
713 1275 799 1339 25,
828 1276 914 1338 29,
942 1276 1029 1339 34,
1047 1277 1116 1324 43
1147 1287 1250 1339 ex.,
1289 1277 1408 1339 160,
1440 1275 1580 1342 183),
1608 1270 1843 1340 Tyr-rell,
1870 1273 1968 1326 hoe
1993 1271 2069 1337 M,
2098 1272 2307 1339 Baiter,

283 1339 566 1408 Wesenb.,
606 1288 765 1395 ffoot.
803 1340 894 1394 Ad
927 1358 982 1412 p.
1015 1347 1097 1395 12.
1131 1347 1178 1396 6.
1218 1372 1288 1383 —
1327 1347 1395 1395 20
1416 1359 1495 1410 sq.
1535 1343 1670 1396 mihi
1714 1343 1927 1396 obviam
1962 1344 2109 1397 venit
2145 1343 2304 1397 codd.

281 1413 507 1481 praeter
550 1410 611 1464 M
657 1411 968 1481 (Lehmann
1012 1412 1128 1465 Att.
1173 1430 1229 1482 p.
1278 1417 1364 1480 25,
1395 1417 1479 1479 29,
1518 1418 1603 1479 31,
1642 1418 1726 1480 34,
1765 1418 1832 1465 39
1862 1428 1964 1480 ex„
2006 1418 2124 1480 164,
2165 1416 2306 1484 183),

283 1483 427 1537 venit
460 1484 600 1537 mihi
644 1484 853 1536 obviam
890 1481 966 1549 Μ,
1006 1483 1129 1536 edd.
1169 1514 1239 1523 —
1276 1488 1345 1536 28
1382 1500 1520 1552 quae
1563 1482 1639 1550 M,
1677 1483 1843 1550 Boot,
1891 1483 2125 1552 Tyrrell,
2164 1484 2308 1552 quod

281 1552 489 1617 Wuro.,
508 1552 719 1621 Baiter,
746 1552 1010 1607 Wesenb.
1040 1555 1127 1607 An
1164 1555 1359 1623 quoius
1385 1554 1653 1608 hereditas
1669 1560 1693 1608 ⁴?
1721 1585 1790 1594 —
1817 1553 1899 1607 Ib.
1919 1554 2308 1625 [Pompeium]

281 1623 514 1692 Tyrrell.
553 1655 624 1665 —
661 1628 727 1676 33
766 1626 1000 1678 umoris
1050 1625 1203 1678 illius
1249 1623 1511 1691 Schuetz,
1558 1624 1839 1692 Wesenb.,
1877 1624 2097 1692 Tyrrell
2147 1623 2304 1692 (Her-

280 1694 454 1748 math.
488 1693 589 1747 VH
610 1699 747 1747 1890
774 1712 828 1764 p.
849 1697 942 1764 41)
965 1694 1201 1764 probab.
1255 1697 1275 1763 ΙΙ
1328 1695 1397 1750 Ρ.
1420 1695 1557 1749 169.
1587 1701 1618 1748 3
1648 1697 1831 1764 ipsas
1859 1696 2104 1750 Athenas
2132 1694 2306 1749 Orelli

280 1764 535 1819 Eleusini
574 1765 782 1834 opponi
818 1768 1001 1834 putat,
1050 1765 1122 1819 ‘si
1157 1766 1309 1819 reete
1348 1780 1408 1818 se
1452 1764 1642 1818 habet.
1708 1765 1969 1819 Fortasse
2005 1767 2183 1833 istas’,
2219 1765 2304 1819 id-

282 1852 391 1903 que
435 1835 638 1888 laudat
682 1836 839 1889 Boot.
903 1837 1066 1904 Ipsas
1107 1836 1355 1890 Athenas
1398 1836 1579 1905 possis
1626 1838 1841 1889 vertere
1889 1835 2098 1890 ‘Athen
2141 1835 2304 1890 iiber·

280 1907 479 1977 haupt,
515 1907 597 1959 im
632 1905 1044 1977 Allgemeinen'
1091 1908 1191 1959 aut
1221 1908 1430 1977 ‘ganz’.
1497 1904 1576 1960 Of.
1608 1922 1777 1975 supra
1803 1924 1858 1977 p.
1889 1912 1972 1959 46.
1996 1912 2062 1960 29
2091 1908 2308 1976 Epirus

282 1981 422 2046 ipsa,
451 1977 541 2032 off.
563 1984 760 2047 p.42.3
792 1978 877 2032 ed.
901 1982 1056 2043 1882,
1088 1977 1304 2032 Goethe
1334 1978 1409 2030 ad
1435 1977 1592 2030 n.d.I
1623 1983 1804 2045 14.37,
1833 1976 2038 2031 Plin.II
2060 1984 2179 2044 102,
2202 1984 2305 2032 144

282 2052 397 2117 ipse
431 2049 688 2117 mundus,
735 2046 845 2102 Cio.
875 2066 929 2102 n.
952 2049 1004 2103 d.
1026 2049 1077 2101 H
1103 2054 1188 2103 49.
1212 2054 1314 2103 126
1355 2050 1414 2102 et
1450 2047 1782 2117 saepissime
1817 2065 2003 2117 genus,
2040 2047 2207 2116 Verg.
2239 2046 2303 2102 G.

281 2119 359 2172 III
386 2125 488 2174 387
528 2121 699 2186 aries,
744 2119 821 2172 IV
842 2125 942 2173 543
981 2136 1227 2188 corpora,
1274 2118 1527 2188 Wagner
1564 2118 1817 2183 Quaestt.
1857 2136 1910 2187 p.
1935 2123 2057 2185 467,
2095 2117 2303 2188 Paneg.

282 2189 392 2244 Pis.
424 2195 493 2242 44
528 2192 681 2257 fora,
726 2190 839 2244 Iuv.
872 2196 919 2244 1.
942 2196 1043 2244 127
1083 2191 1221 2257 dies,
1266 2206 1451 2258 neque
1497 2189 1665 2243 aliter
1700 2188 1972 2259 intellego
2008 2206 2062 2258 p.
2095 2194 2304 2244 270.16

284 2263 465 2328 ipsum
491 2261 800 2328 dimidium,
821 2266 986 2314 93.20
1015 2263 1247 2330 triqinta
1274 2263 1406 2328 dies,
1438 2266 1554 2314 139.
1569 2266 1634 2314 21
1656 2261 1847 2327 decem,
1871 2265 1989 2313 182.
2005 2265 2070 2313 19
2089 2261 2307 2330 viyinti,

289 2337 407 2384 171.
437 2336 505 2384 28
530 2332 779 2386 triduum
806 2333 910 2386 etc.
968 2330 1079 2385 Sed
1105 2330 1303 2385 malim
1328 2330 1687 2401 interpretari
1719 2333 1815 2384 ‘an
1843 2331 1981 2399 sich,
1999 2348 2096 2383 um
2124 2331 2309 2385 seiner

286 2399 469 2454 selbst
500 2401 710 2456 willen’
749 2405 818 2455 ut
842 2401 997 2456 Verr.
1035 2400 1114 2455 IV
1151 2407 1201 2456 2.
1238 2408 1270 2455 3
1308 2420 1375 2456 ea
1419 2403 1609 2456 domus
1642 2403 1772 2456 urbi
1806 2409 1923 2456 erat
1961 2408 2276 2456 ornamento
2286 2422 2308 2469 ,-

280 2489 416 2527 nam
450 2473 600 2542 ipsa
636 2473 901 2527 Messana
946 2489 1122 2527 vacua
1165 2479 1327 2541 atque
1369 2472 1526 2526 nuda
1561 2479 1659 2539 est,
1707 2470 1799 2525 fin.
1827 2472 1879 2524 Il
1917 2478 1984 2526 26
2007 2487 2088 2526 ex.
2120 2477 2188 2525 85
2226 2489 2307 2525 me

280 2544 463 2612 ipsum
507 2560 653 2598 ames
696 2550 926 2612 oportet,
969 2560 1083 2597 non
1117 2560 1260 2610 mea,
1298 2541 1389 2596 off.
1428 2561 1481 2613 p.
1522 2547 1605 2597 64.
1637 2549 1668 2597 6
1708 2543 1793 2596 ed.
1835 2547 2000 2610 1882,
2047 2541 2306 2610 Seyfferti

281 2613 433 2668 Lael.
462 2631 518 2683 p.
551 2619 672 2681 121,
700 2618 823 2682 478,
850 2612 1104 2683 Wagner
1129 2612 1296 2682 Verg.
1329 2612 1580 2678 Quaestt.
1608 2631 1664 2685 p.
1694 2617 1818 2680 468,
1848 2611 1959 2666 Cic.
1991 2610 2110 2666 Cat.
2139 2613 2192 2666 H
2222 2617 2305 2666 11.

284 2691 348 2738 25
394 2687 482 2739 his
524 2686 685 2739 rebus
728 2686 941 2739 omissis
992 2701 1188 2739 causas
1240 2687 1392 2752 ipsas
1444 2684 1782 2752 contendere,
1828 2682 1923 2738 hie
1965 2701 2021 2753 p.
2061 2689 2179 2736 216.
2221 2688 2306 2751 22,

283 2754 423 2809 alibi
464 2755 667 2824 ‘bloss,
703 2772 834 2823 nur,
874 2754 1124 2823 absolut,
1163 2754 1598 2825 selbststandig,
1637 2752 1969 2824 eigentlioh,
2006 2752 2305 2808 wirklioh’.

282 2857 352 2866 —
388 2832 423 2879 4
460 2843 636 2880 meum
676 2826 804 2879 add.
840 2828 972 2895 post
1015 2833 1419 2880 monumentum
1463 2825 1681 2893 Tyrrell
1718 2824 1916 2878 Bootio
1957 2826 2198 2877 auctore.
2238 2854 2309 2865 -

283 2902 348 2950 21
378 2898 653 2951 hactenus.
694 2898 927 2951 dixerim
955 2899 1109 2964 vett,
1137 2896 1347 2966 Baiter,
1374 2898 1661 2951 hactenus.-
1698 2897 1928 2950 dixerim
1956 2894 2024 2947 Η.
2055 2894 2121 2947 A.
2149 2893 2309 2948 Koch

281 2983 465 3037 progr.
486 2967 638 3021 Port.
664 2972 802 3021 1868
838 2985 893 3036 p.
915 2973 998 3021 24.
1030 2998 1100 3008 --
1129 2973 1197 3020 22
1219 2968 1392 3036 plwra
1419 2966 1567 3033 Ern.,
1597 2966 1768 3033 Wes.,
1796 2965 1955 3033 Boot,
1986 2965 2151 3033 quasi
2177 2981 2307 3019 vero

281 3038 341 3091 in
377 3039 460 3092 vel
487 3039 752 3106 plurimis
780 3054 892 3091 non
919 3038 1096 3091 insint
1125 3038 1313 3107 plura.
1363 3035 1442 3092 cf.
1466 3043 1586 3091 213.
1609 3043 1692 3090 35.
1714 3068 1784 3078 --
1805 3042 1871 3090 33
1901 3036 2035 3107 [ae]
2062 3035 2308 3104 Ernesti,

280 3107 546 3163 Wesenb.
602 3112 622 3173 ΙΙ
675 3108 746 3163 Ρ.
778 3108 913 3163 170.
943 3115 975 3162 3
1004 3110 1067 3162 in
1093 3125 1199 3177 quo
1227 3125 1354 3162 oum
1380 3110 1613 3161 recentt.
1645 3108 1768 3161 edd.
1801 3106 2060 3160 omnibus
2090 3107 2309 3176 scripsi,

280 3181 423 3248 quod
468 3179 630 3233 codd.
647 3222 660 3246 ,
716 3194 830 3232 non
884 3196 993 3247 quo
1052 3179 1275 3232 credam
1321 3178 1560 3232 Ernesto
1614 3178 1723 3231 hoe
1768 3177 1994 3231 omnino
2040 3176 2308 3231 Latinum

281 3250 844 3375 egsion}{anti’1{ed
879 3252 1109 3319 propter
1116 3249 1386 3373 V§rsiimiassn
1423 3248 1783 3372 iaciil'liltaterp.
1813 3247 2003 3372 {.tad
2037 3265 2092 3316 p.
2125 3253 2207 3371 lg.
2241 3252 2308 3300 27

280 3337 310 3375 e
445 3362 458 3374 .
563 3351 686 3375 .—-
791 3337 1075 3375 .eoom.
1192 3335 2121 3386 esen.1nV1S,uv1eu1-.—
2227 3335 2310 3373 re-

270 3393 531 3461 prehend.
575 3391 702 3444 edd.
744 3390 834 3443 Ad
860 3339 1063 3460 {105-
1095 3396 1143 3444 8.
1173 3422 1242 3431 -
1270 3391 1350 3444 Ib.
1382 3397 1596 3444 tantum
1626 3388 1817 3456 Orelli,
1853 3388 2062 3455 Baiter,
2091 3386 2311 3456 Tyrrell

279 3479 361 3533 ep.
402 3469 529 3529 256,
566 3469 686 3517 tum
721 3462 798 3528 M,
835 3468 947 3515 tam
981 3461 1149 3530 vulg,
1186 3460 1471 3528 Wesenb.,
1509 3460 1653 3513 Boot
1687 3460 1927 3513 fortasse
1963 3461 2141 3525 recte,
2178 3474 2312 3510 nam

277 3552 313 3588 a
349 3537 614 3605 apertum
651 3531 830 3585 fuisse
874 3532 934 3585 in
973 3533 1274 3601 archetypo
1320 3532 1503 3584 multa
1541 3533 1673 3584 sunt
1717 3530 1945 3586 indicia.
1985 3559 2055 3570 —
2094 3533 2161 3580 10
2198 3529 2316 3581 sint
