2642 3923
345 209 474 274 518
1026 208 1101 262 M.
1139 187 1354 261 ‘imm
1390 205 1763 262 omnaoms

349 351 692 435 aliquando
748 373 864 416 suo
918 351 1248 436 familiari,
1300 350 1666 415 adversario
1722 354 1838 413 tuo
1894 348 2174 414 voluisse
2220 370 2373 413 con-

349 440 614 525 sultum,
656 461 802 504 cum
846 439 1024 503 illius
1071 439 1463 504 existimatio
1512 441 1825 523 ageretur.
1898 437 2042 501 Hoc
2082 438 2372 521 primum

349 529 679 613 ignoscere
744 531 843 592 est
904 527 1331 592 humanitatis
1395 531 1570 611 tuae3
1643 547 1796 590 suos
1859 527 2029 590 enim
2093 526 2373 609 quisque

349 616 538 681 debet
581 616 778 701 tueri3
822 616 1068 702 deinde,
1114 617 1170 680 si
1215 638 1318 680 me
1365 637 1541 679 amas
1555 578 1851 700 (omitte
1877 612 2219 699 Atticum),
2265 612 2370 678 Ci-

349 704 566 769 cerom‘
618 708 762 790 tu0,
824 726 1015 788 quem
1069 703 1296 788 quanti
1349 704 1573 786 facias,
1627 724 1779 803 prae
1832 706 1898 766 te
1952 703 2119 766 soles
2178 702 2370 787 ferre,
2433 731 2462 770 5

350 796 563 856 totum
607 792 731 856 hoc
766 792 866 878 da,
909 796 1003 877 ut,
1047 791 1219 875 quod
1255 813 1507 875 semper
1543 789 1927 876 existimavi,
1969 812 2140 855 nunc
2175 791 2371 874 plane

250 898 313 946 ιι
352 881 750 966 intellegam,
804 901 907 943 me
961 902 1000 943 a
1050 883 1117 944 te
1162 880 1439 943 multum
1486 879 1700 943 amari.
1792 843 2172 942 Buthrotios
2218 900 2370 942 cum

354 966 589 1034 Caesar
642 969 895 1033 decreto
954 989 1102 1052 su0,
1164 967 1336 1051 quod
1392 988 1509 1053 ego
1566 967 1904 1052 obsignavi
1949 989 2094 1030 cum
2137 967 2368 1030 multis

352 1056 768 1141 amplissimis
812 1056 991 1141 viris,
1031 1056 1438 1121 liberavisset
1485 1055 1998 1139 ostendissetque
2040 1055 2232 1118 nobis
2278 1077 2368 1133 se,

351 1167 497 1210 cum
543 1145 780 1230 agrarii
816 1165 990 1208 mare
1025 1144 1430 1228 transissent,
1472 1144 1724 1207 litteras
1761 1143 2126 1227 missurum,
2172 1164 2368 1226 quem
2397 1172 2453 1210 10

351 1234 422 1298 in
465 1254 692 1318 agrum
729 1233 1205 1317 deducerentur,
1250 1197 1497 1316 accidit,
1540 1235 1615 1295 ut
1653 1232 1870 1296 subito
1907 1231 2017 1295 ille
2053 1231 2367 1295 interiret.

351 1320 621 1404 Deinde,
686 1343 876 1404 quem
941 1320 1021 1384 ad
1082 1285 1345 1384 mo’dum
1396 1324 1471 1383 tu
1527 1319 1651 1383 scis
1706 1318 2090 1405 (interfuisti
2145 1318 2370 1406 enim),

351 1431 496 1473 cum
551 1410 844 1473 consules
902 1412 1227 1491 oporteret
1286 1430 1367 1472 ex
1420 1412 1679 1471 senatus
1740 1407 2035 1471 consulto
2081 1408 2157 1470 de
2203 1408 2366 1471 actis

352 1496 644 1562 Caesaris
690 1517 1090 1582 cognoscere,
1133 1518 1236 1560 res
1283 1496 1364 1560 ab
1411 1495 1491 1559 iis
1537 1496 1606 1559 in
1650 1495 1791 1559 Kal.
1828 1493 1966 1559 Iun.
2005 1495 2204 1559 dilata
2246 1502 2366 1559 est.

349 1584 638 1649 Accessit
685 1585 765 1648 ad
810 1583 1067 1649 senatus
1115 1585 1480 1648 consultum
1524 1585 1647 1668 lex,
1693 1605 1855 1667 quae
1897 1584 2032 1647 lata
2078 1588 2175 1647 est
2222 1606 2275 1647 a.
2304 1585 2364 1647 d.
2393 1612 2444 1651 15

349 1690 454 1737 1111
497 1670 665 1738 Non.
714 1672 936 1759 [Iun.],
992 1694 1154 1756 quae
1205 1671 1310 1736 lex
1366 1694 1583 1736 earum
1628 1693 1872 1757 rerum,
1924 1693 2082 1756 quas
2130 1669 2367 1735 Caesar

353 1762 706 1845 statuisset,
757 1761 1158 1845 decrevisset,
1204 1761 1461 1845 egisset,
1507 1760 1877 1824 consulibus
1926 1759 2364 1845 cognitionem

351 1849 541 1913 dedit.
644 1847 852 1914 Causa
912 1848 1408 1913 Buthrotiorum
1470 1848 1681 1913 delata
1745 1852 1842 1912 est
1906 1848 1986 1912 ad
2049 1850 2362 1913 consules

349 1935 694 2003 Decretum
748 1934 1040 2002 Caesaris
1101 1938 1442 2002 recitatum
1496 1940 1594 2003 est
1652 1940 1718 2001 et
1780 1935 1970 2000 multi
2032 1940 2357 2021 praeterea

349 2026 555 2093 libelli
599 2025 885 2091 Caesaris
931 2025 1183 2109 prolati.
1267 2024 1579 2090 Consules
1624 2025 1702 2090 de
1746 2024 1997 2089 consilii
2043 2026 2355 2089 sententia
2385 2054 2443 2092 20

352 2114 763 2179 decreverunt
820 2114 1165 2178 secundum
1217 2113 1601 2178 Buthrotios
1654 2113 1693 2154 '¹²
1727 2113 1766 2154 '¹²
1818 2112 2127 2177 Plancum
2178 2113 2354 2177 dede-

249 2220 311 2268 12
350 2207 519 2267 runt.
609 2201 824 2286 Nunc,
877 2203 968 2266 mi
1017 2200 1243 2286 Capito
1291 2201 1453 2288 (scio
1501 2202 1696 2286 enim,
1755 2205 2068 2286 quantum
2112 2223 2364 2285 semper

352 2291 519 2374 apud
573 2312 709 2373 eos,
765 2291 1143 2374 quibuscum
1192 2290 1307 2375 sis,
1361 2311 1550 2374 posse
1596 2289 1819 2373 soleaS,
1877 2310 1952 2354 eo
1998 2289 2146 2373 plus
2192 2291 2365 2373 apud

349 2378 673 2443 hominem
725 2378 1104 2443 facillimum
1158 2382 1350 2462 atque
1394 2377 1951 2462 humanissimum,
2003 2377 2366 2465 Plancum),

351 2468 606 2551 enitere,
653 2466 910 2532 elabora
945 2466 1049 2530 vel
1083 2466 1299 2549 potius
1338 2466 1679 2550 eblandire,
1726 2466 1923 2551 effice,
1956 2470 2031 2529 ut
2067 2465 2365 2551 Plancus,
2392 2494 2440 2533 25

349 2577 541 2639 quem
585 2577 770 2638 spero
817 2554 1137 2638 optimum
1183 2576 1340 2640 esse,
1383 2555 1469 2618 sit
1507 2554 1701 2618 etiam
1735 2554 1963 2618 melior
2000 2575 2194 2637 opera
2231 2560 2362 2619 tua.

349 2642 627 2707 Omnino
689 2664 792 2706 res
853 2642 1046 2706 huius
1111 2643 1286 2706 modi
1338 2642 1500 2706 mihi
1553 2643 1807 2707 videtur
1861 2663 2026 2726 esse,
2090 2647 2163 2706 ut
2224 2644 2365 2706 sine

350 2732 724 2815 cuiusquam
771 2731 980 2816 gratia
1024 2730 1297 2795 Plancus
1345 2731 1483 2814 ipse
1526 2752 1644 2814 pro
1690 2731 1950 2814 ingenio
1989 2734 2053 2794 et
2090 2732 2365 2814 pruden-

350 2821 442 2883 tia
489 2841 603 2884 sua
645 2841 778 2883 non
824 2818 909 2882 sit
955 2818 1386 2904 dubitaturuS,
1438 2819 1597 2902 quin
1640 2819 1961 2882 decretum
2006 2819 2364 2901 consulum,

351 2929 621 2992 quorum
678 2911 742 2971 et
793 2907 936 2991 lege
991 2911 1054 2969 et
1117 2911 1376 2971 senatus
1420 2907 1713 2971 consulto
1759 2906 2042 2992 cognitio
2090 2911 2155 2970 et
2200 2908 2363 2971 iudi-
2395 2936 2448 2974 ιο

350 2996 518 3060 cium
554 2996 698 3079 fuit,
744 2999 1093 3081 conservet,
1129 2995 1504 3078 praesertim
1541 3017 1684 3059 cum
1720 2993 1843 3059 hoc
1879 3015 2109 3079 genere
2146 2997 2366 3079 cogni-

350 3085 599 3148 tionum
660 3083 1044 3147 labefactato
1109 3088 1250 3147 acta
1304 3081 1595 3148 Caesaris
1648 3083 1718 3147 in
1774 3082 2039 3147 dubium
2091 3088 2367 3148 ventura

355 3172 708 3255 videantur,
773 3193 935 3271 quae
986 3192 1119 3235 non
1173 3172 1365 3236 modo
1420 3171 1495 3255 ιι,
1559 3193 1832 3256 quorum
1886 3171 2185 3255 interest,
2251 3173 2368 3236 sed

351 3261 542 3324 etiam
596 3260 672 3345 ii,
725 3260 836 3342 qui
892 3259 1003 3323 illa
1064 3281 1195 3323 non
1241 3261 1546 3345 probant,
1601 3259 1719 3323 otii
1762 3281 1953 3324 causa
1997 3260 2365 3324 confirmari

245 3366 308 3412 13
347 3347 562 3412 velint.
637 3346 820 3423 Quod
865 3368 1010 3411 cum
1054 3348 1148 3411 ita
1194 3348 1299 3434 sit,
1343 3352 1561 3411 tamen
1603 3348 1871 3412 interest
1914 3352 2138 3412 nostra
2174 3346 2363 3411 Plan-
2392 3375 2448 3416 ³5

347 3457 492 3499 cum
545 3434 667 3499 hoc
723 3435 933 3499 animo
980 3435 1208 3503 libenti
1252 3436 1632 3520 prolixoque
1676 3436 1907 3519 facere,
1974 3436 2144 3520 quod
2189 3441 2365 3501 certe

346 3523 561 3604 faciet,
627 3522 683 3586 si
738 3527 811 3585 tu
853 3523 1154 3589 nervulos
1210 3529 1360 3588 tuos
1415 3524 1578 3588 mihi
1635 3546 1821 3608 saepe
1877 3524 2170 3608 cognitos
2217 3546 2364 3588 sua·
