2642 3923
323 208 359 270 7
367 207 406 270 8
960 206 1033 261 Μ.
1075 205 1289 261 TULLI
1326 205 1703 262 CICERONIS

320 350 489 429 diem
534 349 802 415 tertium
849 349 986 414 eius
1033 349 1161 415 diei
1206 349 1365 414 alias
1412 349 1665 415 litteras
1703 350 2076 415 attulerunt.
2159 348 2344 427 Quod

318 460 423 505 me
476 458 669 523 rogas
725 441 791 503 et
842 437 1125 502 hortaris
1137 490 1155 524 ,
1212 441 1287 502 ut
1344 438 1512 521 apud
1557 442 1621 503 te
1668 438 1736 501 in
1781 438 1984 522 Epiro
2031 437 2183 523 sim,
2235 460 2342 503 vo-

318 525 537 592 luntas
575 532 689 590 tua
725 525 886 590 mihi
922 526 1107 590 valde
1144 529 1330 611 grata
1367 530 1466 590 est
1505 529 1570 590 et
1606 527 1869 591 minime
1904 548 2086 591 nova.
2146 526 2342 592 Esset

319 615 661 681 consilium
715 613 878 677 mihi
935 614 1191 696 quidem
1248 616 1571 698 optatum,
1626 614 1681 678 si
1732 614 1953 680 liceret
2006 614 2100 678 ibi
2154 636 2339 680 omne

319 707 575 787 tempus
630 724 1027 786 consumere3
1092 701 1198 766 odi
1253 703 1422 766 enim
1481 667 1943 789 celebritatem,
1997 702 2175 787 fugio
2228 702 2337 768 ho·
2394 728 2420 769 ε

319 790 818 876 11111188,11188111
883 791 1165 892 aspicere
1227 790 1334 854 vix
1402 811 1696 892 possum,
1760 795 1929 857 esset
1999 791 2157 855 mihi
2212 790 2335 855 ista

320 842 623 981 solitudo,
666 878 1047 962 praesertim
1085 882 1221 943 tam
1258 878 1559 943 familiari
1601 879 1669 943 in
1713 879 1874 964 loco,
1916 900 2052 943 non
2097 901 2335 963 amara3

323 967 461 1053 sed,
513 967 765 1033 itineris
811 988 1002 1031 causa
1047 971 1122 1031 ut
1166 967 1547 1051 devorterer,
1594 967 1873 1049 primum
1921 970 2019 1032 est
2065 967 2337 1050 devium,

321 1019 548 1120 deinde
605 1055 684 1119 ab
730 1052 1050 1120 Autronio
1107 1059 1173 1120 et
1225 1054 1454 1119 ceteris
1511 1055 1875 1138 quadridui,
1929 1055 2155 1120 deinde
2199 1056 2335 1120 sine

321 1149 403 1209 te.
468 1141 638 1208 Nam
683 1144 1016 1208 castellum
1062 1143 1384 1207 munitum
1428 1142 1751 1208 habitanti
1789 1110 1948 1207 1111111
1986 1144 2336 1229 prodesset,
2367 1171 2419 1209 10

322 1231 684 1297 transeunti
745 1253 877 1295 non
942 1235 1041 1295 est
1101 1231 1545 1295 necessarium.
1656 1229 1840 1307 Quod
1903 1232 1960 1296 si
2025 1231 2337 1315 auderem,

323 1319 614 1386 Athenas
659 1324 956 1403 peterem.
1035 1317 1199 1384 Sane
1245 1320 1338 1383 ita
1382 1318 1664 1404 cadebat,
1709 1323 1786 1384 ut
1832 1320 2074 1383 vellem.
2150 1318 2339 1383 Nunc

324 1412 390 1473 et
442 1407 650 1472 nostri
702 1406 923 1471 hostes
980 1407 1072 1471 ibi
1128 1411 1307 1492 sunt,
1362 1412 1425 1471 et
1483 1411 1548 1471 te
1591 1428 1724 1471 non
1768 1407 2079 1472 habemus
2127 1412 2193 1471 et
2237 1429 2336 1472 ve-

323 1517 563 1580 remur,
634 1516 715 1559 ne
777 1495 1280 1579 interpretentur
1343 1495 1502 1559 illud
1568 1516 1822 1579 quoque
1886 1496 2192 1579 oppidum
2256 1496 2337 1560 ab

322 1583 511 1649 Italia
555 1605 689 1648 non
733 1584 890 1649 satis
939 1584 1187 1668 abesse,
1230 1605 1349 1647 nec
1395 1583 1650 1667 scribis,
1698 1605 1890 1667 quam
1935 1584 2015 1648 ad
2061 1584 2228 1648 diem
2274 1587 2338 1647 te
2370 1611 2420 1650 111

326 1676 778 1756 exspectemus.

459 1758 642 1836 Quod
694 1780 797 1823 me
851 1759 930 1824 ad
983 1759 1184 1824 vitam
1229 1781 1418 1824 vocas
1430 1811 1447 1844 ,
1502 1782 1701 1824 unum
1747 1759 1978 1844 efficis,
2035 1764 2110 1824 ut
2155 1782 2193 1824 a
2236 1782 2339 1824 me

325 1870 553 1913 manus
591 1848 966 1933 abstineam,
1002 1847 1276 1912 alterum
1311 1869 1444 1912 non
1480 1851 1684 1933 potes,
1718 1852 1793 1912 ut
1829 1869 1932 1911 me
1965 1869 2098 1914 non
2128 1848 2339 1913 nostri

324 1936 576 2005 consilii
629 1937 926 2021 vitaeque
980 1936 1319 2037 paeniteat.
1413 1934 1577 2013 Quid
1623 1936 1793 2000 enim
1839 1941 1964 2023 est,
2020 1936 2191 2021 quod
2236 1958 2337 2001 me

324 2027 614 2110 retineat,
658 2025 1035 2108 praesertim
1083 2025 1139 2089 si
1185 2046 1330 2109 spes
1380 2046 1453 2089 ea
1496 2047 1627 2089 non
1675 2030 1791 2109 est,
1838 2046 2000 2109 quae
2040 2047 2159 2089 nos
2197 2047 2339 2108 pro·
2367 2052 2419 2090 20

324 2115 676 2180 ficiscentes
727 2112 1278 2197 prosequebatur?
1369 2110 1520 2178 Non
1564 2076 1812 2196 faciani,
1858 2116 1931 2177 ut
1978 2134 2332 2178 enumerem

322 2203 613 2268 miserias
661 2223 909 2286 omnes,
960 2201 1028 2263 in
1075 2222 1233 2284 quas
1279 2200 1471 2264 incidi
1518 2223 1632 2285 per
1679 2223 1992 2265 summam
2039 2201 2332 2265 iniuriam

325 2295 389 2356 et
466 2290 670 2356 scelus
742 2312 874 2353 11011
947 2294 1079 2353 tam
1152 2289 1559 2353 inimicorum
1633 2311 1919 2358 meorum
1993 2310 2185 2372 quam
2245 2289 2335 2353 in·

323 2379 644 2463 vidorum,
705 2399 786 2441 118
850 2382 915 2442 et
979 2398 1188 2441 meum
1251 2398 1604 2442 maerorem
1659 2377 1978 2462 exagitem
2032 2381 2096 2440 et
2150 2381 2216 2441 te
2272 2377 2332 2441 in

324 2467 591 2532 eundem
654 2465 899 2529 luctum
961 2486 1206 2550 vocem3
1279 2465 1400 2530 hoc
1465 2466 1759 2551 adfirmo,
1829 2465 2150 2530 neminem
2203 2488 2335 2529 um-
2369 2492 2420 2531 2⁵

325 2577 517 2640 quam
564 2558 746 2619 tanta
791 2554 1155 2618 calamitate
1201 2575 1340 2618 esse
1387 2554 1731 2639 adfectum,
1779 2554 2020 2617 nemini
2064 2557 2338 2618 mortem

323 2643 528 2728 magis
593 2642 936 2725 optandam
1002 2641 1216 2707 fuisse.
1319 2640 1561 2718 Quoius
1628 2641 2020 2726 oppetendae
2085 2645 2339 2725 tempus

323 2732 848 2798 honestissimum
921 2730 1441 2814 praetermissum
1515 2734 1637 2815 est3
1720 2729 1969 2814 reliqua
2050 2732 2342 2813 tempora

325 2823 476 2885 sunt
519 2841 651 2883 non
696 2818 824 2882 iam
871 2819 950 2881 ad
996 2818 1392 2902 medicinam,
1440 2818 1548 2882 sed
1593 2817 1673 2883 ad
1716 2818 1908 2881 finem
1959 2817 2255 2882 doloris·

453 2906 551 2972 De
588 2929 658 2972 re
693 2906 951 2990 publica
985 2906 1168 2971 video
1206 2911 1273 2971 te
1311 2906 1612 2991 colligere
1660 2905 1891 2989 omnia,
1940 2926 2105 2990 quae
2151 2909 2338 2990 putes
2371 2933 2421 2970 ao

325 2996 603 3079 aliquam
651 3016 830 3077 spem
875 2993 1036 3058 mihi
1084 3016 1272 3078 posse
1320 2995 1565 3059 adferre
1610 2994 2062 3058 mutandarum
2109 3016 2338 3058 rerum.

324 3084 497 3161 Quae
543 3105 930 3168 quamquam
972 3083 1202 3167 exigua
1249 3086 1429 3166 sunt,
1475 3087 1721 3165 tamen,
1767 3082 2068 3165 quoniam
2117 3082 2341 3168 placet,

324 3176 777 3256 exspectemus.
853 3170 953 3234 Tu
987 3170 1190 3235 nihilo
1229 3171 1461 3255 111111118,
1508 3172 1563 3234 81
1606 3171 1988 3254 properaris,
2031 3191 2152 3233 nos
2198 3191 2340 3235 con-

324 3281 612 3343 sequere3
657 3281 807 3323 nam
851 3263 963 3323 aut
1010 3258 1372 3322 accedemus
1416 3259 1483 3321 in
1522 3258 1801 3342 Epirum
1848 3262 1962 3322 aut
2006 3258 2184 3321 tarde
2229 3279 2341 3341 per

325 3346 712 3412 Candaviam
749 3347 1004 3411 ibimus.
1079 3346 1572 3410 Dubitationem
1608 3350 1822 3411 autem
1862 3347 1937 3410 de
1974 3346 2175 3430 Epiro
2211 3367 2343 3411 non
2372 3373 2422 3411 :³5

323 3435 757 3516 inconstantia
799 3438 1024 3499 nostra
1071 3434 1425 3518 adferebat,
1474 3435 1587 3499 sed
1634 3435 1804 3519 quod
1849 3434 1926 3498 de
1971 3434 2186 3518 fratre,
2230 3434 2343 3498 ubi

326 3544 470 3588 eum
524 3523 726 3595 visuri
782 3543 1098 3605 essemus,
1150 3523 1621 3606 nesciebamus3
1678 3543 1867 3606 quem
1924 3521 2178 3605 quidem
2225 3543 2343 3608 ego
