2642 3923
635 211 1147 280 EPISTULARUM
1183 212 1282 265 AD
1321 212 1627 266 BRUTUM
1663 213 1689 265 I
1729 218 1812 280 16,
1854 218 1935 265 17.
2159 208 2285 273 547

405 355 521 440 Te,
577 353 826 438 Cicero,
882 375 1042 439 rogo
1091 360 1285 438 atque
1331 354 1587 439 hortor,
1641 377 1722 419 nc
1769 354 2118 437 defatigere
2161 375 2287 416 neu
2330 366 2397 414 10

274 444 541 526 diffidas,
604 464 851 527 semper
896 442 965 505 in
1010 443 1457 525 praesentibus
1502 442 1689 507 malis
1736 442 2151 525 prohibendis
2197 441 2291 504 fu-

272 536 421 596 tura
468 553 722 615 quoque
779 530 1100 614 explores,
1154 553 1235 595 ne
1283 553 1381 615 se,
1433 531 1561 594 nisi
1608 536 1756 595 ante
1806 531 1891 594 sit
1939 551 2289 611 occursum,

275 620 617 684 insinuent.
691 618 952 683 Fortem
999 622 1062 681 et
1106 619 1384 683 liberum
1431 620 1733 703 animum,
1779 640 1906 702 quo
1956 622 2020 682 et
2066 617 2291 681 consul

225 734 249 775 5
278 712 341 773 et
385 730 555 772 nunc
600 707 955 771 consularis
1002 729 1133 770 rem
1182 707 1505 789 publicam
1551 707 1910 790 vindicasti,
1965 706 2102 770 sine
2147 726 2291 769 con-

279 797 517 860 stantia
571 800 635 860 et
689 795 1143 878 aequabilitate
1196 795 1448 859 nullum
1501 817 1639 859 esse
1694 796 1958 878 putaris
2059 794 2292 857 Fateor

278 884 446 947 enim
527 884 849 947 duriorem
923 905 1057 946 esse
1131 883 1564 947 condicionem
1639 887 1959 966 spectatae
2030 881 2290 945 virtutis

278 995 471 1056 quam
535 972 915 1055 incognitae.
1018 970 1190 1035 Bene
1250 972 1419 1035 facta
1482 993 1599 1054 pro
1663 971 1896 1035 debitis
1961 971 2292 1054 exigimus,

279 1083 440 1144 quae
496 1060 681 1123 aliter
741 1060 1066 1142 eveniunt,
1126 1063 1200 1122 ut
1245 1060 1492 1142 decepti
1539 1059 1619 1122 ab
1666 1060 1748 1123 iis
1794 1059 2030 1122 infesto
2078 1058 2291 1121 animo

204 1176 252 1213 10
278 1148 815 1232 reprehendimus,
917 1146 1146 1229 Itaque
1207 1148 1506 1211 resistere
1559 1146 1846 1211 Antonio
1905 1146 2294 1226 Ciceronem,

279 1238 401 1300 etsi
447 1237 727 1300 maxima
772 1235 957 1298 laude
994 1234 1260 1318 dignum
1299 1240 1412 1319 est,
1457 1239 1691 1318 tamen,
1736 1235 1886 1319 quia
1922 1236 2031 1298 ille
2070 1233 2294 1298 consul

280 1325 448 1388 hunc
501 1324 900 1388 consularem
959 1324 1190 1386 merito
1245 1328 1570 1406 praestare
1625 1323 1903 1409 videtur,
1954 1343 2142 1386 nemo
2190 1322 2293 1384 ad-

280 1413 574 1495 miratu13
632 1412 798 1475 idem
848 1410 1095 1494 Cicer0,
1150 1411 1204 1474 si
1258 1410 1510 1475 flexerit
1567 1412 1870 1475 adversus
1927 1412 2087 1475 alios
2134 1410 2294 1473 iudi·
2334 1426 2392 1472 11

279 1502 449 1565 cium
496 1521 701 1584 suum,
746 1499 914 1582 quod
962 1503 1143 1562 tanta
1189 1500 1493 1563 firmitate
1540 1521 1612 1563 ac
1656 1500 2099 1584 magnitudine
2135 1498 2294 1561 dire-

201 1614 252 1653 15
279 1590 377 1652 xit
422 1589 492 1651 in
539 1587 934 1651 exturbando
972 1587 1278 1670 Antonio,
1323 1609 1455 1651 non
1489 1587 1679 1651 modo
1717 1587 1946 1671 reliqui
1983 1587 2293 1669 temporis

282 1677 556 1761 gloriam
601 1676 906 1757 eripuerit
949 1675 1095 1760 sibi,
1140 1674 1249 1738 sed
1295 1676 1490 1739 etiam
1534 1676 1881 1759 praeterita
1924 1696 2294 1738 evanescere

283 1767 485 1848 coget.
578 1761 762 1826 Nihil
822 1763 990 1826 enim
1046 1784 1159 1846 per
1216 1785 1283 1826 se
1339 1763 1623 1846 amplum
1679 1767 1797 1846 est,
1858 1764 1984 1826 nisi
2040 1763 2110 1826 in
2165 1783 2293 1845 quo

283 1852 500 1916 iudicii
555 1852 720 1915 ratio
775 1854 1002 1914 exstat.
1096 1849 1264 1925 Quin
1318 1852 1636 1916 neminem
1683 1852 1890 1935 magis
1937 1851 2114 1914 decet
2161 1872 2294 1913 rem

282 1940 605 2024 publicam
661 1961 873 2004 amare
927 1939 1376 2023 libertatisque
1421 1940 1816 2004 defensorem
1874 1960 2009 2003 esse
2058 1939 2157 2003 vel
2202 1938 2295 2002 in-

203 2056 255 2096 20
284 2029 472 2113 genio
531 2028 629 2092 vel
682 2028 874 2092 rebus
929 2028 1130 2112 gestis
1176 2028 1279 2091 vel
1340 2028 1550 2092 studio
1597 2032 1790 2111 atque
1834 2028 2297 2112 efflagitatione

285 2117 586 2181 omnium.
679 2114 885 2190 Quare
936 2137 1069 2179 non
1115 2113 1416 2180 Octavius
1474 2119 1572 2180 est
1616 2116 1967 2200 rogandus,
2021 2118 2095 2178 ut
2140 2115 2296 2178 velit

285 2227 402 2269 nos
452 2204 662 2268 salvos
710 2225 873 2287 esse,
918 2204 1125 2304 magis
1171 2208 1313 2267 tute
1359 2208 1423 2268 te
1471 2204 1807 2287 exsuscita,
1852 2209 1925 2267 ut
1972 2226 2111 2267 eam
2148 2203 2296 2266 civi-

285 2297 514 2376 tatem,
566 2293 636 2356 in
691 2313 817 2375 qua
869 2292 1147 2355 maxima
1202 2293 1482 2376 gessisti,
1541 2255 1809 2356 liberani
1869 2296 2061 2374 atque
2106 2292 2297 2355 hone-

286 2386 453 2445 stam
488 2380 626 2443 fore
661 2383 867 2464 putee,
896 2380 951 2443 si
986 2379 1177 2443 modo
1215 2381 1347 2443 sint
1382 2380 1622 2501 populo
1661 2381 1851 2444 duces
1888 2381 1967 2443 ad
2001 2379 2298 2443 resisten-

201 2497 254 2535 25
286 2470 438 2533 dum
484 2468 924 2552 improborum
971 2468 1270 2532 consiliis.

1191 2730 1396 2795 XVII.

635 2876 747 2933 Ser.
778 2877 911 2932 med.
943 2895 1010 2932 m.
1041 2879 1190 2944 Iun„
1218 2885 1279 2932 ut
1314 2879 1546 2945 videtum,
1583 2896 1633 2931 a.
1667 2881 1771 2932 711
1812 2881 1949 2946 (43).

912 3035 1196 3089 BRUTUS
1233 3033 1494 3089 ATTICO
1535 3035 1664 3088 SAL

423 3169 662 3234 Scribis
716 3170 879 3234 mihi
932 3169 1154 3233 mirari
1210 3168 1605 3252 Ciceronem,
1662 3169 1832 3252 quod
1885 3169 2053 3232 nihil
2108 3170 2300 3253 signi-

196 3288 255 3327 30
288 3259 471 3323 ficem
529 3280 832 3341 umquam
891 3259 967 3322 de
1027 3258 1160 3322 suis
1222 3259 1397 3321 actis
1493 3256 1808 3333 Quoniam
1866 3279 1968 3321 me
2027 3256 2302 3342 flagitaS,

286 3352 511 3411 coactu
565 3352 702 3410 tuo·
736 3347 1037 3427 scribam,
1098 3368 1260 3429 quae
1317 3345 1543 3409 sentio,
1635 3342 1867 3423 Omnia
1918 3346 2146 3408 fecisse
2201 3343 2301 3409 Oi-

286 3457 580 3500 ceronem
626 3435 870 3517 optimo
917 3435 1130 3498 animo
1181 3434 1338 3516 sci03
1396 3433 1548 3516 quid
1596 3433 1765 3496 enim
1809 3433 1970 3496 mihi
2016 3432 2301 3516 explora-

286 3524 420 3587 tius
468 3545 606 3587 esse
650 3526 867 3599 potest
914 3544 1106 3605 quam
1152 3521 1330 3584 illius
1371 3521 1620 3584 animus
1657 3521 1726 3584 in
1763 3543 1896 3584 rem
1934 3521 2299 3604 publicam?

1878 3624 1982 3676 35*
