2642 3923
228 313 262 362 9

198 1634 263 1682 10

305 153 428 217 152
934 151 1009 206 M.
1048 152 1260 207 TULLI
1297 151 1674 208 CICERONIS

431 295 578 381 Ego
571 346 622 384 Ι
651 316 796 360 cum
840 295 1215 361 Laodiceam
1262 318 1524 382 venero,
1578 295 1846 382 Quinto,
1891 295 2130 360 sororis
2166 299 2316 360 tuae

301 383 455 469 filio,
500 387 719 469 togam
764 406 993 468 puram
1039 384 1265 449 iubeor
1311 384 1475 450 dare.
1568 382 1689 450 Cui
1743 383 2123 449 moderabor
2177 384 2315 447 dili-

301 472 574 557 gentius.
664 471 1008 537 Deiotarus
1017 522 1035 556 ,
1091 473 1272 536 cuius
1329 472 1585 537 auxiliis
1639 472 1890 557 magnis
1944 494 2099 536 usus
2155 494 2315 556 sum,

302 560 381 623 ad
436 582 563 645 me,
617 565 692 624 ut
747 561 1029 646 scripsit,
1084 582 1229 625 cum
1288 559 1700 625 Ciceronibus
1746 559 2123 625 Laodiceam
2168 581 2314 624 ven-

301 652 487 712 turus
543 652 696 713 erat.
788 647 958 713 Tuas
1014 649 1207 713 etiam
1260 648 1627 732 Epiroticas
1688 653 1985 733 exspecto
2045 648 2312 733 litteras,
2374 675 2402 714 ⁵

301 740 374 799 ut
417 736 686 801 habeam
731 738 1048 802 rationem
1089 759 1224 802 non
1275 737 1465 801 modo
1518 737 1764 822 negotii
1749 790 1809 823 ὁ,
1844 758 2066 801 verum
2120 737 2311 801 etiam

302 825 420 889 otii
483 826 597 888 tui.
688 822 971 890 Nicanor
1032 825 1102 889 in
1168 826 1381 890 officio
1446 830 1544 889 est
1599 828 1664 889 et
1720 848 1756 890 a
1808 847 1910 890 me
1963 824 2314 890 liberaliter

300 917 633 980 tractatur.
724 912 943 997 Quem,
987 917 1060 977 ut
1105 919 1284 998 puto,
1330 912 1602 978 Romam
1648 935 1790 977 cum
1828 913 2064 977 litteris
2109 912 2314 996 publi-

300 1000 389 1064 cis
434 1001 717 1086 mittam,
770 1006 846 1065 ut
891 1006 956 1065 et
1003 1001 1373 1087 diligentius
1419 1002 1820 1086 perferantur
1814 1052 1861 1088 Ι
1903 1006 1967 1065 et
2020 1001 2186 1065 idem
2233 1000 2311 1064 ad

301 1111 403 1153 me
466 1093 640 1153 certa
700 1088 777 1153 de
840 1094 906 1154 te
969 1093 1035 1154 et
1099 1112 1136 1153 a
1198 1094 1262 1153 te
1318 1089 1568 1154 referat.
1659 1089 1881 1155 Alexis
1930 1090 2100 1173 quod
2153 1089 2311 1153 mihi
2344 1116 2399 1155 ιο

299 1178 540 1241 totiens
579 1177 848 1242 salutem
886 1176 1211 1263 adscribit,
1248 1181 1347 1242 est
1384 1182 1667 1262 gratum3
1715 1178 1825 1242 sed
1862 1197 1973 1242 cur
2009 1199 2141 1242 non
2178 1178 2310 1241 suis

298 1265 534 1330 litteris
572 1265 739 1329 idem
772 1266 965 1351 facit,
991 1266 1162 1350 quod
1197 1288 1376 1330 meus
1414 1266 1492 1330 ad
1529 1270 1593 1329 te
1622 1265 1843 1330 Alexis
1891 1265 2088 1330 facit?
2151 1264 2311 1329 Phe·

299 1354 431 1418 mio
485 1354 813 1438 quaeritur
867 1353 1075 1438 κέρας.
1177 1352 1300 1418 Sed
1354 1354 1510 1418 haec
1572 1353 1897 1418 hactenus.
1992 1352 2200 1437 Cura4
2238 1358 2313 1417 ut

301 1441 539 1529 valeas,
598 1445 663 1505 et
714 1446 790 1507 ut
846 1442 1087 1528 sciam!
1124 1443 1377 1526 quando
1425 1443 1668 1528 cogites
1714 1440 2002 1507 Romam.
2092 1442 2310 1506 Etiam

303 1533 495 1613 atque
540 1530 733 1594 etiam
777 1531 933 1595 vale.
2339 1555 2392 1595 ιε»

433 1617 571 1682 Tua
622 1621 897 1702 tuosque
941 1617 1218 1684 Thermo
1274 1622 1340 1683 et
1394 1640 1693 1702 praesens
1747 1618 1992 1703 Ephesi
2047 1618 2311 1703 diligen-

300 1706 548 1770 tissime
593 1706 1099 1772 commendaram
1154 1711 1218 1770 et
1270 1728 1443 1771 nunc
1497 1728 1611 1791 per
1662 1707 1915 1771 litteras
1971 1707 2310 1790 ipsumque

300 1794 589 1858 intellexi
635 1815 774 1859 esse
818 1795 1290 1878 perstudiosum
1326 1795 1441 1858 tui.
1515 1794 1614 1860 Tu
1650 1795 1860 1879 velim,
1908 1794 2076 1879 quod
2122 1799 2310 1858 antea

300 1881 379 1946 ad
423 1886 488 1946 te
536 1882 779 1967 scripsi,
826 1882 902 1946 de
938 1883 1125 1948 domo
1162 1882 1490 1947 Pammeni
1528 1884 1637 1947 des
1676 1904 1968 1969 operam,
1998 1886 2108 1969 ut,
2138 1882 2307 1967 quod

297 1976 412 2036 tuo
449 1993 717 2055 meoque
752 1971 1058 2036 beneficio
1094 1993 1252 2056 puer
1286 1972 1502 2057 habet,
1538 1994 1752 2063 cures,
1780 1994 1860 2036 ne
1898 1993 2023 2056 qua
2059 1972 2307 2036 ratione
2336 1997 2389 2036 ιο

298 2060 708 2125 convellatur.
781 2058 1057 2144 Utrique
1090 2065 1384 2125 nostrum
1418 2060 1761 2125 honestum
1799 2060 2125 2144 existim03
2169 2063 2305 2123 tum

297 2146 455 2212 mihi
503 2149 625 2212 erit
669 2152 1058 2233 pergratum.

1205 2321 1375 2388 XXI.

705 2444 817 2501 Ser.
857 2445 1162 2500 Laodiceae
1196 2444 1285 2499 Id.
1325 2444 1486 2499 Febr.
1526 2462 1576 2499 a.
1619 2448 1728 2501 704
1764 2448 1903 2514 (50).

935 2566 1188 2623 CICERO
1226 2565 1488 2622 ATTICO
1527 2566 1675 2624 SAL.

432 2675 521 2741 Te
574 2675 643 2740 in
696 2674 969 2760 Epirum
1027 2676 1275 2749 salvum
1328 2676 1576 2741 venisse
1631 2680 1723 2762 et,
1785 2681 1860 2740 ut
1916 2676 2141 2741 scribis
2149 2727 2167 2760 ,
2232 2699 2304 2741 ex

303 2765 620 2829 sententia
645 2765 982 2850 navigasse
1009 2764 1416 2829 vehementer
1443 2765 1708 2850 gaudeO,
1741 2786 1874 2829 non
1903 2787 2040 2829 esse
2067 2764 2308 2830 Romae

299 2874 440 2918 meo
487 2857 772 2936 tempore
817 2853 1286 2936 pernecessario
1344 2853 1733 2918 submoleste
1776 2853 1929 2918 fero.
2021 2852 2164 2918 Hoc
2207 2876 2308 2918 me

300 2945 542 3005 tamen·
559 2941 854 3006 consolor
913 2962 1070 3027 uno,
1128 2962 1314 3024 spero
1377 2944 1442 3006 te
1497 2942 1647 3006 istic
1702 2941 1973 3006 iucunde
2029 2941 2308 3006 hiemare

300 3033 365 3093 et
424 3029 699 3094 libenter
761 3029 1167 3114 requiescere.
1265 3028 1329 3095 C'.
1377 3027 1664 3113 Cassius,
1721 3029 1921 3093 frater
1981 3028 2049 3106 Q.
2108 3028 2308 3116 Cassi,
2333 3055 2382 3096 30

299 3118 634 3181 familiaris
697 3118 821 3202 tui,
884 3117 1294 3200 pudentiores
1355 3118 1500 3181 illas
1560 3118 1811 3182 litteras
1880 3119 2168 3202 miserat,
2233 3118 2307 3182 de

300 3206 534 3289 quibus
581 3208 655 3269 tu
700 3227 777 3269 ex
822 3228 924 3270 me
979 3206 1276 3290 requiris,
1338 3206 1491 3289 quid
1547 3206 1672 3270 sibi
1717 3206 2064 3293 voluerint,
2117 3228 2306 3290 quam

299 3315 431 3377 eas,
488 3315 647 3377 quas
706 3296 929 3377 postea
983 3294 1187 3377 misit,
1244 3295 1479 3377 quibus
1525 3316 1639 3377 per
1686 3315 1752 3358 se
1798 3294 2023 3359 scribit
2068 3295 2308 3360 confec·

299 3386 437 3445 tum
485 3402 622 3444 esse
665 3379 1035 3445 Parthicum
1080 3382 1335 3446 bellum.
1427 3380 1844 3447 Recesserant
1900 3383 1999 3446 illi
2054 3383 2308 3467 quidem

299 3468 380 3532 ab
418 3467 765 3533 Antiochia
810 3473 958 3532 ante
1002 3468 1223 3534 Bibuli
1268 3471 1637 3557 adventum,
1697 3471 1806 3535 sed
1857 3471 2039 3536 nullo
2083 3475 2307 3561 nostro
2334 3499 2381 3538 35

2335 2613 2384 2654 25
