2642 3923
578 209 1091 264 EPISTULARUM
1128 209 1227 263 AD
1263 208 1590 267 ATTICUM
1626 209 1677 263 V
1720 216 1939 265 11-13,
2157 210 2276 271 141

261 352 407 416 inde
453 349 738 437 Gyarum
786 375 976 419 saevo
1022 358 1234 437 vento,
1292 375 1423 419 non
1472 353 1765 438 adverso3
1829 353 1979 419 hinc
2026 353 2281 438 Syrum,

263 440 408 505 inde
464 440 726 527 Delum,
782 447 1060 526 utroque
1114 443 1333 525 citius,
1394 464 1586 527 quam
1633 443 1942 507 vellemus
1953 494 1970 525 ‚
2025 464 2280 507 cursum

262 530 667 596 confecimus.
766 528 937 595 Nam
999 531 1172 596 nosti
1239 531 1544 616 aphracta
1600 530 2026 615 Rhodiorum3
2098 530 2281 614 nihil,

264 618 433 702 quod
469 619 683 683 minus
719 617 989 684 fluctum
1027 619 1192 686 ferre
1234 620 1455 704 possit.
1530 618 1756 703 Itaque
1794 624 1931 684 erat
1969 620 2035 683 in
2064 619 2278 683 animo

209 729 234 769 ⁵
261 706 427 771 nihil
462 707 764 771 festinare
803 706 1023 793 [Delo]
1061 730 1177 773 nec
1211 729 1315 772 me
1351 728 1625 792 movere,
1661 708 1785 772 nisi
1825 709 2040 772 omnia
2077 708 2280 792 ἀκρω-

262 798 456 879 τήρια
502 796 696 875 οὔρια
742 796 1057 860 vidissem.

395 881 493 947 De
529 883 828 949 Messalla
873 883 951 948 ad
987 888 1071 969 te,
1115 885 1337 950 statim
1375 890 1449 949 ut
1488 884 1719 968 audivi,
1766 885 1844 947 de
1881 882 2096 969 Gyaro
2135 884 2278 949 dedi
2315 898 2347 945 2

261 971 514 1037 litteras
561 976 625 1036 et
671 972 736 1037 id
781 974 994 1057 ipsum
1038 974 1374 1038 consilium
1419 977 1712 1037 nostrum
1759 974 1953 1037 etiam
2001 973 2080 1037 ad
2119 972 2280 1036 Hor-

264 1061 569 1143 tensium,
623 1061 726 1126 cui
772 1060 1028 1146 quidem
1074 1062 1256 1126 valde
1299 1065 1751 1144 συνηγωνίων.
1844 1059 1967 1126 Sed
2012 1065 2157 1126 tuas
2205 1062 2280 1126 de

185 1171 235 1211 ιο
264 1150 401 1214 eius
452 1149 669 1213 iudicii
716 1149 1119 1214 sermonibus
1166 1155 1231 1214 et
1275 1148 1637 1214 mehercule
1684 1150 1859 1214 omni
1905 1150 1982 1214 de
2027 1150 2122 1214 rei
2166 1173 2279 1234 pu-

263 1237 466 1301 blicae
530 1242 706 1302 statu
763 1239 1016 1303 litteras
1081 1243 1380 1323 exspecto
1443 1243 1958 1322 πολιτικώτερον
2024 1238 2280 1323 quidem

264 1326 555 1410 scriptaS,
600 1327 904 1411 quoniam
949 1347 1124 1391 meos
1166 1349 1309 1392 cum
1349 1326 1754 1391 'Thallumeto
1791 1329 2018 1391 nostro
2057 1349 2278 1412 pervo-

262 1415 433 1479 lutas
487 1414 717 1499 libros,
779 1415 916 1480 eius
972 1415 1174 1500 modi,
1236 1416 1528 1500 inquam,
1577 1415 1857 1501 litteraS,
1910 1436 1989 1479 ex
2043 1415 2277 1500 quibus

263 1524 402 1603 eg0,
446 1525 579 1567 non
637 1504 791 1588 quid
834 1503 949 1567 fiat
995 1467 1182 1589 (nam
1227 1503 1292 1568 id
1339 1505 1443 1570 vel
1486 1468 1827 1586 fieloniuS,
1887 1504 1988 1567 vir
2033 1505 2279 1588 gravis-

185 1611 234 1652 ιε
264 1592 493 1677 simus,
546 1595 764 1676 potest
808 1592 1081 1674 efficere,
1127 1593 1325 1657 cliens
1370 1590 1591 1679 tuus),
1636 1592 1746 1656 sed
1792 1591 1944 1675 quid
1989 1592 2279 1656 futurum

263 1680 370 1764 sit,
414 1644 627 1745 sc'iam

397 1767 560 1834 Cum
602 1768 761 1834 haec
802 1768 999 1854 leges„
1040 1768 1423 1833 habebimus
1469 1768 1779 1834 consules
1868 1766 2099 1834 Omnia
2143 1793 2279 1853 per-

265 1857 506 1941 spicere
561 1858 804 1941 poteris
860 1858 935 1922 de
981 1855 1280 1942 Caesare,
1340 1857 1416 1921 de
1461 1856 1794 1959 Pompeio,
1851 1856 1927 1921 de
1980 1858 2141 1941 ipsis
2187 1859 2280 1923 iu-

266 1945 462 2011 dieiis.
534 1943 781 2011 Nostra
816 1950 1030 2012 autem
1066 1911 1347 2032 negotia,
1392 1946 1696 2030 quoniam
1733 1909 1975 2011 R'omae
2003 1967 2279 2011 commo·
2316 1958 2347 2006 3
2413 1980 2420 1987 ·

184 2055 237 2094 ἰο
264 2037 448 2120 raris,
485 2034 712 2099 amabo
748 2039 831 2118 te,
870 2036 1130 2120 explica.
1205 2033 1328 2100 Cui
1363 2035 1457 2099 rei
1493 2035 1748 2120 fugerat
1781 2057 1885 2099 me
1912 2036 2279 2121 rescribere,

267 2123 340 2188 de
387 2128 563 2188 strue
608 2124 900 2208 laterum,
945 2125 1132 2208 plane
1177 2145 1358 2209 rog0,
1402 2123 1478 2188 de
1524 2145 1708 2209 aqua,
1755 2125 1811 2188 si
1848 2122 2001 2208 quid
2037 2125 2280 2208 poterit

264 2212 422 2298 fieri,
465 2232 540 2276 eo
578 2212 668 2276 sis
707 2213 940 2298 animo,
985 2233 1112 2297 quo
1152 2212 1320 2277 soles
1358 2233 1524 2296 esse;
1571 2234 1764 2295 quam
1800 2233 1919 2296 ego
1957 2234 2102 2276 cum
2139 2234 2280 2276 mea

266 2305 495 2384 sponte
552 2304 693 2364 tum
751 2301 882 2364 tuis
939 2300 1340 2365 sermonibus
1396 2300 1666 2366 aestimo
1721 2300 1999 2383 plurimi.
2100 2300 2277 2385 Ergo

264 2393 338 2453 tu
394 2388 460 2452 id
508 2388 820 2453 conficies.
903 2387 1264 2474 Praeterea,
1310 2389 1368 2453 si
1416 2388 1568 2473 quid
1615 2387 1954 2473 Philippus
2001 2389 2280 2475 rogabit,

184 2496 236 2537 25
266 2477 438 2561 quod
480 2476 550 2540 in
593 2481 706 2541 tua
751 2498 820 2542 re
859 2477 1117 2561 faceres,
1162 2477 1227 2541 id
1265 2477 1456 2541 velim
1492 2477 1707 2541 facias,
1781 2475 1976 2541 Plura
2005 2477 2279 2542 scribam

265 2565 343 2630 ad
378 2569 464 2650 te,
498 2586 643 2630 cum
679 2567 1044 2631 constitere.
1109 2563 1298 2630 Nunc
1333 2587 1505 2630 eram
1544 2564 1730 2650 plane
1767 2566 1837 2629 in
1862 2566 2071 2631 medio
2099 2568 2276 2630 mari.

671 2809 784 2867 Ser.
815 2811 1023 2880 Eploesi
1065 2705 1471 2866 νιιξὲΙὲεωι.
1501 2828 1554 2866 a.
1586 2814 1695 2866 703
1732 2814 1870 2879 (51).

900 2905 1156 2963 CICERO
1193 2905 1455 2961 ATTICO
1495 2906 1643 2961 SAL

184 3027 238 3067 so
396 2997 725 3100 Ephesum
775 2999 1063 3064 venimus
1108 3021 1162 3063 a.
1192 2998 1247 3062 d.
1276 3015 1351 3062 xl
1389 2996 1530 3062 Kal.
1564 2995 1841 3063 Sextiles
1879 2998 2276 3100 sexagesimo
2317 3019 2340 3067 1

265 3092 330 3152 et
384 3088 896 3190 quingentesimo
951 3091 1101 3171 post
1155 3107 1438 3172 pugnam
1493 3085 2278 3172 Bovillanam.Nav1ga

263 3175 471 3240 vimus
519 3177 656 3241 sine
700 3176 932 3240 timore
978 3179 1044 3238 et
1089 3175 1225 3239 sine
1270 3196 1527 3258 nausea,
1574 3173 1682 3238 sed
1727 3174 1974 3239 tardius
2013 3180 2279 3259 propter

262 3264 716 3349 aphractorum
759 3263 1161 3334 Rhodiorum
1206 3263 1729 3328 imbecillitatem.
1820 3260 1919 3327 De
1964 3284 2276 3328 concursu

262 3351 684 3438 legationum,
737 3354 1135 3436 privatorum
1190 3354 1256 3415 et
1310 3350 1388 3415 de
1440 3350 1795 3453 incredibili
1844 3351 2279 3437 multitudine,

185 3468 236 3509 ³⁵
263 3463 425 3527 quae
468 3440 633 3504 mihi
675 3441 806 3505 iam
843 3438 1035 3523 Sami,
1082 3438 1191 3504 sed
1236 3438 1650 3504 mirabilem
1631 3461 1701 3504 m
1736 3439 1995 3503 modum
2031 3404 2279 3523 Ephesi

262 3533 520 3614 praesto
557 3529 701 3615 fuit,
746 3534 857 3593 aut
903 3491 1154 3593 audisse
1199 3531 1264 3593 te
1311 3533 1470 3612 puto
1519 3532 1630 3592 aut
1678 3525 1864 3603 ‘Quid
1911 3526 1991 3590 ad
2036 3548 2137 3591 me
2184 3532 2274 3591 at·
