2642 3923
292 335 323 384 '1

246 3333 312 3381 10

362 174 490 239 298
1007 175 1079 229 Μ.
1118 174 1335 229 TULLI
1371 174 1746 231 CICERONIS

495 316 658 383 Cum
712 317 869 382 haec
915 319 1330 401 scripsissem,
1396 341 1433 383 a
1479 316 1755 383 Curione
1800 319 1960 383 mihi
2006 322 2380 387 nuntiatum

362 410 459 471 est
506 428 651 471 eum
697 406 777 470 ad
821 428 922 470 me
968 409 1199 470 venire.
1273 405 1558 471 Venerat
1605 408 1775 472 enim
1820 408 1877 471 is
1914 409 1984 471 in
2020 406 2380 475 Cumanum

362 496 609 579 vesperi
653 495 878 579 pridie,
923 494 989 557 id
1037 499 1132 558 est
1167 492 1405 559 Idibus.
1483 492 1551 558 Si
1600 495 1752 579 quid
1788 496 1991 580 igitur
2029 498 2164 561 eius
2202 499 2379 563 modi

364 604 571 647 sermo
627 584 762 647 eius
820 582 1138 666 attulerit,
1204 583 1375 665 quod
1430 583 1510 647 ad
1564 587 1630 647 te
1686 584 2088 649 scribendum
2144 586 2256 671 sit,
2310 587 2379 651 id

360 670 464 739 his
509 671 749 735 litteris
796 671 1154 755 adiungam.
2438 701 2464 741 ⁵

492 758 833 823 Praeteriit
889 759 1109 822 villam
1154 781 1363 823 meam
1411 757 1606 823 Curio
1651 759 1968 844 iussitque
2013 761 2175 825 mihi
2218 784 2377 825 nun-

360 847 512 911 tiari
567 868 718 911 mox
774 869 842 911 se
897 851 1238 911 venturum
1296 847 1702 932 cucurritque
1756 846 2228 935 Pute0108,ut
2284 851 2376 914 ibi

363 935 860 1000 contionaretur.
934 933 1363 999 Contionatus
1402 939 1519 1021 est,
1563 935 1772 1018 rediit,
1807 936 1934 999 fuit
1971 936 2050 1000 ad
2086 958 2189 1002 me
2226 960 2377 1002 sane

361 1023 486 1088 diu.
580 1020 632 1087 Ο
688 1046 824 1087 rem
878 1023 1153 1087 foedam!
1226 1021 1423 1087 Nosti
1475 1023 1830 1108 hominem3
1892 1024 2060 1089 nihil
2105 1026 2376 1091 occulta·

361 1112 484 1196 vit,
536 1112 605 1176 in
652 1112 876 1195 primis
922 1111 1088 1175 nihil
1134 1133 1270 1175 esse
1317 1112 1573 1197 certius,
1619 1135 1810 1196 quam
1857 1117 1931 1176 ut
1978 1135 2218 1199 omnes,
2263 1116 2374 1199 qui
2408 1141 2465 1181 10

360 1199 501 1284 lege
546 1199 849 1284 Pompeia
909 1200 1310 1263 condemnati
1358 1204 1599 1285 essent,
1653 1201 2159 1266 restituerentur.
2250 1200 2377 1266 Ita-

362 1309 485 1372 que
533 1310 600 1352 se
645 1287 715 1352 in
763 1286 980 1351 Sicilia
1026 1310 1247 1353 eorum
1295 1310 1489 1371 opera
1534 1310 1816 1353 usurum.
1900 1287 1997 1353 De
2043 1289 2377 1374 Hispaniis

358 1397 493 1440 non
537 1375 892 1461 dubitabat,
941 1376 1095 1460 quin
1135 1374 1427 1440 Caesaris
1475 1381 1704 1441 essent.
1779 1375 1933 1441 Inde
1979 1378 2192 1461 ipsum
2230 1401 2376 1443 cum

360 1464 666 1547 exercitu,
726 1464 1108 1547 ubicumque
1153 1464 1496 1548 Pompeius
1552 1470 1735 1530 esset.
1826 1465 1986 1530 Eius
2043 1467 2374 1531 interitum

358 1552 551 1616 finem
588 1552 741 1635 †illi
785 1553 938 1617 fore.
1010 1552 1283 1637 Propius
1330 1553 1571 1617 factum
1616 1575 1754 1617 esse
1798 1552 1990 1637 nihi13
2035 1555 2151 1631 †ei
2188 1556 2375 1638 plane
2408 1581 2462 1623 15

360 1640 686 1705 iracundia
752 1640 990 1705 elatum
1053 1642 1336 1706 voluisse
1391 1638 1728 1706 Caesarem
1787 1642 1985 1706 occidi
2040 1642 2375 1707 Metellum

360 1729 692 1793 tribunum
739 1729 824 1813 pl.
916 1728 1099 1805 Quod
1144 1731 1197 1793 si
1245 1733 1414 1793 esset
1460 1729 1720 1808 factum,
1774 1731 2029 1795 caedem
2073 1751 2375 1815 magnam

357 1817 640 1881 futuram
711 1818 928 1883 fuisse.
1033 1816 1398 1883 Permultos
1480 1817 1845 1882 hortatores
1928 1839 2067 1883 esse
2147 1820 2376 1906 caediS,

356 1906 569 1990 ipsum
621 1910 834 1971 autem
877 1927 1010 1971 non
1055 1906 1386 1971 voluntate
1433 1910 1546 1971 aut
1589 1910 1821 1972 natura
1864 1928 1998 1972 non
2054 1928 2192 1973 esse
2237 1930 2373 1973 cru-

357 1995 587 2080 delem,
642 1996 751 2060 sed
807 1995 977 2079 quod
1031 1996 1408 2079 popularem
1450 2001 1708 2077 putaret
1761 2017 1901 2060 esse
1954 1996 2372 2061 clementiam.
2405 2023 2461 2063 80

359 2082 599 2159 Quodsi
636 2083 860 2167 populi
898 2084 1181 2147 studium
1222 2083 1557 2168 amisisset,
1603 2083 1923 2148 crudelem
1958 2084 2111 2149 fore.
2180 2085 2376 2149 Eum·

358 2192 482 2255 que
525 2172 991 2256 perturbatum,
1037 2172 1209 2255 quod
1254 2172 1657 2256 intellegeret
1695 2193 1762 2236 se
1799 2172 1966 2255 apud
2005 2172 2211 2255 ipsam
2247 2174 2375 2256 ple-

356 2260 501 2323 bem
548 2260 885 2323 offendisse
932 2259 1008 2323 de
1046 2260 1307 2324 aerario.
1382 2257 1629 2344 Itaque,
1672 2260 1729 2323 ei
1766 2281 1912 2324 cum
1948 2260 2374 2324 certissimum

355 2348 612 2432 fuisset,
686 2352 1030 2430 antequam
1089 2347 1627 2432 proficisceretur,
1691 2349 2057 2412 contionem
2118 2349 2375 2433 habere,

357 2457 584 2500 ausum
628 2458 761 2501 non
804 2457 942 2499 esse
987 2435 1522 2519 vehementerque
1560 2436 1773 2500 animo
1812 2437 2192 2520 perturbato
2232 2460 2374 2521 pro·
2403 2463 2458 2503 2⁵

356 2524 610 2588 fectum.
702 2522 865 2589 Cum
920 2528 1135 2589 autem
1193 2545 1271 2587 ex
1328 2544 1403 2587 eo
1462 2545 1858 2609 quaererem,
1915 2525 2068 2607 quid
2113 2520 2376 2610 videret,

356 2634 545 2695 quem
599 2616 921 2695 eventum,
978 2634 1171 2697 quam
1224 2633 1360 2676 rem
1413 2612 1764 2696 publicam,
1819 2612 2006 2696 plane
2049 2613 2375 2677 fatebatur

352 2700 597 2764 nullam
633 2723 809 2785 spem
845 2701 1175 2784 reliquam.
1238 2699 1505 2784 Pompei
1542 2701 1811 2785 classem
1846 2701 2134 2765 timebat.
2200 2700 2375 2777 Quae

354 2789 411 2853 si
457 2791 712 2873 exisset,
758 2810 824 2853 se
871 2789 948 2853 de
985 2787 1205 2853 Sicilia
1242 2789 1588 2853 abiturum.
1664 2787 1858 2864 ‘Quid
1892 2788 2049 2874 isti',
2092 2790 2374 2874 inquam,

352 2877 486 2941 ‘sex
523 2877 622 2941 tui
658 2878 902 2942 fasces?
978 2876 1033 2940 si
1070 2900 1107 2941 a
1145 2881 1400 2961 senatu,
1459 2898 1572 2941 cur
1606 2877 1922 2941 laureati?
1997 2878 2053 2941 si
2092 2877 2172 2941 ab
2210 2878 2372 2961 ips0,
2400 2903 2455 2943 30

352 2987 464 3030 cur
509 2966 686 3030 sex‘?'
763 2965 1058 3050 ‘Cupivi',
1113 2965 1356 3049 inquit,
1413 2964 1513 3029 ‘ex
1572 2968 1829 3029 senatus
1891 2966 2187 3030 consulto
2237 2988 2373 3030 sur-

350 3059 574 3137 rupt03
619 3076 770 3118 nam
817 3054 1003 3118 aliter
1045 3075 1172 3119 non
1221 3057 1493 3137 poterat.
1567 3052 1659 3117 At
1695 3053 1804 3117 ille
1842 3053 2164 3137 impendio
2202 3075 2373 3118 nunc

350 3143 555 3226 magis
614 3143 750 3207 odit
806 3146 1113 3206 senatum.
1205 3140 1265 3205 A
1319 3143 1464 3226 me',
1521 3141 1766 3226 inquit,
1825 3141 2064 3207 ‘omnia
2122 3142 2373 3226 profici-

352 3229 645 3294 scentur.'
722 3228 875 3294 ‘Cur
921 3235 1136 3294 autem
1181 3250 1290 3294 sex
1302 3230 1360 3295 ?’
1424 3227 1609 3305 ‘Quia
1653 3247 1753 3294 ΧΠ
1788 3230 1998 3313 nolui3
2041 3252 2191 3294 nam
2226 3231 2373 3295 lice-

351 3318 505 3382 bat.'
595 3317 761 3381 Tum
831 3339 950 3403 ego
1006 3318 1235 3393 ‘Quam
1289 3319 1561 3405 vellem',
1623 3318 1913 3404 inquam,
1975 3319 2237 3402 ‘petisse
2291 3319 2371 3383 ab
2400 3345 2453 3387 ³5

350 3426 453 3488 eo,
525 3405 697 3488 quod
761 3407 949 3470 audio
1013 3405 1387 3490 Philipp‘um
1451 3407 1854 3490 impetrasse!
1938 3405 2064 3471 Sed
2124 3408 2370 3472 veritus

350 3512 511 3574 sum,
558 3492 708 3574 quia
752 3493 862 3556 ille
908 3515 945 3557 a
990 3516 1090 3557 me
1136 3495 1302 3558 nihil
1348 3494 1777 3579 impetrabat.'
1862 3493 2234 3579 ‘Libenter’,
2279 3497 2370 3559 in-
