<?xml version="1.0" encoding="UTF-8"?>
<!DOCTYPE html PUBLIC "-//W3C//DTD XHTML 1.0 Transitional//EN"
    "http://www.w3.org/TR/xhtml1/DTD/xhtml1-transitional.dtd">
<html xmlns="http://www.w3.org/1999/xhtml" xml:lang="en" lang="en">
 <head>
  <title>
</title>
<meta http-equiv="Content-Type" content="text/html;charset=utf-8" />
  <meta name='ocr-system' content='tesseract 3.04.00' />
  <meta name='ocr-capabilities' content='ocr_page ocr_carea ocr_par ocr_line ocrx_word'/>
</head>
<body>
  <div class='ocr_page' id='page_1' title='image "./scriptaquaemans00friegoog_0171.png"; bbox 0 0 2642 3923; ppageno 0'>
   <div class='ocr_carea' id='block_1_1' title="bbox 680 202 2315 272">
    <p class='ocr_par' dir='ltr' id='par_1_1' title="bbox 680 202 2315 272">
     <span class='ocr_line' id='line_1_1' title="bbox 680 202 2315 272; baseline 0.007 -17"><span class='ocrx_word' id='word_1_1' title='bbox 680 202 1195 258; x_wconf 82' lang='lat' dir='ltr'>EPISTULARUM</span> <span class='ocrx_word' id='word_1_2' title='bbox 1232 203 1332 256; x_wconf 85' lang='lat' dir='ltr'><strong>AD</strong></span> <span class='ocrx_word' id='word_1_3' title='bbox 1371 203 1694 258; x_wconf 85' lang='lat' dir='ltr'>ATTICUM</span> <span class='ocrx_word' id='word_1_4' title='bbox 1731 204 1757 258; x_wconf 95' lang='lat'>1</span> <span class='ocrx_word' id='word_1_5' title='bbox 1794 209 1844 272; x_wconf 80' lang='lat'><strong>5,</strong></span> <span class='ocrx_word' id='word_1_6' title='bbox 1883 211 1931 258; x_wconf 80' lang='lat'><strong>6.</strong></span> <span class='ocrx_word' id='word_1_7' title='bbox 2282 205 2315 266; x_wconf 80' lang='grc'>7</span> 
     </span>
    </p>
   </div>
   <div class='ocr_carea' id='block_1_2' title="bbox 201 345 2391 2707">
    <p class='ocr_par' dir='ltr' id='par_1_2' title="bbox 201 345 2391 2707">
     <span class='ocr_line' id='line_1_2' title="bbox 298 345 2321 433; baseline 0 -23"><span class='ocrx_word' id='word_1_8' title='bbox 298 345 416 410; x_wconf 85' lang='grc'>0118</span> <span class='ocrx_word' id='word_1_9' title='bbox 469 349 534 410; x_wconf 90' lang='lat' dir='ltr'><strong>te</strong></span> <span class='ocrx_word' id='word_1_10' title='bbox 581 346 751 431; x_wconf 90' lang='lat' dir='ltr'><strong>ipso,</strong></span> <span class='ocrx_word' id='word_1_11' title='bbox 805 346 919 431; x_wconf 92' lang='lat' dir='ltr'><strong>qui</strong></span> <span class='ocrx_word' id='word_1_12' title='bbox 962 368 1065 412; x_wconf 91' lang='lat' dir='ltr'><strong>me</strong></span> <span class='ocrx_word' id='word_1_13' title='bbox 1112 368 1401 433; x_wconf 88' lang='lat' dir='ltr'><strong>accusas,</strong></span> <span class='ocrx_word' id='word_1_14' title='bbox 1445 368 1606 411; x_wconf 85' lang='lat' dir='ltr'><strong>unas</strong></span> <span class='ocrx_word' id='word_1_15' title='bbox 1651 346 1812 411; x_wconf 86' lang='lat' dir='ltr'><strong>mihi</strong></span> <span class='ocrx_word' id='word_1_16' title='bbox 1861 348 2023 413; x_wconf 91' lang='lat' dir='ltr'><strong>scito</strong></span> <span class='ocrx_word' id='word_1_17' title='bbox 2069 347 2321 412; x_wconf 90' lang='lat' dir='ltr'><strong>litteras</strong></span> 
     </span>
     <span class='ocr_line' id='line_1_3' title="bbox 297 433 2323 521; baseline 0 -22"><span class='ocrx_word' id='word_1_18' title='bbox 297 433 576 499; x_wconf 89' lang='lat' dir='ltr'><strong>redditas</strong></span> <span class='ocrx_word' id='word_1_19' title='bbox 632 455 797 519; x_wconf 89' lang='lat' dir='ltr'><strong>esse,</strong></span> <span class='ocrx_word' id='word_1_20' title='bbox 851 456 996 499; x_wconf 92' lang='lat' dir='ltr'><strong>cum</strong></span> <span class='ocrx_word' id='word_1_21' title='bbox 1051 438 1115 499; x_wconf 91' lang='lat' dir='ltr'><strong>et</strong></span> <span class='ocrx_word' id='word_1_22' title='bbox 1171 435 1289 499; x_wconf 92' lang='lat' dir='ltr'><strong>otii</strong></span> <span class='ocrx_word' id='word_1_23' title='bbox 1346 436 1427 499; x_wconf 91' lang='lat' dir='ltr'><strong>ad</strong></span> <span class='ocrx_word' id='word_1_24' title='bbox 1480 434 1884 500; x_wconf 88' lang='lat' dir='ltr'><strong>scribendum</strong></span> <span class='ocrx_word' id='word_1_25' title='bbox 1931 435 2077 521; x_wconf 91' lang='lat' dir='ltr'><strong>plus</strong></span> <span class='ocrx_word' id='word_1_26' title='bbox 2124 438 2189 500; x_wconf 87' lang='lat' dir='ltr'><strong>et</strong></span> <span class='ocrx_word' id='word_1_27' title='bbox 2233 436 2323 500; x_wconf 86' lang='lat' dir='ltr'><strong>fa·</strong></span> 
     </span>
     <span class='ocr_line' id='line_1_4' title="bbox 298 522 1557 588; baseline 0.001 -2"><span class='ocrx_word' id='word_1_28' title='bbox 298 523 605 587; x_wconf 88' lang='lat' dir='ltr'><strong>cultatem</strong></span> <span class='ocrx_word' id='word_1_29' title='bbox 652 522 843 587; x_wconf 88' lang='lat' dir='ltr'><strong>dandi</strong></span> <span class='ocrx_word' id='word_1_30' title='bbox 887 523 1195 588; x_wconf 88' lang='lat' dir='ltr'><strong>maiorem</strong></span> <span class='ocrx_word' id='word_1_31' title='bbox 1237 522 1557 588; x_wconf 89' lang='lat' dir='ltr'><strong>habueris.</strong></span> 
     </span>
     <span class='ocr_line' id='line_1_5' title="bbox 433 609 2390 696; baseline 0.001 -21"><span class='ocrx_word' id='word_1_32' title='bbox 433 609 614 687; x_wconf 86' lang='lat' dir='ltr'><strong>Quod</strong></span> <span class='ocrx_word' id='word_1_33' title='bbox 679 611 939 696; x_wconf 88' lang='lat' dir='ltr'><strong>scribis,</strong></span> <span class='ocrx_word' id='word_1_34' title='bbox 1008 610 1260 676; x_wconf 90' lang='lat' dir='ltr'><strong>etiamsi</strong></span> <span class='ocrx_word' id='word_1_35' title='bbox 1334 612 1516 676; x_wconf 90' lang='lat' dir='ltr'><strong>cuius</strong></span> <span class='ocrx_word' id='word_1_36' title='bbox 1579 612 1829 676; x_wconf 87' lang='lat' dir='ltr'><strong>animus</strong></span> <span class='ocrx_word' id='word_1_37' title='bbox 1893 612 1962 676; x_wconf 91' lang='lat' dir='ltr'><strong>in</strong></span> <span class='ocrx_word' id='word_1_38' title='bbox 2025 616 2089 676; x_wconf 90' lang='lat' dir='ltr'><strong>te</strong></span> <span class='ocrx_word' id='word_1_39' title='bbox 2150 616 2321 676; x_wconf 90' lang='lat' dir='ltr'><strong>esset</strong></span> <span class='ocrx_word' id='word_1_40' title='bbox 2358 628 2390 676; x_wconf 77' lang='lat'><strong>5</strong></span> 
     </span>
     <span class='ocr_line' id='line_1_6' title="bbox 244 698 2322 786; baseline 0 -22"><span class='ocrx_word' id='word_1_41' title='bbox 244 724 270 764; x_wconf 74' lang='grc' dir='ltr'><strong>ο</strong></span> <span class='ocrx_word' id='word_1_42' title='bbox 299 698 635 785; x_wconf 86' lang='lat' dir='ltr'><strong>offensior,</strong></span> <span class='ocrx_word' id='word_1_43' title='bbox 690 722 727 763; x_wconf 92' lang='lat' dir='ltr'><strong>a</strong></span> <span class='ocrx_word' id='word_1_44' title='bbox 780 721 880 763; x_wconf 90' lang='lat' dir='ltr'><strong>me</strong></span> <span class='ocrx_word' id='word_1_45' title='bbox 934 698 1224 785; x_wconf 81' lang='lat' dir='ltr'>recolligi</span> <span class='ocrx_word' id='word_1_46' title='bbox 1279 703 1605 784; x_wconf 72' lang='lat' dir='ltr'>oportere,</span> <span class='ocrx_word' id='word_1_47' title='bbox 1667 705 1858 778; x_wconf 79' lang='lat' dir='ltr'><strong>teneO,</strong></span> <span class='ocrx_word' id='word_1_48' title='bbox 1923 700 2077 784; x_wconf 91' lang='lat' dir='ltr'><strong>quid</strong></span> <span class='ocrx_word' id='word_1_49' title='bbox 2131 699 2322 786; x_wconf 89' lang='lat' dir='ltr'><strong>dicas,</strong></span> 
     </span>
     <span class='ocr_line' id='line_1_7' title="bbox 298 787 2320 872; baseline 0.001 -21"><span class='ocrx_word' id='word_1_50' title='bbox 298 808 503 871; x_wconf 88' lang='lat' dir='ltr'><strong>neque</strong></span> <span class='ocrx_word' id='word_1_51' title='bbox 541 787 606 851; x_wconf 93' lang='lat' dir='ltr'><strong>id</strong></span> <span class='ocrx_word' id='word_1_52' title='bbox 643 787 918 872; x_wconf 82' lang='lat' dir='ltr'><strong>neglexi,</strong></span> <span class='ocrx_word' id='word_1_53' title='bbox 963 787 1074 851; x_wconf 91' lang='lat' dir='ltr'><strong>sed</strong></span> <span class='ocrx_word' id='word_1_54' title='bbox 1110 792 1209 852; x_wconf 92' lang='lat' dir='ltr'><strong>est</strong></span> <span class='ocrx_word' id='word_1_55' title='bbox 1245 787 1410 852; x_wconf 90' lang='lat' dir='ltr'><strong>miro</strong></span> <span class='ocrx_word' id='word_1_56' title='bbox 1459 788 1735 872; x_wconf 88' lang='lat' dir='ltr'><strong>quodam</strong></span> <span class='ocrx_word' id='word_1_57' title='bbox 1779 788 1969 853; x_wconf 92' lang='lat' dir='ltr'><strong>modo</strong></span> <span class='ocrx_word' id='word_1_58' title='bbox 2018 788 2320 853; x_wconf 76' lang='lat' dir='ltr'><strong>adfectuS.</strong></span> 
     </span>
     <span class='ocr_line' id='line_1_8' title="bbox 299 875 2320 962; baseline 0 -23"><span class='ocrx_word' id='word_1_59' title='bbox 299 875 444 960; x_wconf 83' lang='lat' dir='ltr'><strong>Ego</strong></span> <span class='ocrx_word' id='word_1_60' title='bbox 482 880 717 961; x_wconf 89' lang='lat' dir='ltr'><strong>autem,</strong></span> <span class='ocrx_word' id='word_1_61' title='bbox 762 898 925 961; x_wconf 87' lang='lat' dir='ltr'><strong>quae</strong></span> <span class='ocrx_word' id='word_1_62' title='bbox 961 876 1223 942; x_wconf 90' lang='lat' dir='ltr'><strong>dicenda</strong></span> <span class='ocrx_word' id='word_1_63' title='bbox 1257 875 1521 941; x_wconf 86' lang='lat' dir='ltr'><strong>fuerunt</strong></span> <span class='ocrx_word' id='word_1_64' title='bbox 1566 876 1644 941; x_wconf 94' lang='lat' dir='ltr'><strong>de</strong></span> <span class='ocrx_word' id='word_1_65' title='bbox 1688 879 1774 962; x_wconf 90' lang='lat' dir='ltr'><strong>te,</strong></span> <span class='ocrx_word' id='word_1_66' title='bbox 1816 897 1950 941; x_wconf 92' lang='lat' dir='ltr'><strong>non</strong></span> <span class='ocrx_word' id='word_1_67' title='bbox 1993 876 2320 961; x_wconf 83' lang='lat' dir='ltr'><strong>praeterii3</strong></span> 
     </span>
     <span class='ocr_line' id='line_1_9' title="bbox 299 964 2322 1050; baseline 0 -22"><span class='ocrx_word' id='word_1_68' title='bbox 299 964 457 1049; x_wconf 89' lang='lat' dir='ltr'><strong>quid</strong></span> <span class='ocrx_word' id='word_1_69' title='bbox 501 967 715 1029; x_wconf 89' lang='lat' dir='ltr'><strong>autem</strong></span> <span class='ocrx_word' id='word_1_70' title='bbox 761 965 1268 1029; x_wconf 88' lang='lat' dir='ltr'><strong>contendendum</strong></span> <span class='ocrx_word' id='word_1_71' title='bbox 1316 968 1515 1050; x_wconf 88' lang='lat' dir='ltr'><strong>esset,</strong></span> <span class='ocrx_word' id='word_1_72' title='bbox 1567 986 1648 1028; x_wconf 89' lang='lat' dir='ltr'><strong>ex</strong></span> <span class='ocrx_word' id='word_1_73' title='bbox 1702 967 1817 1029; x_wconf 87' lang='lat' dir='ltr'><strong>tua</strong></span> <span class='ocrx_word' id='word_1_74' title='bbox 1862 965 2171 1048; x_wconf 90' lang='lat' dir='ltr'><strong>putabam</strong></span> <span class='ocrx_word' id='word_1_75' title='bbox 2214 986 2322 1029; x_wconf 84' lang='lat' dir='ltr'><strong>vo-</strong></span> 
     </span>
     <span class='ocr_line' id='line_1_10' title="bbox 201 1051 2322 1136; baseline 0.003 -25"><span class='ocrx_word' id='word_1_76' title='bbox 201 1105 208 1111; x_wconf 89' lang='lat'>.</span> <span class='ocrx_word' id='word_1_77' title='bbox 296 1051 550 1118; x_wconf 91' lang='lat' dir='ltr'><strong>luntate</strong></span> <span class='ocrx_word' id='word_1_78' title='bbox 603 1075 705 1117; x_wconf 93' lang='lat' dir='ltr'><strong>me</strong></span> <span class='ocrx_word' id='word_1_79' title='bbox 760 1056 1042 1117; x_wconf 73' lang='lat' dir='ltr'><strong>statuere</strong></span> <span class='ocrx_word' id='word_1_80' title='bbox 1097 1056 1408 1136; x_wconf 73' lang='lat' dir='ltr'><strong>oportere.</strong></span> <span class='ocrx_word' id='word_1_81' title='bbox 1521 1051 1725 1128; x_wconf 85' lang='lat' dir='ltr'><strong>Quam</strong></span> <span class='ocrx_word' id='word_1_82' title='bbox 1782 1052 1838 1117; x_wconf 91' lang='lat' dir='ltr'><strong>si</strong></span> <span class='ocrx_word' id='word_1_83' title='bbox 1897 1053 1975 1116; x_wconf 91' lang='lat' dir='ltr'><strong>ad</strong></span> <span class='ocrx_word' id='word_1_84' title='bbox 2030 1075 2130 1117; x_wconf 93' lang='lat' dir='ltr'><strong>me</strong></span> <span class='ocrx_word' id='word_1_85' title='bbox 2184 1074 2322 1136; x_wconf 91' lang='lat' dir='ltr'><strong>per·</strong></span> 
     </span>
     <span class='ocr_line' id='line_1_11' title="bbox 220 1140 2323 1226; baseline -0 -20"><span class='ocrx_word' id='word_1_86' title='bbox 220 1168 272 1206; x_wconf 88' lang='grc' dir='ltr'><strong>ιο</strong></span> <span class='ocrx_word' id='word_1_87' title='bbox 303 1140 662 1226; x_wconf 81' lang='lat' dir='ltr'><strong>scripseris,</strong></span> <span class='ocrx_word' id='word_1_88' title='bbox 714 1141 1050 1226; x_wconf 85' lang='lat' dir='ltr'><strong>intelleges</strong></span> <span class='ocrx_word' id='word_1_89' title='bbox 1105 1162 1207 1205; x_wconf 93' lang='lat' dir='ltr'><strong>me</strong></span> <span class='ocrx_word' id='word_1_90' title='bbox 1260 1161 1467 1224; x_wconf 90' lang='lat' dir='ltr'><strong>neque</strong></span> <span class='ocrx_word' id='word_1_91' title='bbox 1513 1140 1985 1226; x_wconf 86' lang='lat' dir='ltr'><strong>diligentiorem</strong></span> <span class='ocrx_word' id='word_1_92' title='bbox 2032 1163 2171 1205; x_wconf 91' lang='lat' dir='ltr'><strong>esse</strong></span> <span class='ocrx_word' id='word_1_93' title='bbox 2213 1162 2323 1206; x_wconf 84' lang='lat' dir='ltr'><strong>vo·</strong></span> 
     </span>
     <span class='ocr_line' id='line_1_12' title="bbox 302 1228 2324 1315; baseline 0 -23"><span class='ocrx_word' id='word_1_94' title='bbox 302 1228 516 1314; x_wconf 89' lang='lat' dir='ltr'><strong>luisse,</strong></span> <span class='ocrx_word' id='word_1_95' title='bbox 552 1250 747 1313; x_wconf 88' lang='lat' dir='ltr'><strong>quam</strong></span> <span class='ocrx_word' id='word_1_96' title='bbox 783 1232 859 1293; x_wconf 90' lang='lat' dir='ltr'><strong>tu</strong></span> <span class='ocrx_word' id='word_1_97' title='bbox 890 1250 1083 1314; x_wconf 92' lang='lat' dir='ltr'><strong>esses,</strong></span> <span class='ocrx_word' id='word_1_98' title='bbox 1119 1250 1327 1313; x_wconf 88' lang='lat' dir='ltr'><strong>neque</strong></span> <span class='ocrx_word' id='word_1_99' title='bbox 1355 1229 1900 1314; x_wconf 87' lang='lat' dir='ltr'><strong>neglegentiorem</strong></span> <span class='ocrx_word' id='word_1_100' title='bbox 1936 1230 2093 1314; x_wconf 87' lang='lat' dir='ltr'><strong>fore,</strong></span> <span class='ocrx_word' id='word_1_101' title='bbox 2129 1251 2324 1315; x_wconf 89' lang='lat' dir='ltr'><strong>quam</strong></span> 
     </span>
     <span class='ocr_line' id='line_1_13' title="bbox 300 1281 593 1382; baseline -0.007 0"><span class='ocrx_word' id='word_1_102' title='bbox 300 1321 374 1382; x_wconf 90' lang='lat' dir='ltr'><strong>tu</strong></span> <span class='ocrx_word' id='word_1_103' title='bbox 420 1281 593 1381; x_wconf 83' lang='lat' dir='ltr'><strong>velis.</strong></span> 
     </span>
     <span class='ocr_line' id='line_1_14' title="bbox 434 1403 2391 1470; baseline 0 -1"><span class='ocrx_word' id='word_1_104' title='bbox 434 1403 531 1469; x_wconf 74' lang='lat' dir='ltr'><strong>De</strong></span> <span class='ocrx_word' id='word_1_105' title='bbox 585 1404 866 1469; x_wconf 89' lang='lat' dir='ltr'><strong>Tadiana</strong></span> <span class='ocrx_word' id='word_1_106' title='bbox 928 1427 997 1470; x_wconf 93' lang='lat' dir='ltr'><strong>re</strong></span> <span class='ocrx_word' id='word_1_107' title='bbox 1049 1427 1299 1470; x_wconf 92' lang='lat' dir='ltr'><strong>mecum</strong></span> <span class='ocrx_word' id='word_1_108' title='bbox 1354 1404 1589 1470; x_wconf 85' lang='lat' dir='ltr'><strong>Tadius</strong></span> <span class='ocrx_word' id='word_1_109' title='bbox 1644 1405 1899 1470; x_wconf 89' lang='lat' dir='ltr'><strong>locutus</strong></span> <span class='ocrx_word' id='word_1_110' title='bbox 1954 1408 2055 1470; x_wconf 86' lang='lat' dir='ltr'><strong>est</strong></span> <span class='ocrx_word' id='word_1_111' title='bbox 2108 1408 2174 1470; x_wconf 87' lang='lat' dir='ltr'><strong>te</strong></span> <span class='ocrx_word' id='word_1_112' title='bbox 2228 1405 2323 1470; x_wconf 90' lang='lat' dir='ltr'><strong>ita</strong></span> <span class='ocrx_word' id='word_1_113' title='bbox 2360 1421 2391 1469; x_wconf 81' lang='grc'>6</span> 
     </span>
     <span class='ocr_line' id='line_1_15' title="bbox 302 1493 2323 1580; baseline 0 -24"><span class='ocrx_word' id='word_1_114' title='bbox 302 1493 661 1579; x_wconf 80' lang='lat' dir='ltr'><strong>scripsisse,</strong></span> <span class='ocrx_word' id='word_1_115' title='bbox 718 1493 884 1558; x_wconf 89' lang='lat' dir='ltr'><strong>nihil</strong></span> <span class='ocrx_word' id='word_1_116' title='bbox 929 1515 1067 1558; x_wconf 90' lang='lat' dir='ltr'><strong>esse</strong></span> <span class='ocrx_word' id='word_1_117' title='bbox 1113 1493 1270 1579; x_wconf 91' lang='lat' dir='ltr'><strong>iam,</strong></span> <span class='ocrx_word' id='word_1_118' title='bbox 1326 1493 1498 1577; x_wconf 93' lang='lat' dir='ltr'><strong>quod</strong></span> <span class='ocrx_word' id='word_1_119' title='bbox 1542 1493 1974 1580; x_wconf 84' lang='lat' dir='ltr'><strong>laboraretur,</strong></span> <span class='ocrx_word' id='word_1_120' title='bbox 2018 1493 2323 1578; x_wconf 85' lang='lat' dir='ltr'><strong>quoniam</strong></span> 
     </span>
     <span class='ocr_line' id='line_1_16' title="bbox 219 1581 2322 1666; baseline -0.001 -17"><span class='ocrx_word' id='word_1_121' title='bbox 219 1610 272 1649; x_wconf 66' lang='grc' dir='ltr'><strong>ιο</strong></span> <span class='ocrx_word' id='word_1_122' title='bbox 301 1581 619 1646; x_wconf 83' lang='lat' dir='ltr'><strong>hereditas</strong></span> <span class='ocrx_word' id='word_1_123' title='bbox 666 1603 788 1646; x_wconf 91' lang='lat' dir='ltr'><strong>usu</strong></span> <span class='ocrx_word' id='word_1_124' title='bbox 833 1586 1020 1666; x_wconf 87' lang='lat' dir='ltr'><strong>capta</strong></span> <span class='ocrx_word' id='word_1_125' title='bbox 1066 1586 1251 1647; x_wconf 90' lang='lat' dir='ltr'><strong>esset</strong></span> <span class='ocrx_word' id='word_1_126' title='bbox 1341 1581 1415 1645; x_wconf 92' lang='lat' dir='ltr'><strong>Id</strong></span> <span class='ocrx_word' id='word_1_127' title='bbox 1459 1581 1852 1645; x_wconf 88' lang='lat' dir='ltr'><strong>mirabamur</strong></span> <span class='ocrx_word' id='word_1_128' title='bbox 1896 1586 1962 1646; x_wconf 90' lang='lat' dir='ltr'><strong>te</strong></span> <span class='ocrx_word' id='word_1_129' title='bbox 2006 1582 2322 1666; x_wconf 84' lang='lat' dir='ltr'><strong>ignorare,</strong></span> 
     </span>
     <span class='ocr_line' id='line_1_17' title="bbox 299 1669 2322 1757; baseline 0 -23"><span class='ocrx_word' id='word_1_130' title='bbox 299 1669 378 1734; x_wconf 86' lang='grc'><strong>(10</strong></span> <span class='ocrx_word' id='word_1_131' title='bbox 421 1670 638 1757; x_wconf 64' lang='grc' dir='ltr'><strong>ο1111010</strong></span> <span class='ocrx_word' id='word_1_132' title='bbox 689 1669 1009 1756; x_wconf 84' lang='lat' dir='ltr'><strong>legitima,</strong></span> <span class='ocrx_word' id='word_1_133' title='bbox 1067 1670 1138 1733; x_wconf 93' lang='lat' dir='ltr'><strong>in</strong></span> <span class='ocrx_word' id='word_1_134' title='bbox 1191 1691 1318 1754; x_wconf 93' lang='lat' dir='ltr'><strong>qua</strong></span> <span class='ocrx_word' id='word_1_135' title='bbox 1373 1669 1609 1734; x_wconf 90' lang='lat' dir='ltr'><strong>dicitur</strong></span> <span class='ocrx_word' id='word_1_136' title='bbox 1662 1692 1801 1735; x_wconf 91' lang='lat' dir='ltr'><strong>esse</strong></span> <span class='ocrx_word' id='word_1_137' title='bbox 1856 1670 2097 1756; x_wconf 88' lang='lat' dir='ltr'><strong>puella,</strong></span> <span class='ocrx_word' id='word_1_138' title='bbox 2156 1670 2322 1734; x_wconf 90' lang='lat' dir='ltr'><strong>nihil</strong></span> 
     </span>
     <span class='ocr_line' id='line_1_18' title="bbox 300 1757 2390 1843; baseline 0 -21"><span class='ocrx_word' id='word_1_139' title='bbox 300 1779 424 1822; x_wconf 91' lang='lat' dir='ltr'><strong>usu</strong></span> <span class='ocrx_word' id='word_1_140' title='bbox 478 1758 619 1842; x_wconf 88' lang='lat' dir='ltr'><strong>capi</strong></span> <span class='ocrx_word' id='word_1_141' title='bbox 672 1780 877 1842; x_wconf 90' lang='lat' dir='ltr'><strong>posse.</strong></span> <span class='ocrx_word' id='word_1_142' title='bbox 980 1757 1381 1841; x_wconf 86' lang='lat' dir='ltr'><strong>Epiroticam</strong></span> <span class='ocrx_word' id='word_1_143' title='bbox 1435 1758 1825 1841; x_wconf 88' lang='lat' dir='ltr'><strong>emptionem</strong></span> <span class='ocrx_word' id='word_1_144' title='bbox 1887 1758 2132 1843; x_wconf 87' lang='lat' dir='ltr'><strong>gaudeo</strong></span> <span class='ocrx_word' id='word_1_145' title='bbox 2196 1758 2321 1822; x_wconf 91' lang='lat' dir='ltr'><strong>tibi</strong></span> <span class='ocrx_word' id='word_1_146' title='bbox 2361 1775 2390 1823; x_wconf 79' lang='grc'><strong>7</strong></span> 
     </span>
     <span class='ocr_line' id='line_1_19' title="bbox 300 1845 2321 1931; baseline -0.001 -21"><span class='ocrx_word' id='word_1_147' title='bbox 300 1845 565 1930; x_wconf 88' lang='lat' dir='ltr'><strong>placere.</strong></span> <span class='ocrx_word' id='word_1_148' title='bbox 640 1845 813 1923; x_wconf 86' lang='lat' dir='ltr'><strong>Quae</strong></span> <span class='ocrx_word' id='word_1_149' title='bbox 848 1846 972 1911; x_wconf 92' lang='lat' dir='ltr'><strong>tibi</strong></span> <span class='ocrx_word' id='word_1_150' title='bbox 1008 1846 1324 1931; x_wconf 84' lang='lat' dir='ltr'><strong>mandavi,</strong></span> <span class='ocrx_word' id='word_1_151' title='bbox 1369 1849 1435 1909; x_wconf 94' lang='lat' dir='ltr'><strong>et</strong></span> <span class='ocrx_word' id='word_1_152' title='bbox 1472 1867 1635 1929; x_wconf 92' lang='lat' dir='ltr'><strong>quae</strong></span> <span class='ocrx_word' id='word_1_153' title='bbox 1675 1851 1749 1910; x_wconf 92' lang='lat' dir='ltr'><strong>tu</strong></span> <span class='ocrx_word' id='word_1_154' title='bbox 1794 1846 2130 1931; x_wconf 88' lang='lat' dir='ltr'><strong>intelleges</strong></span> <span class='ocrx_word' id='word_1_155' title='bbox 2177 1867 2321 1909; x_wconf 92' lang='lat' dir='ltr'><strong>con·</strong></span> 
     </span>
     <span class='ocr_line' id='line_1_20' title="bbox 301 1933 2323 2022; baseline -0 -22"><span class='ocrx_word' id='word_1_156' title='bbox 301 1934 516 2001; x_wconf 85' lang='lat' dir='ltr'><strong>venire</strong></span> <span class='ocrx_word' id='word_1_157' title='bbox 552 1938 777 2000; x_wconf 89' lang='lat' dir='ltr'><strong>nostro</strong></span> <span class='ocrx_word' id='word_1_158' title='bbox 816 1933 1197 2020; x_wconf 85' lang='lat' dir='ltr'><strong>Tusculano,</strong></span> <span class='ocrx_word' id='word_1_159' title='bbox 1242 1934 1454 2021; x_wconf 82' lang='lat' dir='ltr'><strong>velim,</strong></span> <span class='ocrx_word' id='word_1_160' title='bbox 1497 1939 1571 1999; x_wconf 89' lang='lat' dir='ltr'><strong>ut</strong></span> <span class='ocrx_word' id='word_1_161' title='bbox 1614 1934 1859 2021; x_wconf 80' lang='grc'>80111118,</span> <span class='ocrx_word' id='word_1_162' title='bbox 1903 1955 2105 2022; x_wconf 89' lang='lat' dir='ltr'><strong>cures,</strong></span> <span class='ocrx_word' id='word_1_163' title='bbox 2151 1934 2323 2018; x_wconf 90' lang='lat' dir='ltr'><strong>quod</strong></span> 
     </span>
     <span class='ocr_line' id='line_1_21' title="bbox 219 2021 2322 2107; baseline -0.002 -17"><span class='ocrx_word' id='word_1_164' title='bbox 219 2052 274 2091; x_wconf 62' lang='grc' dir='ltr'><strong>ιο</strong></span> <span class='ocrx_word' id='word_1_165' title='bbox 303 2024 441 2088; x_wconf 88' lang='grc'>81110</span> <span class='ocrx_word' id='word_1_166' title='bbox 495 2024 793 2088; x_wconf 89' lang='lat' dir='ltr'><strong>molestia</strong></span> <span class='ocrx_word' id='word_1_167' title='bbox 845 2029 960 2089; x_wconf 90' lang='lat' dir='ltr'><strong>tua</strong></span> <span class='ocrx_word' id='word_1_168' title='bbox 1014 2024 1219 2088; x_wconf 90' lang='lat' dir='ltr'><strong>facere</strong></span> <span class='ocrx_word' id='word_1_169' title='bbox 1264 2023 1525 2107; x_wconf 91' lang='lat' dir='ltr'><strong>poteris.</strong></span> <span class='ocrx_word' id='word_1_170' title='bbox 1618 2021 1788 2087; x_wconf 94' lang='lat' dir='ltr'><strong>Nam</strong></span> <span class='ocrx_word' id='word_1_171' title='bbox 1830 2045 1951 2087; x_wconf 89' lang='lat' dir='ltr'><strong>nos</strong></span> <span class='ocrx_word' id='word_1_172' title='bbox 1997 2045 2073 2087; x_wconf 93' lang='lat' dir='ltr'><strong>ex</strong></span> <span class='ocrx_word' id='word_1_173' title='bbox 2122 2023 2322 2086; x_wconf 87' lang='lat' dir='ltr'><strong>omni·</strong></span> 
     </span>
     <span class='ocr_line' id='line_1_22' title="bbox 302 2111 2321 2215; baseline 0 -40"><span class='ocrx_word' id='word_1_174' title='bbox 302 2112 423 2176; x_wconf 89' lang='lat' dir='ltr'><strong>bus</strong></span> <span class='ocrx_word' id='word_1_175' title='bbox 497 2112 812 2215; x_wconf 81' lang='lat' dir='ltr'><strong>molestiis</strong></span> <span class='ocrx_word' id='word_1_176' title='bbox 885 2117 950 2177; x_wconf 92' lang='lat' dir='ltr'><strong>et</strong></span> <span class='ocrx_word' id='word_1_177' title='bbox 1021 2111 1384 2176; x_wconf 84' lang='lat' dir='ltr'><strong>laboribus</strong></span> <span class='ocrx_word' id='word_1_178' title='bbox 1428 2132 1557 2175; x_wconf 91' lang='lat' dir='ltr'><strong>uno</strong></span> <span class='ocrx_word' id='word_1_179' title='bbox 1631 2111 1744 2176; x_wconf 90' lang='lat' dir='ltr'><strong>illo</strong></span> <span class='ocrx_word' id='word_1_180' title='bbox 1822 2112 1893 2175; x_wconf 91' lang='lat' dir='ltr'><strong>in</strong></span> <span class='ocrx_word' id='word_1_181' title='bbox 1961 2112 2102 2175; x_wconf 87' lang='grc'>1000</span> <span class='ocrx_word' id='word_1_182' title='bbox 2177 2133 2321 2175; x_wconf 92' lang='lat' dir='ltr'><strong>con-</strong></span> 
     </span>
     <span class='ocr_line' id='line_1_23' title="bbox 302 2199 2391 2285; baseline 0 -21"><span class='ocrx_word' id='word_1_183' title='bbox 302 2199 704 2285; x_wconf 89' lang='lat' dir='ltr'><strong>quiescimus.</strong></span> <span class='ocrx_word' id='word_1_184' title='bbox 827 2199 1136 2276; x_wconf 84' lang='lat' dir='ltr'><strong>Quintum</strong></span> <span class='ocrx_word' id='word_1_185' title='bbox 1213 2200 1480 2264; x_wconf 87' lang='lat' dir='ltr'><strong>fratrem</strong></span> <span class='ocrx_word' id='word_1_186' title='bbox 1555 2200 1785 2265; x_wconf 87' lang='lat' dir='ltr'><strong>cotidie</strong></span> <span class='ocrx_word' id='word_1_187' title='bbox 1864 2204 2319 2283; x_wconf 85' lang='lat' dir='ltr'><strong>exspectamus.</strong></span> <span class='ocrx_word' id='word_1_188' title='bbox 2358 2215 2391 2264; x_wconf 84' lang='lat'>8</span> 
     </span>
     <span class='ocr_line' id='line_1_24' title="bbox 301 2286 2321 2374; baseline -0 -21"><span class='ocrx_word' id='word_1_189' title='bbox 301 2288 600 2353; x_wconf 86' lang='lat' dir='ltr'><strong>Terentia</strong></span> <span class='ocrx_word' id='word_1_190' title='bbox 646 2309 913 2374; x_wconf 87' lang='lat' dir='ltr'><strong>magnos</strong></span> <span class='ocrx_word' id='word_1_191' title='bbox 961 2289 1380 2353; x_wconf 90' lang='lat' dir='ltr'><strong>articulorum</strong></span> <span class='ocrx_word' id='word_1_192' title='bbox 1427 2287 1677 2353; x_wconf 87' lang='lat' dir='ltr'><strong>dolores</strong></span> <span class='ocrx_word' id='word_1_193' title='bbox 1722 2287 1934 2352; x_wconf 90' lang='lat' dir='ltr'><strong>habet.</strong></span> <span class='ocrx_word' id='word_1_194' title='bbox 2010 2286 2100 2352; x_wconf 87' lang='lat' dir='ltr'><strong>Et</strong></span> <span class='ocrx_word' id='word_1_195' title='bbox 2146 2291 2210 2351; x_wconf 89' lang='lat' dir='ltr'><strong>te</strong></span> <span class='ocrx_word' id='word_1_196' title='bbox 2257 2290 2321 2352; x_wconf 88' lang='lat' dir='ltr'><strong>et</strong></span> 
     </span>
     <span class='ocr_line' id='line_1_25' title="bbox 303 2376 2321 2462; baseline -0.001 -21"><span class='ocrx_word' id='word_1_197' title='bbox 303 2399 589 2442; x_wconf 89' lang='lat' dir='ltr'><strong>sororem</strong></span> <span class='ocrx_word' id='word_1_198' title='bbox 640 2380 822 2441; x_wconf 86' lang='lat' dir='ltr'><strong>tuam</strong></span> <span class='ocrx_word' id='word_1_199' title='bbox 875 2380 941 2442; x_wconf 86' lang='lat' dir='ltr'><strong>et</strong></span> <span class='ocrx_word' id='word_1_200' title='bbox 993 2381 1266 2441; x_wconf 89' lang='lat' dir='ltr'><strong>matrem</strong></span> <span class='ocrx_word' id='word_1_201' title='bbox 1325 2376 1598 2441; x_wconf 86' lang='lat' dir='ltr'><strong>maxime</strong></span> <span class='ocrx_word' id='word_1_202' title='bbox 1654 2377 1869 2462; x_wconf 87' lang='lat' dir='ltr'><strong>diligit</strong></span> <span class='ocrx_word' id='word_1_203' title='bbox 1924 2376 2321 2460; x_wconf 87' lang='lat' dir='ltr'><strong>salutemque</strong></span> 
     </span>
     <span class='ocr_line' id='line_1_26' title="bbox 220 2464 2320 2551; baseline -0.003 -17"><span class='ocrx_word' id='word_1_204' title='bbox 220 2493 273 2534; x_wconf 75' lang='lat'><strong>²5</strong></span> <span class='ocrx_word' id='word_1_205' title='bbox 300 2466 424 2530; x_wconf 94' lang='lat' dir='ltr'><strong>tibi</strong></span> <span class='ocrx_word' id='word_1_206' title='bbox 486 2466 831 2550; x_wconf 91' lang='lat' dir='ltr'><strong>plurimam</strong></span> <span class='ocrx_word' id='word_1_207' title='bbox 895 2465 1159 2530; x_wconf 91' lang='lat' dir='ltr'><strong>ascribit</strong></span> <span class='ocrx_word' id='word_1_208' title='bbox 1223 2469 1288 2529; x_wconf 91' lang='lat' dir='ltr'><strong>et</strong></span> <span class='ocrx_word' id='word_1_209' title='bbox 1353 2464 1659 2551; x_wconf 90' lang='lat' dir='ltr'><strong>Tulliola,</strong></span> <span class='ocrx_word' id='word_1_210' title='bbox 1721 2464 1983 2529; x_wconf 89' lang='lat' dir='ltr'><strong>deliciae</strong></span> <span class='ocrx_word' id='word_1_211' title='bbox 2044 2468 2320 2528; x_wconf 89' lang='lat' dir='ltr'><strong>nostrae.</strong></span> 
     </span>
     <span class='ocr_line' id='line_1_27' title="bbox 302 2551 2323 2639; baseline -0.001 -20"><span class='ocrx_word' id='word_1_212' title='bbox 302 2551 498 2639; x_wconf 86' lang='lat' dir='ltr'><strong>Cura,</strong></span> <span class='ocrx_word' id='word_1_213' title='bbox 552 2557 625 2619; x_wconf 90' lang='lat' dir='ltr'><strong>ut</strong></span> <span class='ocrx_word' id='word_1_214' title='bbox 684 2554 897 2618; x_wconf 82' lang='lat' dir='ltr'><strong>valeas</strong></span> <span class='ocrx_word' id='word_1_215' title='bbox 953 2557 1019 2618; x_wconf 87' lang='lat' dir='ltr'><strong>et</strong></span> <span class='ocrx_word' id='word_1_216' title='bbox 1070 2575 1190 2618; x_wconf 92' lang='lat' dir='ltr'><strong>nos</strong></span> <span class='ocrx_word' id='word_1_217' title='bbox 1247 2574 1421 2617; x_wconf 90' lang='lat' dir='ltr'><strong>ames</strong></span> <span class='ocrx_word' id='word_1_218' title='bbox 1468 2556 1532 2617; x_wconf 90' lang='lat' dir='ltr'><strong>et</strong></span> <span class='ocrx_word' id='word_1_219' title='bbox 1580 2553 1703 2617; x_wconf 89' lang='lat' dir='ltr'><strong>tibi</strong></span> <span class='ocrx_word' id='word_1_220' title='bbox 1747 2552 2128 2638; x_wconf 89' lang='lat' dir='ltr'><strong>persuadeas</strong></span> <span class='ocrx_word' id='word_1_221' title='bbox 2173 2555 2239 2617; x_wconf 89' lang='lat' dir='ltr'><strong>te</strong></span> <span class='ocrx_word' id='word_1_222' title='bbox 2286 2574 2323 2616; x_wconf 90' lang='lat' dir='ltr'><strong>a</strong></span> 
     </span>
     <span class='ocr_line' id='line_1_28' title="bbox 300 2642 988 2707; baseline 0 0"><span class='ocrx_word' id='word_1_223' title='bbox 300 2663 403 2707; x_wconf 89' lang='lat' dir='ltr'><strong>me</strong></span> <span class='ocrx_word' id='word_1_224' title='bbox 447 2643 725 2707; x_wconf 89' lang='lat' dir='ltr'><strong>fraterne</strong></span> <span class='ocrx_word' id='word_1_225' title='bbox 772 2642 988 2707; x_wconf 89' lang='lat' dir='ltr'><strong>amari.</strong></span> 
     </span>
    </p>
   </div>
   <div class='ocr_carea' id='block_1_3' title="bbox 542 2817 2090 3010">
    <p class='ocr_par' dir='ltr' id='par_1_3' title="bbox 542 2817 2090 3010">
     <span class='ocr_line' id='line_1_29' title="bbox 1252 2817 1365 2884; baseline 0 -2"><span class='ocrx_word' id='word_1_226' title='bbox 1252 2817 1365 2884; x_wconf 88' lang='lat' dir='ltr'><strong>VI.</strong></span> 
     </span>
     <span class='ocr_line' id='line_1_30' title="bbox 542 2938 2090 3010; baseline 0 -16"><span class='ocrx_word' id='word_1_227' title='bbox 542 2938 656 2995; x_wconf 79' lang='lat' dir='ltr'><strong>Ser.</strong></span> <span class='ocrx_word' id='word_1_228' title='bbox 695 2939 902 2995; x_wconf 79' lang='lat' dir='ltr'><strong>Romae</strong></span> <span class='ocrx_word' id='word_1_229' title='bbox 932 2940 1105 3009; x_wconf 77' lang='lat' dir='ltr'><strong>paulo</strong></span> <span class='ocrx_word' id='word_1_230' title='bbox 1135 2946 1262 3010; x_wconf 74' lang='lat' dir='ltr'><strong>post</strong></span> <span class='ocrx_word' id='word_1_231' title='bbox 1287 2939 1386 2994; x_wconf 85' lang='lat' dir='ltr'><strong>IV</strong></span> <span class='ocrx_word' id='word_1_232' title='bbox 1417 2939 1492 2994; x_wconf 78' lang='lat' dir='ltr'><strong>K.</strong></span> <span class='ocrx_word' id='word_1_233' title='bbox 1530 2939 1663 2994; x_wconf 79' lang='lat' dir='ltr'><strong>Dec.</strong></span> <span class='ocrx_word' id='word_1_234' title='bbox 1701 2955 1753 2993; x_wconf 84' lang='grc' dir='ltr'><strong>α.</strong></span> <span class='ocrx_word' id='word_1_235' title='bbox 1793 2941 1909 2992; x_wconf 85' lang='grc'><strong>686</strong></span> <span class='ocrx_word' id='word_1_236' title='bbox 1945 2940 2090 3007; x_wconf 86' lang='grc'><strong><em>(68).</em></strong></span> 
     </span>
    </p>
   </div>
   <div class='ocr_carea' id='block_1_4' title="bbox 219 3060 1686 3118">
    <p class='ocr_par' dir='ltr' id='par_1_4' title="bbox 219 3060 1686 3118">
     <span class='ocr_line' id='line_1_31' title="bbox 219 3060 1686 3118; baseline 0 -2"><span class='ocrx_word' id='word_1_237' title='bbox 219 3076 273 3116; x_wconf 77' lang='lat'><strong>³0</strong></span> <span class='ocrx_word' id='word_1_238' title='bbox 941 3061 1197 3118; x_wconf 84' lang='lat' dir='ltr'>CICERO</span> <span class='ocrx_word' id='word_1_239' title='bbox 1235 3060 1500 3116; x_wconf 86' lang='lat' dir='ltr'>ATTICO</span> <span class='ocrx_word' id='word_1_240' title='bbox 1537 3060 1686 3116; x_wconf 78' lang='lat' dir='ltr'>SAL.</span> 
     </span>
    </p>
   </div>
   <div class='ocr_carea' id='block_1_5' title="bbox 222 3169 2390 3611">
    <p class='ocr_par' dir='ltr' id='par_1_5' title="bbox 299 3169 2324 3524">
     <span class='ocr_line' id='line_1_32' title="bbox 434 3169 2324 3255; baseline -0.002 -18"><span class='ocrx_word' id='word_1_241' title='bbox 434 3171 587 3237; x_wconf 91' lang='lat' dir='ltr'><strong>Non</strong></span> <span class='ocrx_word' id='word_1_242' title='bbox 640 3171 1039 3237; x_wconf 89' lang='lat' dir='ltr'><strong>committam</strong></span> <span class='ocrx_word' id='word_1_243' title='bbox 1091 3169 1389 3255; x_wconf 87' lang='lat' dir='ltr'><strong>posthac,</strong></span> <span class='ocrx_word' id='word_1_244' title='bbox 1444 3172 1519 3234; x_wconf 87' lang='lat' dir='ltr'><strong>ut</strong></span> <span class='ocrx_word' id='word_1_245' title='bbox 1571 3191 1672 3233; x_wconf 94' lang='lat' dir='ltr'><strong>me</strong></span> <span class='ocrx_word' id='word_1_246' title='bbox 1728 3189 2021 3233; x_wconf 87' lang='lat' dir='ltr'><strong>accusare</strong></span> <span class='ocrx_word' id='word_1_247' title='bbox 2075 3169 2152 3233; x_wconf 90' lang='lat' dir='ltr'><strong>de</strong></span> <span class='ocrx_word' id='word_1_248' title='bbox 2198 3170 2324 3253; x_wconf 91' lang='lat' dir='ltr'><strong>epi-</strong></span> 
     </span>
     <span class='ocr_line' id='line_1_33' title="bbox 299 3185 2390 3345; baseline -0.002 -19"><span class='ocrx_word' id='word_1_249' title='bbox 299 3262 617 3328; x_wconf 90' lang='lat' dir='ltr'><strong>stularum</strong></span> <span class='ocrx_word' id='word_1_250' title='bbox 654 3259 1062 3345; x_wconf 88' lang='lat' dir='ltr'><strong>neglegentia</strong></span> <span class='ocrx_word' id='word_1_251' title='bbox 1097 3258 1338 3342; x_wconf 86' lang='lat' dir='ltr'><strong>possis;</strong></span> <span class='ocrx_word' id='word_1_252' title='bbox 1378 3262 1452 3322; x_wconf 91' lang='lat' dir='ltr'><strong>tu</strong></span> <span class='ocrx_word' id='word_1_253' title='bbox 1498 3257 1688 3321; x_wconf 93' lang='lat' dir='ltr'><strong>modo</strong></span> <span class='ocrx_word' id='word_1_254' title='bbox 1737 3257 1979 3344; x_wconf 84' lang='lat' dir='ltr'><strong>videto,</strong></span> <span class='ocrx_word' id='word_1_255' title='bbox 2023 3257 2093 3321; x_wconf 91' lang='lat' dir='ltr'><strong>in</strong></span> <span class='ocrx_word' id='word_1_256' title='bbox 2137 3185 2390 3322; x_wconf 84' lang='lat' dir='ltr'><strong>tanto¹</strong></span> 
     </span>
     <span class='ocr_line' id='line_1_34' title="bbox 299 3310 2325 3432; baseline -0.003 -17"><span class='ocrx_word' id='word_1_257' title='bbox 299 3351 437 3415; x_wconf 91' lang='lat' dir='ltr'><strong>otio</strong></span> <span class='ocrx_word' id='word_1_258' title='bbox 502 3353 576 3414; x_wconf 93' lang='lat' dir='ltr'><strong>ut</strong></span> <span class='ocrx_word' id='word_1_259' title='bbox 629 3371 747 3432; x_wconf 92' lang='lat' dir='ltr'><strong>par</strong></span> <span class='ocrx_word' id='word_1_260' title='bbox 798 3347 959 3412; x_wconf 89' lang='lat' dir='ltr'><strong>mihi</strong></span> <span class='ocrx_word' id='word_1_261' title='bbox 1015 3347 1122 3412; x_wconf 91' lang='lat' dir='ltr'><strong>sis.</strong></span> <span class='ocrx_word' id='word_1_262' title='bbox 1224 3344 1504 3411; x_wconf 92' lang='lat' dir='ltr'><strong>Domum</strong></span> <span class='ocrx_word' id='word_1_263' title='bbox 1558 3310 1979 3410; x_wconf 84' lang='lat' dir='ltr'><strong>Rabirianam</strong></span> <span class='ocrx_word' id='word_1_264' title='bbox 2029 3343 2325 3431; x_wconf 89' lang='lat' dir='ltr'><strong>Neapoli,</strong></span> 
     </span>
     <span class='ocr_line' id='line_1_35' title="bbox 299 3432 2324 3524; baseline -0.003 -21"><span class='ocrx_word' id='word_1_265' title='bbox 299 3460 494 3524; x_wconf 88' lang='lat' dir='ltr'><strong>quam</strong></span> <span class='ocrx_word' id='word_1_266' title='bbox 541 3442 613 3502; x_wconf 90' lang='lat' dir='ltr'><strong>tu</strong></span> <span class='ocrx_word' id='word_1_267' title='bbox 660 3441 789 3501; x_wconf 92' lang='lat' dir='ltr'><strong>iam</strong></span> <span class='ocrx_word' id='word_1_268' title='bbox 834 3436 1184 3500; x_wconf 89' lang='lat' dir='ltr'><strong>dimensam</strong></span> <span class='ocrx_word' id='word_1_269' title='bbox 1231 3438 1295 3499; x_wconf 91' lang='lat' dir='ltr'><strong>et</strong></span> <span class='ocrx_word' id='word_1_270' title='bbox 1341 3434 1820 3498; x_wconf 89' lang='lat' dir='ltr'><strong>exaedificatam</strong></span> <span class='ocrx_word' id='word_1_271' title='bbox 1876 3434 2088 3498; x_wconf 87' lang='lat' dir='ltr'><strong>animo</strong></span> <span class='ocrx_word' id='word_1_272' title='bbox 2134 3432 2324 3496; x_wconf 91' lang='lat' dir='ltr'><strong>habe-</strong></span> 
     </span>
    </p>

    <p class='ocr_par' dir='ltr' id='par_1_6' title="bbox 222 3519 2322 3611">
     <span class='ocr_line' id='line_1_36' title="bbox 222 3519 2322 3611; baseline -0.004 -20"><span class='ocrx_word' id='word_1_273' title='bbox 222 3551 272 3592; x_wconf 68' lang='grc'><strong>85</strong></span> <span class='ocrx_word' id='word_1_274' title='bbox 301 3527 444 3611; x_wconf 85' lang='grc'>1108,</span> <span class='ocrx_word' id='word_1_275' title='bbox 497 3524 642 3608; x_wconf 80' lang='lat' dir='ltr'><strong>†M.</strong></span> <span class='ocrx_word' id='word_1_276' title='bbox 692 3523 963 3590; x_wconf 89' lang='lat' dir='ltr'><strong>Fontius</strong></span> <span class='ocrx_word' id='word_1_277' title='bbox 1009 3524 1165 3588; x_wconf 91' lang='lat' dir='ltr'><strong>emit</strong></span> <span class='ocrx_word' id='word_1_278' title='bbox 1210 3520 1339 3587; x_wconf 77' lang='lat' dir='ltr'><strong>HS‘</strong></span> <span class='ocrx_word' id='word_1_279' title='bbox 1372 3538 1654 3590; x_wconf 79' lang='lat' dir='ltr'><strong>cccmoo</strong></span> <span class='ocrx_word' id='word_1_280' title='bbox 1696 3540 1857 3586; x_wconf 85' lang='lat' dir='ltr'><strong>xxx.</strong></span> <span class='ocrx_word' id='word_1_281' title='bbox 1932 3520 2006 3584; x_wconf 91' lang='lat' dir='ltr'><strong>Id</strong></span> <span class='ocrx_word' id='word_1_282' title='bbox 2049 3524 2115 3584; x_wconf 91' lang='lat' dir='ltr'><strong>te</strong></span> <span class='ocrx_word' id='word_1_283' title='bbox 2163 3519 2322 3583; x_wconf 89' lang='lat' dir='ltr'><strong>scire</strong></span> 
     </span>
    </p>
   </div>
  </div>
 </body>
</html>
