2642 3923
348 215 472 278 148
981 213 1056 269 M.
1097 214 1310 269 TULLI
1346 212 1723 269 CICERONIS

343 362 442 422 est
501 379 661 441 opus
718 358 1131 442 adsiduitate,
1185 357 1552 442 prudentia,
1608 357 1833 442 gratia.
1924 355 2204 439 Tempus
2259 359 2359 419 est

344 445 788 510 necessarium.
871 445 995 511 Sed
1041 450 1226 530 turpe
1272 452 1369 509 est
1418 467 1520 509 me
1572 445 1866 529 pluribus
1912 443 2125 509 verbis
2172 463 2358 528 agere

344 537 569 598 tecum.

258 639 305 685 4
477 619 810 686 Cicerones
839 622 1048 686 nostri
1087 624 1239 685 sunt
1276 620 1448 705 apud
1483 620 1879 704 Deiotarum,
1925 620 2052 703 sed,
2099 621 2155 684 si
2192 641 2354 703 opus

345 711 485 793 erit,
529 709 916 774 deducentur
960 708 1275 774 Rhodum.
1367 709 1484 792 Tu,
1530 709 1587 773 si
1633 730 1699 775 es
1744 708 2003 791 Romae,
2048 712 2123 772 ut
2170 708 2354 791 soles,
2410 726 2436 767 ε

344 797 859 883 diligentissime,
914 798 970 861 si
1024 799 1092 861 in
1146 798 1377 883 Epire,
1440 798 1625 862 mitte
1679 801 1893 861 tamen
1959 796 2040 861 ad
2102 817 2221 861 nos
2277 796 2354 861 de

334 886 475 949 tuis
523 886 800 969 aliquem
846 886 1281 971 tabellarium,
1328 888 1401 949 ut
1448 890 1512 949 et
1559 891 1651 967 tu,
1706 885 1860 969 quid
1903 906 2022 949 nos
2070 906 2354 970 agamus,

333 977 407 1036 et
454 995 588 1056 nos,
636 974 788 1058 quid
833 978 907 1038 tu
954 995 1105 1058 agas
1153 974 1433 1058 quidque
1479 977 1738 1038 acturus
1785 974 1904 1060 sis,
1947 974 2105 1038 scire
2153 973 2352 1057 possi-

335 1083 499 1125 mus.
593 1061 736 1146 Ego
783 1063 882 1127 tui
925 1062 1117 1127 Bruti
1162 1084 1296 1126 rem
1346 1062 1437 1126 sic
1483 1083 1632 1146 ago,
1687 1064 1761 1125 ut
1806 1083 1987 1125 suam
2041 1062 2176 1146 ipse
2222 1083 2352 1125 non

333 1154 574 1234 ageret.
651 1148 829 1214 Sed
810 1173 937 1214 lam
974 1149 1243 1214 exhibeo
1280 1150 1600 1251 pupillum
1634 1171 1841 1233 neque
1868 1149 2160 1234 defend03
2198 1154 2349 1213 sunt
2379 1167 2433 1207 ιο

334 1238 510 1301 enim
553 1238 814 1323 negotia
859 1244 923 1301 et
968 1239 1142 1302 lenta
1189 1242 1253 1302 et
1298 1239 1531 1302 inania.
1622 1236 1877 1302 Faciam
1930 1243 2143 1302 tamen
2191 1239 2349 1302 satis

340 1325 464 1389 tibi
524 1327 805 1411 quidem,
862 1326 963 1390 cui
1024 1326 1349 1391 difficilius
1404 1329 1503 1390 est
1560 1347 1751 1410 quam
1804 1326 1958 1413 ipsi3
2017 1326 2129 1392 sed
2182 1330 2351 1391 certe

342 1414 499 1478 satis
547 1415 773 1479 faciam
818 1415 1090 1497 utrique.

1261 1589 1432 1655 XIX.

516 1709 630 1766 Ser.
670 1711 732 1764 in
767 1713 962 1766 castris
997 1712 1073 1765 ad
1112 1711 1367 1782 Cybistra
1402 1711 1506 1765 XI
1534 1711 1609 1766 K.
1652 1710 1763 1766 Oct.
1801 1728 1852 1765 a.
1893 1714 2002 1766 703
2040 1713 2176 1779 (51).

972 1831 1227 1889 CICERO
1264 1832 1526 1904 ATTICO
1566 1833 1712 1888 SAL.
2378 1834 2428 1874 1⁵

267 1963 294 2010 1
473 1940 895 2028 Obsignaram
960 1943 1089 2008 iam
1154 1943 1496 2027 epistulam
1559 1965 1724 2027 eam,
1795 1965 1985 2028 quam
2058 1945 2216 2027 puto
2280 1948 2346 2009 te

339 2032 527 2095 modo
593 2032 937 2116 perlegisse
1001 2032 1302 2116 scriptam
1357 2053 1498 2096 mea
1554 2052 1774 2115 manu,
1826 2033 1893 2096 in
1954 2054 2079 2115 qua
2134 2033 2346 2096 omnia

334 2120 775 2204 continentur,
830 2141 974 2183 cum
1040 2120 1256 2184 subito
1311 2119 1577 2202 Apellae
1640 2120 2010 2184 tabellarius
2071 2143 2122 2185 a.
2170 2119 2226 2185 d.
2272 2137 2346 2184 xl

339 2207 480 2271 Kal.
510 2205 819 2272 Octobres
849 2208 1120 2291 septimo
1158 2207 1643 2292 quadragesimo
1681 2208 1782 2272 die
1818 2207 2024 2272 Roma
2060 2209 2346 2273 celeriter

335 2294 491 2380 (hui
537 2300 670 2359 tam
716 2293 973 2381 longel)
1018 2295 1180 2360 mihi
1223 2300 1370 2360 tuas
1416 2295 1666 2361 litteras
1714 2296 1997 2361 reddidit.
2072 2297 2173 2361 Ex
2212 2298 2345 2380 qui·
2374 2328 2427 2367 20

338 2383 459 2448 bus
506 2404 637 2448 non
683 2383 935 2469 dubit0,
988 2384 1145 2468 quin
1187 2387 1262 2448 tu
1305 2382 1683 2467 Pompeium
1728 2384 2140 2468 exspectariS,
2194 2386 2345 2449 dum

339 2470 633 2535 Arimino
679 2471 932 2557 rediret,
978 2476 1042 2536 et
1086 2472 1215 2536 iam
1259 2472 1331 2536 in
1374 2471 1644 2555 Epirum
1689 2473 2010 2556 profectus
2058 2474 2175 2558 sis,
2217 2496 2345 2538 ma-

336 2560 567 2645 gisque
626 2579 873 2644 vereor,
931 2562 1005 2623 ut
1064 2560 1320 2645 scribis,
1376 2582 1457 2625 ne
1515 2561 1584 2624 in
1629 2560 1830 2644 Epiro
1886 2561 2201 2627 sollicitus
2256 2562 2344 2625 sis

339 2669 471 2712 non
517 2648 747 2731 111111118,
794 2669 984 2731 quam
1032 2670 1149 2712 nos
1195 2648 1301 2712 1110
1348 2670 1582 2713 811111118.

473 2733 570 2800 1)0
634 2735 921 2799 Atiliano
984 2737 1242 2800 nomine
1314 2737 1540 2820 scripsi
1604 2737 1683 2801 ad
1744 2735 2162 2801 Philotimum
2177 2788 2195 2821 ,
2264 2759 2344 2801 ne
2373 2765 2425 2806 25
2532 2738 2545 2753 ‘

269 2844 303 2890 2
342 2824 696 2908 appellaret
761 2824 1140 2889 Messallam.
1247 2822 1505 2889 Itineris
1568 2825 1776 2889 nostri
1836 2825 2073 2889 famam
2137 2825 2218 2890 ad
2279 2830 2343 2889 te

340 2912 703 2997 pervenisse
751 2913 954 2977 laetor
995 2913 1329 2998 magisque
1372 2913 1679 2998 laetabor,
1724 2914 1782 2978 si
1826 2914 2071 2998 reliqua
2117 2928 2343 2999 cogno-

341 3003 447 3065 ris.
539 2999 837 3065 Filiolam
882 3007 1060 3065 tuam
1106 3001 1230 3065 tibi
1274 3023 1485 3065 caram
1530 3023 1603 3066 ac
1646 3001 1987 3067 iucundam
2023 3023 2160 3066 esse
2196 3023 2346 3087 gau-

341 3089 479 3175 deo,
523 3110 785 3173 eamque
831 3111 1213 3174 quamquam
1256 3111 1608 3174 numquam
1648 3089 1796 3176 vidi,
1840 3095 2054 3155 tamen
2099 3094 2165 3155 et
2201 3113 2343 3156 amo

344 3182 408 3242 et
454 3177 789 3241 amabilem
836 3200 975 3242 esse
1020 3182 1194 3242 certo
1241 3178 1390 3242 sci0.
1465 3178 1682 3242 Etiam
1727 3183 1920 3262 atque
1957 3179 2152 3244 etiam
2188 3180 2341 3243 vale.
2372 3207 2423 3246 30

270 3285 304 3332 3
474 3264 572 3329 De
608 3264 885 3330 Patrone
930 3271 993 3330 et
1038 3266 1170 3331 tuis
1209 3266 1659 3350 condiscipulis
1698 3289 1858 3351 quae
1901 3267 1977 3331 de
2012 3266 2343 3352 parietinis

341 3374 412 3417 in
458 3353 680 3417 Melita
724 3354 1039 3440 laboravi,
1094 3377 1167 3419 ea
1221 3354 1343 3418 tibi
1398 3359 1582 3441 grata
1628 3377 1765 3420 esse
1811 3356 2071 3458 gaudeo,
2163 3354 2346 3432 Quod

343 3440 567 3505 scribis
614 3441 852 3505 libente
897 3445 962 3507 te
1008 3442 1330 3526 repulsam
1374 3444 1600 3508 tulisse
1637 3465 1801 3528 eum,
1846 3445 1956 3528 qui
1993 3466 2138 3509 cum
2174 3467 2346 3509 soro·

340 3529 430 3591 ris
489 3533 637 3593 tuae
691 3529 811 3593 filii
871 3533 1100 3611 patruo
1161 3532 1449 3609 certarit,
1505 3533 1723 3611 magni
1781 3533 2014 3597 amoris
2073 3533 2343 3618 signum.
