2642 3923
560 213 1074 276 EPISTULARUM
1110 222 1209 275 AD
1247 222 1570 276 ATTIOUM
1604 222 1733 276 XVI
1774 227 1857 291 14,
1898 227 1980 275 15.
2153 221 2283 285 513

268 365 487 450 pisset,
531 387 662 428 non
700 365 889 429 modo
929 364 1277 429 deseruerit
1314 369 1567 447 emptus
1605 365 1889 448 pecunia,
1925 364 2036 429 sed
2072 363 2283 448 etiam,

271 457 584 536 quantum
627 454 697 516 in
742 453 883 536 ipso
930 453 1144 538 fuerit,
1189 453 1506 516 everterit.
1601 453 1785 529 Quod
1832 458 2047 518 autem
2095 474 2281 537 quae·
2319 469 2351 516 2

270 541 391 626 ris,
447 563 573 625 quo
620 541 812 605 modo
860 542 966 626 agi
1011 542 1274 624 placeat,
1320 563 1463 604 cum
1511 540 1643 604 dies
1691 542 1955 627 venerit,
2000 541 2281 625 primum

270 630 463 693 velim
515 630 651 693 eius
705 629 880 693 modi
935 630 1046 714 sit,
1104 633 1178 692 ut
1230 650 1364 693 non
1419 630 1697 693 alienum
1752 630 1838 693 sit
1892 651 1994 693 me
2040 628 2281 693 Romae

218 742 244 783 5
274 739 433 801 esse3
498 718 575 781 de
634 739 761 801 quo
823 722 895 781 ut
955 717 1031 780 de
1089 718 1314 782 ceteris
1373 718 1628 803 faciam,
1683 722 1758 781 ut
1816 722 1890 781 tu
1945 717 2278 782 censueris,

273 805 368 870 De
423 828 670 870 summa
724 809 938 870 autem
994 806 1101 890 agi
1154 827 1418 888 prorsus
1478 806 1885 870 vehementer
1940 811 2003 869 et
2066 826 2281 870 severe

271 894 437 958 volo.
528 894 676 957 Etsi
731 916 1070 977 sponsores
1127 894 1447 977 appellare
1501 895 1754 958 videtur
1808 893 2043 958 habere
2090 916 2283 978 quan-

271 983 418 1046 dam
464 984 825 1068 δυσωπίαν,
868 986 1101 1067 tamen,
1145 981 1268 1046 hoc
1304 981 1491 1065 quale
1530 982 1636 1067 sit,
1680 983 2037 1046 consideres
2073 982 2282 1047 velim.

270 1070 623 1134 Possumus
661 1071 848 1155 6111111,
875 1075 949 1134 ut
989 1092 1329 1153 sponsores
1368 1071 1775 1155 appellemus,
1804 1074 2284 1154 procuratorem

191 1185 243 1224 ιο
270 1159 698 1237 introducere;
734 1181 939 1242 neque
977 1159 1147 1222 enim
1184 1158 1282 1221 illi
1317 1158 1500 1222 litem
1536 1159 2082 1223 contestabuntur.
2145 1157 2282 1233 Quo

272 1248 440 1311 facto
485 1269 620 1311 non
663 1270 807 1311 sum
852 1248 1102 1311 nescius
1149 1269 1491 1330 sponsores
1536 1247 1812 1311 liberari.
1907 1245 2031 1311 Sed
2078 1250 2141 1310 et
2186 1246 2284 1309 illi

271 1341 459 1419 turpe
506 1336 785 1400 arbitror
831 1357 905 1399 60
950 1335 1225 1419 1101111116,
1271 1337 1444 1419 quod
1489 1336 1801 1399 satisdato
1852 1335 2098 1420 debeat,
2141 1356 2284 1418 pro·

271 1428 596 1488 curatores
644 1423 779 1487 eius
823 1445 957 1487 non
1002 1423 1348 1487 dissolvere
1394 1428 1459 1488 et
1502 1428 1763 1488 nostrae
1808 1423 2146 1508 gravitatis
2182 1423 2284 1486 ius

271 1517 568 1576 nostrum
629 1512 764 1575 sine
823 1534 1071 1575 summa
1127 1511 1302 1574 illius
1362 1512 1717 1595 ignominia
1775 1512 2089 1595 persequi.
2187 1509 2286 1575 De

192 1624 245 1665 15
271 1600 395 1664 hoc
431 1599 585 1683 quid
621 1600 885 1683 placeat,
930 1599 1241 1662 rescribas
1279 1600 1503 1684 velim3
1548 1622 1663 1665 nec
1700 1600 1944 1685 dubito,
1972 1599 2131 1683 quin
2163 1598 2285 1663 hoc

273 1692 485 1751 totum
528 1688 736 1750 lenius
781 1686 1343 1750 administraturus
1392 1688 1498 1750 sis.

405 1774 619 1839 Redeo
685 1775 764 1839 ad
825 1797 962 1838 rem
1015 1774 1352 1858 publicam.
1443 1774 1652 1838 Multa
1715 1774 2075 1839 mehercule
2131 1797 2169 1839 a
2221 1779 2285 1839 te
2323 1791 2354 1837 3

274 1885 461 1947 saepe
514 1864 583 1926 in
637 1868 953 1950 πολιτικῷ
1011 1882 1238 1946 genere
1293 1862 1664 1947 prudenter,
1728 1864 1838 1926 sed
1891 1862 1992 1927 his
2048 1862 2284 1927 litteris

272 1951 437 2016 nihil
491 1951 898 2037 prudentius:
971 1950 1395 2035 {Quamquam
1449 1951 1618 2016 6111111
1668 1951 1944 2036 [postea]
1993 1952 2060 2015 in
2108 1974 2285 2035 prae-

191 2068 246 2107 20
273 2041 479 2105 sentia
528 2041 692 2105 belle
744 2041 867 2104 iste
918 2062 1076 2123 puer
1123 2040 1409 2105 retundit
1454 2039 1838 2125 Antonium,
1887 2045 2107 2105 tamen
2160 2040 2286 2104 exi-

272 2135 415 2193 tum
469 2133 834 2211 exspectare
888 2127 1230 2192 debemus?
1320 2127 1411 2191 At
1468 2150 1630 2212 quae
1690 2129 1929 2192 contio!
1993 2151 2143 2192 nam
2188 2132 2286 2192 est

274 2218 467 2281 missa
510 2216 686 2281 mihi.
776 2215 975 2301 Iurat,
1016 2217 1112 2280 ita
1157 2217 1284 2281 sibi
1331 2216 1614 2299 parentis
1659 2216 1937 2281 honores
1983 2217 2286 2299 consequi

273 2306 488 2390 liceat,
543 2309 608 2369 et
662 2305 854 2368 simul
909 2304 1198 2368 dextram
1251 2304 1528 2368 intendit
1574 2305 1653 2368 ad
1699 2308 1996 2369 statuam.
2088 2301 2285 2387 Μηδὲ

275 2398 564 2477 σωθείην
608 2393 738 2458 ὑπό
775 2417 850 2476 γε
885 2394 1229 2458 τοιούτου]
1285 2391 1426 2477 Sed,
1469 2397 1541 2456 ut
1578 2393 1823 2478 scribiS,
1860 2394 2284 2458 certissimum

191 2508 245 2549 25
275 2503 413 2546 esse
457 2482 640 2546 video
680 2481 1022 2545 discrimen
1060 2480 1294 2545 Cascae
1331 2481 1540 2545 nostri
1575 2481 1997 2568 tribunatum,
2041 2482 2119 2545 de
2157 2503 2282 2564 quo

275 2569 530 2654 quidem
584 2570 725 2653 ipso
772 2569 907 2633 dixi
953 2567 1181 2654 Oppio,
1226 2591 1372 2633 cum
1417 2590 1520 2632 me
1563 2569 1960 2655 hortaretur,
2016 2574 2089 2633 ut
2136 2569 2285 2633 adu-

272 2660 614 2723 lescentem
674 2661 1007 2740 totamque
1069 2679 1325 2721 causam
1388 2680 1773 2740 manumque
1837 2662 2285 2721 veteranorum

273 2747 741 2830 complecterer,
777 2768 879 2809 me
922 2746 1101 2810 nullo
1148 2746 1338 2810 modo
1385 2746 1591 2810 facere
1626 2767 1832 2831 posse,
1876 2747 1949 2810 ni
1984 2745 2144 2809 mihi
2182 2768 2283 2810 ex-

273 2836 597 2918 ploratum
643 2839 811 2898 esset
856 2856 1003 2897 eum
1046 2855 1178 2897 non
1221 2834 1410 2898 modo
1450 2855 1583 2896 non
1617 2834 1947 2897 inimicum
1983 2837 2283 2917 tyranno-

192 2950 246 2989 30
275 2924 506 3008 otonis,
560 2944 778 2986 verum
834 2922 1030 2986 etiam
1086 2922 1361 2986 amicum
1415 2922 1567 2986 fore.
1663 2920 1823 2986 Cum
1877 2922 1987 2986 ille
2046 2922 2285 2987 diceret

273 3012 366 3075 ita
417 3012 739 3096 futurum,
794 3009 981 3086 ‘Quid
1034 3010 1234 3095 igitur
1278 3010 1652 3074 festinamus
1663 3011 1719 3074 P’
1782 3010 2064 3094 inquam.
2155 3009 2284 3074 ‘Illi

274 3100 443 3165 enim
502 3121 642 3163 mea
701 3121 892 3182 opera
951 3102 1099 3161 ante
1156 3098 1298 3163 Kal.
1348 3097 1479 3162 Ian.
1534 3097 1703 3162 nihil
1761 3120 1923 3181 opus
1984 3102 2105 3181 est,
2162 3120 2281 3162 nos

274 3192 488 3253 autem
547 3188 682 3251 eius
739 3187 1135 3250 voluntatem
1190 3191 1339 3250 ante
1381 3185 1532 3250 Idus
1581 3185 1912 3251 Decembr.
1950 3186 2283 3270 perspicie-

272 3299 414 3340 mus
468 3277 536 3339 in
591 3273 824 3339 Casca?
916 3273 1118 3338 Valde
1174 3274 1335 3338 mihi
1391 3275 1692 3339 adsensus
1740 3278 1856 3339 est.
1948 3274 2151 3350 Quam
2198 3274 2280 3339 ob

192 3390 245 3431 35
274 3387 406 3429 rem
449 3364 604 3428 haec
652 3363 908 3446 quidem
951 3361 1276 3427 hactenus.
1369 3362 1553 3439 Quod
1596 3362 1917 3445 reliquum
1964 3367 2080 3446 est,
2127 3363 2282 3447 coti-

274 3454 375 3518 die
419 3452 786 3516 tabellarios
832 3450 1098 3515 habebis
1137 3455 1219 3536 et,
1263 3454 1337 3514 ut
1374 3470 1492 3534 ego
1531 3450 1831 3535 arbitror,
1875 3451 2069 3513 etiam
2107 3450 2282 3534 quod

273 3541 534 3626 scribas,
577 3539 843 3604 habebis
889 3539 1137 3604 cotidie.
1228 3538 1467 3621 Leptae
1511 3537 1874 3601 litterarum
1920 3538 2281 3621 exemplum

378 3654 471 3696 cic.
499 3656 628 3703 epist.
655 3654 718 3695 Π.
1895 3644 1962 3691 33
