2642 3923
672 1068 788 1151 M.
835 1067 1216 1151 TULLI
1266 1067 1947 1152 CICERONIS

557 1226 1326 1306 EPISTULARUM
1389 1228 1529 1302 AD
1594 1227 2078 1303 ATTICUM

958 1381 1221 1451 LIBER
1267 1382 1663 1459 QOENTUS.

1287 1665 1336 1731 Ι.

251 1800 278 1841 ⁶
458 1788 571 1845 Sor.
613 1788 931 1842 Menturnis
966 1788 1079 1842 III
1106 1795 1205 1843 aut
1232 1788 1382 1857 prid.
1423 1788 1571 1843 Non.
1612 1787 1757 1844 Mai.
1797 1805 1848 1842 a.
1888 1791 1998 1845 700
2038 1792 2175 1858 (54).

945 1909 1200 1966 CICERO
1239 1909 1503 1967 ATTICO
1544 1910 1690 1967 SAL.

440 2020 583 2107 Ego
628 2041 780 2086 vero
827 2023 891 2084 et
936 2024 1123 2084 tuum
1159 2021 1226 2084 in
1265 2020 1544 2085 discessu
1581 2021 1714 2085 vidi
1753 2022 2038 2086 animum
2074 2025 2140 2085 et
2178 2043 2318 2086 meo
2362 2036 2410 2084 ι,

309 2132 451 2175 sum
504 2110 642 2192 ipse
693 2108 897 2173 testis.
999 2107 1137 2184 Quo
1192 2110 1399 2193 magis
1454 2109 1575 2173 erit
1631 2109 1755 2173 tibi
1808 2108 2177 2196 videndum,
2239 2131 2319 2174 ne

310 2199 465 2282 quid
516 2197 667 2262 novi
724 2196 1124 2280 decernatur,
1179 2203 1253 2261 ut
1306 2197 1429 2261 hoc
1472 2202 1769 2262 nostrum
1815 2198 2197 2262 desiderium
2239 2220 2320 2262 ne

232 2315 281 2354 ιο
309 2287 455 2371 plus
502 2286 590 2351 sit
637 2307 933 2351 annuum.
1015 2283 1114 2349 De
1157 2284 1373 2350 Annio
1423 2284 1771 2350 Saturnino
1818 2286 2056 2350 curasti
2104 2287 2319 2370 probe.
2358 2301 2389 2349 2

309 2374 406 2439 De
461 2374 641 2438 satis
674 2373 881 2438 dando
942 2395 1092 2438 vero
1138 2377 1203 2437 te
1247 2394 1437 2458 rogo,
1498 2375 1707 2457 quoad
1752 2374 1877 2438 eris
1923 2373 2192 2460 Romae,
2246 2380 2321 2439 tu

308 2467 383 2527 ut
428 2462 587 2527 satis
633 2461 760 2526 des.
853 2461 941 2525 Et
987 2464 1139 2525 sunt
1184 2461 1433 2544 aliquot
1481 2463 1929 2527 satisdationes
1977 2463 2322 2527 secundum

308 2550 696 2635 mancipium
740 2550 942 2614 veluti
978 2549 1469 2615 Mennianorum
1512 2551 1918 2634 praediorum
1964 2551 2067 2615 vel
2093 2550 2319 2616 Atilia-

307 2661 557 2705 norum.
647 2636 745 2703 De
801 2636 1010 2723 Oppio
1064 2639 1306 2702 factum
1361 2643 1489 2720 est,
1545 2645 1615 2702 ut
1665 2639 1864 2722 volui,
1922 2643 1987 2702 et
2046 2640 2320 2703 maxime

230 2754 281 2794 ιε
312 2728 481 2811 quod
508 2741 687 2791 Doce
725 2726 1052 2810 aperuisti.
1128 2725 1302 2802 Quae
1340 2726 1595 2810 quidem
1631 2747 1751 2811 ego
1788 2727 2012 2811 utique
2047 2728 2151 2792 vel
2186 2749 2321 2792 ver-

310 2838 459 2881 sura
513 2815 683 2880 facta
737 2815 902 2879 solvi
956 2815 1104 2879 volo
1113 2866 1131 2899 ,
1185 2836 1265 2878 ne
1320 2819 1607 2879 extrema
1654 2816 1902 2881 exactio
1946 2819 2319 2881 nostrorum

308 2904 645 2969 nominum
689 2907 1108 2987 exspectetur.

442 2989 631 3056 Nunc
692 2992 878 3056 venio
945 2991 1022 3055 ad
1086 2996 1522 3055 transversum
1575 2991 1761 3056 illum
1818 2995 2138 3056 extremae
2194 2994 2321 3076 epi·
2359 3009 2399 3057 a

311 3081 518 3144 stulae
562 3083 712 3144 tuae
756 3079 1160 3166 versiculum,
1205 3079 1273 3143 in
1318 3100 1447 3163 quo
1496 3101 1595 3144 me
1634 3079 1935 3145 admones
1972 3080 2048 3144 de
2085 3102 2320 3146 sorore.

231 3167 484 3245 20.Quae
537 3190 639 3233 res
686 3189 754 3233 se
799 3168 891 3232 sic
934 3168 1144 3232 habet.
1237 3165 1331 3232 Ut
1375 3167 1521 3231 veni
1569 3168 1639 3232 in
1681 3167 1994 3252 Arpinas,
2049 3191 2196 3233 cum
2242 3169 2320 3233 ad

310 3279 409 3321 me
444 3258 644 3321 frater
679 3256 973 3341 venisset,
1017 3256 1088 3320 in
1123 3256 1348 3340 primis
1385 3256 1576 3320 nobis
1615 3277 1821 3321 sermo
1861 3257 2041 3340 isque
2077 3258 2321 3321 multus

310 3346 388 3409 de
442 3349 508 3409 te
561 3345 703 3409 fuit.
794 3344 896 3408 Ex
954 3365 1081 3427 quo
1137 3365 1255 3429 ego
1312 3344 1458 3408 veni
1506 3344 1586 3409 ad
1631 3366 1704 3409 ea
1715 3397 1732 3428 ‚
1790 3366 1952 3429 quae
1997 3345 2321 3409 fueramus

308 3455 426 3518 ego
493 3437 558 3498 et
620 3436 693 3496 tu
757 3432 925 3496 inter
977 3454 1098 3497 nos
1153 3432 1232 3497 de
1288 3454 1508 3497 sorore
1562 3433 1633 3496 in
1687 3432 2047 3497 Tusculano
2103 3433 2321 3497 locuti.

309 3520 493 3586 Nihil
545 3526 681 3586 tam
726 3521 860 3585 vidi
905 3521 1088 3604 mite,
1141 3520 1308 3584 nihil
1353 3525 1492 3585 tam
1536 3522 1889 3606 placatum,
1944 3543 2137 3603 quam
2183 3525 2323 3584 tum

414 3633 508 3676 oio.
527 3636 658 3684 epist.
677 3635 738 3676 11.
1973 3628 2004 3673 9
