2642 3923
642 187 1154 243 EPISTULARUM
1192 187 1290 242 AD
1330 187 1655 243 ATTICUM
1690 187 1767 240 IX
1805 192 1960 242 62-7.
2178 184 2307 250 263

428 327 554 396 Sed
599 334 742 395 acta
786 352 868 396 ne
916 353 1210 417 agamuS,
1257 331 1506 414 reliqua
1551 352 1864 415 paremus.
1956 329 2062 394 Me
2107 328 2310 394 adhuc
2348 344 2378 394 '1

294 418 451 483 haec
515 419 640 483 duo
700 419 1094 505 fefellerunt,
1148 419 1337 484 initio
1400 440 1543 504 spes
1612 419 2125 503 compositionis,
2188 440 2313 502 qua

294 507 464 571 facta
489 506 783 571 volebam
820 508 917 571 uti
955 507 1251 591 populari
1279 508 1431 590 vita,
1462 507 1889 572 sollicitudine
1921 509 2311 572 senectutem

293 599 583 664 nostram
628 594 915 680 liberari3
975 596 1196 659 deinde
1256 596 1499 660 bellum
1558 596 1810 660 crudele
1855 600 1919 660 et
1967 595 2310 660 exitiosum

240 710 267 750 ε
296 683 534 768 suscipi
572 707 609 748 a
643 683 949 769 Pompeio
986 684 1457 769 intellegebam.
1513 683 1800 749 Melioris
1836 684 2082 748 medius
2118 682 2311 746 fidius

296 771 454 836 civis
500 776 564 836 et
609 772 732 836 viri
777 772 1087 856 putabam
1125 773 1357 857 quovis
1405 772 1723 857 supplicio
1763 771 1947 836 adfici
1985 793 2177 856 quam
2213 771 2312 834 illi

296 859 660 924 crudelitati
705 882 839 925 non
885 861 1096 925 solum
1130 882 1442 944 praeesse,
1488 882 1708 925 verum
1747 860 1941 924 etiam
1986 860 2311 924 interesse.

296 947 569 1012 Videtur
626 947 728 1012 vel
786 950 950 1013 mori
1014 948 1215 1013 satius
1276 949 1476 1013 fuisse
1536 971 1728 1033 quam
1788 969 1926 1013 esse
1985 969 2129 1012 cum
2192 947 2309 1010 his.

300 1034 398 1098 Ad
444 1034 599 1100 haec
643 1036 846 1122 igitur
891 1037 1120 1121 cogita,
1166 1036 1258 1100 mi
1303 1035 1547 1120 Attice,
1592 1037 1693 1101 vel
1737 1037 1956 1121 potius
2004 1036 2312 1120 excogita.

217 1150 269 1190 ιο
300 1123 600 1198 Quemvis
646 1129 944 1189 eventum
998 1125 1234 1189 fortius
1289 1125 1493 1190 feram
1551 1147 1742 1208 quam
1794 1122 1967 1189 hunc
2010 1124 2312 1189 dolorem.

1267 1336 1345 1401 A.

658 1455 771 1512 Scr.
809 1458 873 1511 in
909 1458 1102 1512 itinere
1137 1458 1213 1512 in.
1252 1474 1319 1512 m.
1363 1458 1537 1513 Mart.
1576 1476 1628 1513 a.
1670 1461 1779 1513 705
1819 1461 1955 1526 (49).

700 1577 981 1635 CAESAR
1015 1580 1162 1636 IMP.
1201 1580 1255 1635 S.
1292 1579 1361 1634 D.
1401 1579 1739 1636 CICERONI
1773 1580 1920 1635 IMP.

434 1687 594 1753 Cum
639 1686 948 1752 Furnium
993 1693 1289 1752 nostrum
1336 1692 1587 1753 tantum
1627 1688 1928 1753 vidissem
1971 1710 2179 1771 neque
2221 1685 2313 1751 lo-

219 1801 268 1843 15
300 1777 412 1861 qui
447 1798 652 1861 neque
690 1776 906 1841 audire
943 1798 1084 1841 meo
1123 1777 1454 1842 commodo
1492 1778 1865 1862 potuissem,
1907 1797 2312 1860 properarem

298 1869 491 1948 atque
528 1886 733 1929 essem
771 1864 840 1928 in
877 1864 1104 1929 itinere
1141 1865 1510 1949 praemissis
1548 1866 1676 1929 iam
1713 1864 2091 1947 legionibuS,
2136 1884 2312 1946 prae-

295 1954 489 2018 terire
548 1957 766 2018 tamen
822 1974 954 2017 non
1012 1954 1230 2044 potui,
1282 1953 1441 2037 quin
1499 1958 1564 2019 et
1627 1952 1966 2017 scriberem
2013 1952 2092 2016 ad
2137 1956 2203 2016 te
2249 1955 2312 2016 et

297 2041 480 2106 illum
538 2041 859 2105 mitterem
920 2042 1288 2126 gratiasque
1348 2063 1628 2127 agerem,
1699 2042 1818 2105 etsi
1884 2039 2009 2105 hoc
2068 2043 2133 2105 et
2189 2040 2312 2104 feci

298 2151 482 2213 saepe
543 2134 608 2193 et
673 2130 929 2213 saepius
999 2130 1158 2193 mihi
1226 2131 1513 2194 facturus
1573 2129 1808 2193 videor.
1899 2127 2002 2193 Ita
2068 2128 2143 2191 de
2209 2149 2311 2192 me

218 2244 270 2283 20
296 2217 575 2282 mereris.
676 2216 753 2281 In
811 2217 1035 2302 primis
1085 2241 1122 2292 a
1172 2223 1238 2283 te
1297 2222 1476 2303 peto,
1542 2218 1843 2302 quoniam
1903 2216 2150 2282 confido
2210 2238 2311 2282 me

297 2306 585 2370 celeriter
645 2305 724 2369 ad
782 2305 1007 2369 urbem
1065 2311 1437 2390 venturum,
1495 2310 1570 2370 ut
1627 2311 1693 2370 te
1751 2303 1864 2369 ibi'
1902 2305 2178 2387 videam,
2236 2309 2311 2368 ut

299 2398 410 2459 tuo
459 2394 746 2476 consili0,
794 2394 1021 2479 gratia,
1069 2394 1411 2480 dignitate,
1459 2415 1578 2477 ope
1626 2394 1904 2459 omnium
1953 2415 2166 2457 rerum
2212 2392 2311 2457 uti

298 2481 557 2566 possim.
647 2481 749 2546 Ad
817 2483 1224 2566 propositum
1293 2487 1602 2567 revertar3
1669 2482 2069 2546 festinationi
2136 2502 2311 2546 meae

297 2571 726 2654 brevitatique
781 2571 1141 2635 litterarum
1201 2571 1511 2656 ignosces.
1602 2569 1877 2655 Reliqua
1935 2592 2011 2634 ex
2071 2568 2311 2633 Furnio

218 2685 270 2725 2⁵
296 2679 658 2744 cognosces.

1230 2797 1375 2865 VH.

612 2920 725 2976 Ser.
763 2921 828 2974 in
865 2881 1108 2975 Formiis
1143 2921 1256 2974 III
1282 2920 1372 2975 Id.
1413 2919 1588 2976 Mart.
1626 2936 1678 2974 a.
1718 2923 1828 2974 705
1866 2922 2004 2987 (49).

933 3040 1189 3098 CICERO
1228 3041 1490 3098 ATTICO
1530 3042 1678 3098 SAL.

431 3150 824 3235 Scripseram
869 3151 949 3216 ad
970 3155 1058 3215 ‘te
1104 3151 1468 3235 epistulam,
1515 3173 1707 3235 quam
1744 3150 1958 3215 darem
1993 3168 2097 3215 1111
2142 3148 2309 3215 Idus.
2351 3167 2380 3215 1

221 3267 272 3307 so
301 3239 426 3305 Sed
471 3262 545 3305 eo
591 3240 693 3304 die
737 3239 820 3323 is,
880 3240 982 3304 cui
1027 3240 1177 3304 dare
1222 3239 1578 3324 volueram,
1633 3260 1767 3303 non
1823 3244 1923 3304 est
1967 3238 2310 3322 profectus,

298 3328 498 3393 Venit
542 3333 756 3393 autem
802 3349 875 3391 eo
922 3328 1061 3412 ipso
1110 3327 1210 3392 die
1256 3328 1367 3391 ille
1415 3326 1783 3411 ‘celeripes',
1828 3349 2016 3411 quem
2059 3323 2310 3390 Salvius

299 3417 564 3481 dixerat.
654 3415 900 3480 Attulit
959 3416 1311 3480 uberrimas
1378 3419 1523 3480 tuas
1585 3414 1863 3498 litteras3
1932 3436 2093 3497 quae
2151 3413 2312 3477 mihi

299 3504 599 3590 quiddam
647 3504 830 3589 quasi
886 3503 1201 3567 animulae
1256 3504 1679 3587 instillarunt3
1733 3507 2086 3566 recreatum
2141 3502 2311 3565 enim
