2642 3923
864 1041 1670 1115 PsuunooioERoms

379 1188 994 1271 EPISTULA
1034 1188 1206 1324 Al)
1270 1186 2145 1320 OCTAVIANUM.

815 1497 1071 1553 CICERO
1112 1497 1530 1554 OCTAVIANO
1571 1498 1720 1554 SAL.

391 1607 460 1672 Si
521 1629 636 1691 per
699 1612 845 1671 tuas
911 1607 1195 1692 legiones
1259 1606 1420 1670 mihi
1481 1607 1731 1672 licitum
1785 1609 2044 1693 fuisset,
2107 1627 2329 1693 quael

201 1726 228 1765 5
255 1696 505 1760 nomini
549 1717 693 1760 meo
738 1695 1088 1779 populique
1124 1694 1399 1759 Romani
1439 1700 1590 1759 sunt
1626 1696 2124 1781 inimicissimae,
2169 1719 2269 1761 ve·

256 1786 396 1848 nire
458 1784 528 1847 111
593 1787 884 1848 senatum
949 1805 1287 1866 coramque
1352 1784 1429 1848 de
1490 1806 1561 1848 re
1612 1784 1869 1867 publica
1924 1749 2268 1870 disputare,

256 1873 544 1936 fecissem
601 1893 806 1955 neque
858 1876 993 1935 tam
1048 1871 1325 1935 libenter
1372 1894 1562 1955 quam
1606 1873 1979 1936 necessarie.
2071 1871 2269 1936 Nulla

257 1960 429 2026 enim
467 1960 762 2046 remedia,
808 1982 970 2043 quae
1005 1960 1377 2024 vulneribus
1415 1960 1817 2046 adhibentur,
1853 1966 1988 2024 tam
2024 1960 2267 2026 faciunt

257 2050 567 2134 dolorem,
632 2071 823 2132 quam
882 2070 1044 2132 quae
1107 2053 1259 2112 sunt
1325 2049 1647 2113 salutaria.
1750 2047 1900 2134 Sed,
1964 2051 2267 2133 quoniam

174 2166 228 2204 ιο
257 2137 630 2202 cohortibus
686 2137 948 2201 armatis
1007 2137 1507 2219 circumsaeptus
1562 2141 1822 2202 senatus
1875 2138 2040 2201 nihil
2095 2138 2267 2202 aliud

257 2247 403 2290 vere
452 2229 669 2309 potest
719 2225 1058 2289 decernere
1111 2225 1238 2289 nisi
1285 2225 1512 2290 timere
1560 2225 1659 2311 (in
1705 2224 2024 2308 Capitolio
2083 2227 2268 2311 signa

256 2318 436 2396 sunt,
491 2315 559 2377 in
618 2314 774 2377 urbe
818 2313 1055 2376 milites
1102 2316 1446 2398 vagantur,
1498 2314 1569 2377 in
1615 2312 1859 2396 Campo
1906 2318 2113 2378 castra
2157 2337 2267 2398 po-

253 2405 523 2487 nuntur,
573 2399 765 2465 Italia
818 2405 958 2464 tota
1010 2401 1375 2484 legionibus
1431 2401 1508 2464 ad
1569 2401 1932 2465 libertatem
1977 2406 2264 2466 nostram

255 2489 634 2572 conscriptis
681 2489 761 2556 ad
806 2489 1179 2553 servitutem
1224 2488 1513 2552 adductis
1562 2490 1980 2573 equitatuque
2026 2495 2266 2554 extera-

171 2605 227 2645 15
255 2601 400 2641 rum
460 2578 797 2641 nationum
860 2573 1259 2662 distinetur),
1323 2578 1539 2640 cedam
1604 2578 1725 2642 tibi
1787 2578 1855 2641 in
1909 2580 2267 2660 praesentia

254 2666 430 2747 foro,
484 2667 659 2729 curia
714 2669 780 2728 et
825 2665 1247 2728 sanctissimis
1293 2665 1558 2729 deorum
1602 2666 2058 2730 immortalium
2110 2672 2265 2730 tem·

253 2753 402 2838 plis,
443 2753 514 2816 in
558 2753 791 2836 quibus
832 2753 1249 2817 reviviscente
1284 2753 1415 2816 iam
1453 2753 1750 2817 libertate
1787 2754 2009 2818 deinde
2044 2777 2266 2819 rursus

253 2862 557 2924 oppressa
593 2836 850 2905 senatus
886 2840 1052 2904 nihil
1088 2841 1460 2922 consulitur,
1506 2843 1692 2906 timet
1729 2842 1951 2928 multa,
1980 2843 2266 2907 adsenta-

250 2933 361 2992 tur
424 2929 652 2993 omnia.
740 2928 899 2993 Post
953 2930 1146 2992 etiam
1200 2929 1393 3012 paulo
1449 2930 1846 3012 temporibus
1900 2932 1994 2994 ita
2047 2937 2265 3014 postu·
2303 2950 2331 2995 2

164 3017 535 3084 solantibus
590 3018 807 3081 cedam
861 3017 1047 3101 urbe,
1102 3038 1292 3099 quam
1346 3039 1460 3101 per
1513 3039 1616 3081 me
1673 3023 2139 3104 conservatam,
2192 3025 2265 3083 ut

252 3109 421 3169 esset
485 3105 712 3189 libera,
777 3105 846 3168 in
910 3106 1217 3169 servitute
1279 3106 1492 3169 videre
1545 3128 1678 3170 non
1732 3111 1984 3190 poter0,
2049 3108 2264 3171 cedam

247 3194 406 3279 vita,
451 3215 613 3277 quae
660 3214 1045 3276 quamquam
1085 3192 1363 3257 sollicita
1401 3198 1518 3278 est,
1563 3199 1796 3279 tamen,
1835 3194 1889 3258 si
1927 3197 2266 3277 profutura

251 3287 350 3345 est
396 3282 488 3345 rei
535 3282 855 3364 publicae,
911 3281 1081 3344 bona
1127 3303 1239 3364 spe
1283 3282 1685 3364 posteritatis
1731 3303 1834 3345 me
1880 3283 2265 3366 consolatur,

251 3391 380 3452 qua
425 3369 681 3433 sublata
724 3390 855 3432 non
902 3369 1271 3433 dubitanter
1317 3369 1615 3455 occidam,
1662 3373 1855 3452 atque
1899 3370 1992 3433 ita
2034 3372 2267 3456 cedam,

76 3502 128 3539 „
162 3485 219 3525 25
248 3462 322 3521 ut
358 3458 618 3522 fortuna
653 3457 887 3521 iudicio
923 3478 1085 3542 me0,
1111 3478 1243 3521 non
1279 3457 1528 3520 animus
1565 3457 1726 3520 mihi
1756 3457 2032 3522 defuisse
2061 3459 2266 3522 videa-

248 3551 372 3610 tur.
463 3544 633 3609 Illud
687 3567 863 3631 ver0,
929 3545 1101 3629 quod
1155 3549 1220 3608 et
1277 3544 1550 3609 recentis
1612 3544 1852 3609 doloris
1917 3545 2112 3610 habet
2172 3548 2265 3610 in·

357 3659 448 3701 Oio.
477 3660 608 3708 epist.
635 3659 697 3699 11.
1428 3695 1434 3700 .
1464 3687 1470 3692 -
1880 3651 1947 3700 36
