2642 3923
368 186 497 251 458
1007 185 1080 240 M.
1120 185 1335 241 TULLI
1372 183 1748 241 CICERONIS

311 392 317 397 ,
369 331 539 415 quod
582 329 749 395 nihil
794 333 942 394 ante
987 330 1064 393 de
1109 301 1506 413 profectione
1550 329 1957 414 constituam,
2004 350 2193 412 quam
2258 328 2394 393 ista

369 440 496 502 quo
556 440 822 483 evasura
886 419 1044 499 sint,
1109 418 1357 501 videro,
1414 422 1597 482 muto
1658 417 2059 481 sententiam.
2158 380 2393 501 deque

369 507 709 591 quicquam
744 511 962 571 tamen
1005 511 1171 590 ante,
1220 529 1413 590 quam
1448 511 1514 570 te
1550 506 1787 570 videro.
1850 503 2139 569 Atticam
2173 527 2393 570 meam

367 596 609 680 gratias
663 594 826 658 mihi
872 616 1060 680 agere
1106 595 1182 659 de
1227 599 1432 659 matre
1478 594 1752 679 gaude03
1810 594 1912 657 cui
1959 593 2215 677 quidem
2262 614 2390 679 ego

368 687 572 748 totam
645 683 870 747 villam
943 683 1296 765 cellamque
1369 682 1606 746 tradidi
1679 702 1945 765 eamque
2018 680 2392 766 cogitabam
2447 709 2477 751 a

368 789 415 835 v
470 770 622 836 Idus
682 771 910 835 videre.
1002 770 1101 835 Tu
1163 769 1421 834 Atticae
1480 771 1755 835 salutem
1807 770 1995 834 dices,
2084 768 2223 834 Nos
2283 769 2393 835 Pi—

370 859 518 926 liam
563 859 905 945 diligenter
949 860 1294 923 tuebimur.

1303 1034 1443 1100 XX.

697 1157 810 1214 δον.
840 1158 906 1210 in
940 1158 1246 1213 Puteolano
1291 1157 1348 1211 V
1376 1157 1464 1211 Id.
1497 1156 1641 1210 Mai.
1677 1173 1729 1210 a.
1761 1159 1871 1211 710
1908 1159 2047 1224 (44).

1060 1279 1350 1336 CICERO
1385 1279 1690 1334 ATTICO.
2101 1313 2104 1317 .
2420 1293 2471 1331 10

301 1407 325 1454 1
504 1389 562 1454 E
608 1388 997 1473 Pompeiano
1043 1389 1213 1474 navi·
1239 1389 1538 1452 advectus
1585 1410 1729 1452 sum
1773 1388 1844 1452 in
1888 1387 2140 1454 Luculli
2174 1390 2391 1454 nostri

363 1479 721 1561 hospitium
775 1495 849 1541 VI
893 1476 1043 1542 Idus
1098 1476 1258 1541 hora
1313 1478 1447 1541 fere
1499 1476 1708 1541 tertia.
1801 1477 2121 1561 Egressus
2168 1482 2390 1541 autem

365 1588 399 1631 e
454 1567 601 1630 navi
656 1566 867 1648 accepi
921 1569 1068 1629 tuas
1121 1565 1404 1650 litterae,
1469 1586 1628 1648 quas
1683 1569 1837 1629 tuus
1893 1564 2269 1630 tabellarius
2316 1567 2390 1631 in

366 1652 724 1719 Cumanum
779 1654 1075 1718 attulisse
1135 1653 1466 1717 dicebatur
1522 1651 1730 1716 Nonis
1788 1652 1978 1717 Maiis
2033 1654 2230 1718 datas,
2322 1653 2388 1718 A

365 1742 633 1807 Lucullo
686 1742 997 1826 postridie
1033 1742 1254 1806 eadem
1289 1741 1422 1805 fere
1456 1741 1618 1805 hora
1656 1743 1800 1805 veni
1835 1743 1906 1805 in
1939 1741 2385 1807 Puteolanum.
2415 1768 2464 1809 15

364 1830 468 1895 Ibi
541 1831 752 1914 accepi
823 1830 979 1894 duas
1052 1829 1390 1913 epistulas,
1468 1830 1736 1893 alteram
1797 1827 2036 1915 Nonis,
2112 1830 2385 1895 alteram

298 1935 329 1985 2
365 1937 466 1984 VII
511 1918 664 1985 Idus
710 1918 999 1984 Lanuvio
1047 1918 1245 1983 datas,
1329 1916 1501 1981 Audi
1546 1917 1749 2003 igitur
1794 1917 1872 1983 ad
1919 1939 2156 1984 omnes.
2247 1917 2387 1983 Pri—

365 2031 559 2093 mum,
605 2030 769 2092 quae
813 2007 890 2072 de
934 2030 1002 2072 re
1047 2029 1188 2071 mea
1233 2011 1418 2091 gesta
1462 2010 1527 2070 et
1572 2007 1643 2070 in
1689 2008 2008 2071 solutione
2055 2013 2119 2071 et
2165 2008 2235 2072 in
2271 2007 2386 2072 AJ-

365 2097 558 2161 biano
614 2097 878 2181 negotio
888 2147 905 2180 ,
962 2100 1162 2180 grata.
1253 2094 1353 2159 De
1406 2098 1521 2159 tuo
1568 2100 1781 2158 autem
1825 2095 2150 2160 Buthroto
2161 2148 2178 2181 ,
2233 2118 2385 2161 cum

365 2186 435 2248 in
478 2184 865 2268 Pompeiano
924 2206 1154 2269 essem,
1207 2182 1529 2246 Misenum
1573 2184 1750 2247 venit
1793 2183 2135 2249 Antonius.
2225 2183 2386 2251 Inde
2414 2211 2466 2250 20

366 2278 515 2337 ante
559 2272 872 2357 discessit,
908 2294 1101 2355 quam
1143 2271 1330 2335 illum
1374 2271 1623 2336 venisse
1669 2272 2004 2337 audissem.
2076 2273 2124 2354 †
2142 2271 2204 2336 A
2252 2296 2384 2357 quo

365 2361 435 2425 in
508 2360 839 2425 Samnium
916 2360 1057 2423 vide
1136 2360 1289 2442 quid
1364 2381 1596 2442 speres,
1704 2358 1946 2424 Romae
2027 2361 2230 2445 igitur
2306 2362 2385 2427 de

365 2448 705 2514 Buthroto,
780 2446 849 2512 L.
879 2447 1124 2511 Antoni
1161 2447 1494 2511 horribilis
1532 2449 1767 2533 contio,
1793 2447 2167 2514 Dolabellae
2204 2472 2386 2533 prae-

365 2538 551 2602 clara.
632 2536 769 2601 Iam
823 2536 929 2600 vel
981 2536 1104 2599 sibi
1157 2535 1393 2599 habeat
1446 2557 1771 2621 nummos,
1835 2537 2028 2601 modo
2085 2543 2384 2603 numeret

364 2626 603 2689 Idibus.
696 2625 1019 2689 Tertullae
1061 2625 1301 2689 nollem
1348 2624 1664 2688 abortum.
1749 2623 1907 2688 Tam
1952 2626 2122 2689 enim
2173 2625 2386 2692 Cassii
2416 2653 2469 2693 25

364 2721 515 2778 sunt
562 2715 690 2777 iam
736 2734 929 2796 quam
972 2711 1163 2776 Bruti
1208 2712 1473 2776 serendi.
1546 2712 1643 2776 De
1690 2713 1911 2797 regina
1958 2713 2149 2778 velim
2187 2719 2387 2799 atque

364 2803 558 2866 etiam
596 2802 671 2866 de
700 2799 969 2865 Caesare
1001 2803 1045 2883 f
1042 2801 1173 2865 ilio.
1227 2799 1518 2865 Persolvi
1553 2801 1798 2885 primae
1835 2802 2165 2887 epistulae,
2193 2804 2386 2868 venio

366 2891 447 2955 ad
492 2889 847 2954 secundam.

293 2994 327 3043 8
498 2976 595 3042 De
632 2977 907 3062 Quintis,
934 2977 1278 3061 Buthroto,
1314 2999 1459 3040 cum
1489 2998 1737 3061 vener0,
1763 2982 1838 3042 ut
1877 2978 2122 3043 scribis.
2196 2977 2389 3054 Quod

364 3064 657 3131 Ciceroni
717 3066 1116 3151 suppeditas,
1174 3069 1446 3150 gratum.
1539 3065 1722 3141 Quod
1768 3088 1976 3131 errare
2022 3089 2124 3131 me
2170 3072 2389 3155 putaS,
2419 3096 2475 3136 30

365 3156 476 3238 qui
515 3177 657 3220 rem
703 3154 1023 3237 publicam
1069 3158 1290 3238 putem
1336 3153 1607 3237 pendere
1661 3176 1692 3219 e
1736 3154 1970 3241 Bruto,
2026 3155 2117 3219 sic
2163 3178 2230 3219 se
2277 3177 2387 3221 res

361 3242 571 3307 habet
657 3240 792 3306 Aut
847 3242 1027 3307 nulla
1082 3242 1203 3306 erit
1259 3246 1372 3306 aut
1432 3242 1512 3305 ab
1558 3243 1686 3307 isto
1731 3243 1953 3308 istisve
2001 3244 2387 3310 servabitur.

363 3330 546 3431 Quod
618 3352 720 3393 me
781 3330 1091 3412 hortar1S‚
1165 3334 1239 3394 ut
1303 3331 1608 3413 scriptam
1673 3332 2039 3396 contionem
2102 3333 2387 3420 mittam,

363 3419 572 3501 accipe
619 3441 656 3481 a
701 3439 820 3500 me,
866 3420 957 3483 mi
983 3416 1218 3502 Attice,
1260 3420 1628 3484 καθολικὸν
1670 3420 1987 3505 θεώρημα
2032 3442 2250 3484 earum
2287 3443 2388 3486 re·

360 3527 531 3590 rum,
592 3505 662 3569 in
725 3506 958 3589 quibus
1024 3507 1184 3570 satis
1244 3507 1574 3571 exercitati
1634 3529 1872 3573 sumus.
1971 3506 2178 3573 Nemo
2240 3532 2386 3577 um.-
2418 3537 2475 3578 35
