2642 3923
360 203 498 269 482
1001 201 1076 257 Μ.
1115 201 1330 256 TULLI
1367 200 1743 256 CICERONIS

368 367 496 430 quo
551 346 744 410 modo
791 340 972 421 οἶκος
1018 350 1229 429 φίλος.
1321 344 1550 428 Itaque
1594 365 1697 408 me
1741 345 2027 410 referunt
2072 349 2264 429 pedes
2315 349 2388 414 in

366 434 812 498 Tusculanum.
885 433 977 497 Et
1011 438 1229 498 tamen
1264 432 1419 496 haec
1458 433 1893 516 ῥωπογραφία
1927 435 2174 518 ripulae
2212 437 2387 500 vide-

365 527 475 587 tur
518 522 821 586 habitura
865 522 1132 587 celerem
1179 521 1559 585 satietatem.
1639 520 1958 605 Equidem
2002 523 2197 587 etiam
2242 525 2388 607 plu·

369 611 504 675 vias
563 614 813 695 metuo,
875 610 931 674 si
984 608 1409 695 Prognostica
1460 612 1686 673 nostra
1738 630 1887 673 vera
1945 615 2123 696 sunt3
2186 634 2387 677 ranae

370 699 539 764 enim
585 698 1078 783 ῥητορεύουσιν.
1167 697 1294 783 Tu,
1349 718 1605 782 quaeso,
1656 697 1757 761 fac
1804 699 2017 783 sciam,
2062 664 2176 764 u’bi
2221 700 2386 765 Bru-
2448 728 2477 768 ε

365 791 509 852 tum
551 791 846 851 nostrum
892 790 957 850 et
1001 807 1130 870 quo
1176 785 1279 851 die
1324 786 1539 849 videre
1584 786 1847 868 possim.

1268 960 1475 1026 XVII.

708 1081 820 1137 Ser.
851 1083 915 1136 in
950 1082 1174 1137 Antiati
1201 1089 1372 1151 postr.
1401 1082 1488 1136 Id.
1518 1082 1648 1136 Ium.
1679 1100 1729 1137 a.
1766 1086 1874 1138 710
1912 1087 2050 1152 (44).

971 1205 1259 1260 CICERO
1294 1204 1585 1259 ATTICO
1620 1205 1784 1262 SAL.

299 1333 327 1379 1
500 1312 679 1378 Duas
726 1314 936 1397 accepi
981 1313 1291 1397 postridie
1338 1313 1508 1397 Idus,
1567 1314 1833 1378 alteram
1881 1336 1955 1379 eo
2002 1316 2102 1378 die
2148 1316 2386 1403 datam,
2412 1344 2468 1384 10

370 1402 638 1466 alteram
682 1400 921 1466 Idibus.
1000 1401 1189 1466 Prius
1233 1402 1438 1486 igitur
1483 1403 1813 1485 superiori.
1891 1403 1988 1467 De
2032 1403 2118 1468 D.
2156 1370 2386 1489 Bruto,

371 1512 515 1554 cum
589 1490 763 1553 scies
870 1487 969 1554 De
1033 1490 1370 1554 consulum
1430 1490 1581 1554 ficto
1644 1490 1877 1556 timore
1940 1512 2382 1575 cognoveram

373 1577 553 1643 Sicca
599 1578 768 1642 enim
815 1581 1268 1663 φιλοστόργως
1302 1578 1414 1641 ille
1450 1578 1723 1664 quidem,
1770 1578 1880 1643 sed
1914 1580 2383 1645 tumultuosius

372 1667 453 1730 ad
496 1688 598 1731 me
643 1667 837 1730 etiam
879 1666 1059 1730 illam
1105 1667 1532 1749 suspicionem
1576 1667 1860 1749 pertulit.
1944 1666 2109 1743 Quid
2153 1671 2229 1732 tu
2275 1691 2383 1732 au-

372 1754 545 1819 tem?
619 1754 721 1819 ετοὶ
783 1750 907 1839 μὲν
962 1755 1279 1838 διδόμενα
1340 1790 1425 1801 -—
1428 1753 1494 1818 ³?
1566 1753 1836 1818 Nullum
1892 1756 2061 1819 enim
2113 1757 2382 1820 verbum
2406 1780 2459 1822 ιε

373 1867 410 1907 a
470 1844 517 1927 †
539 1841 805 1927 Siregio.
894 1839 1047 1907 Non
1098 1842 1321 1925 placet.
1413 1840 1512 1907 De
1567 1841 1919 1929 Plaetorio,
1980 1844 2190 1908 vicino
2245 1849 2379 1928 tu0,

371 1932 753 2017 permoleste
815 1928 939 1995 tuli
1005 1953 1389 2015 quemquam
1450 1931 1630 2015 prius
1696 1932 1948 1997 audisse
2014 1954 2207 2016 quam
2254 1953 2374 1997 me.

372 2020 470 2085 De
536 2020 699 2104 Syro
753 2021 1112 2104 prudenter.
1212 2018 1281 2083 L.
1339 2019 1697 2084 Antonium
1749 2041 1863 2104 per
1914 2020 2205 2085 Marcum
2251 2020 2379 2085 fra-

371 2113 554 2192 trem,
599 2112 673 2173 ut
719 2108 1016 2194 arbitror,
1057 2108 1359 2172 facillime
1406 2107 1769 2173 deterrebis.
1851 2106 2133 2173 Autroni
2177 2109 2379 2192 vetui3

373 2197 483 2261 sed
525 2197 811 2261 11011(111111
856 2217 1183 2297 acceperas
1228 2196 1498 2279 litteras,
1542 2217 1624 2260 ne
1668 2198 1965 2280 cuiquam
1998 2197 2128 2261 nisi
2165 2197 2234 2260 L.
2264 2196 2380 2261 Fa—
2407 2223 2460 2262 80

373 2285 478 2349 dio
525 2284 727 2349 aedili.
802 2283 1013 2348 Aliter
1058 2285 1228 2349 enim
1271 2306 1389 2348 nec
1426 2288 1608 2348 caute
1643 2306 1762 2350 nec
1796 2286 1936 2348 iure
1970 2286 2111 2349 fieri
2146 2289 2379 2370 potest.

374 2372 557 2450 Quod
613 2373 840 2436 scribis
894 2372 1018 2436 tibi
1073 2373 1252 2435 desse
1305 2371 1419 2436 HS
1476 2388 1542 2455 0,
1598 2394 1760 2457 quae
1814 2371 2104 2437 Ciceroni
2160 2377 2384 2439 curata

375 2462 524 2545 sint,
549 2461 743 2524 velim
778 2460 859 2524 ab
895 2459 1099 2524 Erote
1136 2481 1421 2543 quaeras,
1457 2459 1570 2523 ubi
1607 2461 1694 2525 sit
1729 2482 1967 2525 merces
2005 2462 2382 2525 insularum.

373 2548 686 2614 Arabioni
743 2549 819 2615 de
865 2546 1061 2613 Sittio
1107 2548 1272 2612 1111111
1314 2549 1573 2612 irascor.
1663 2548 1807 2634 Ego
1855 2549 1931 2613 de
1975 2549 2207 2613 itinere
2251 2549 2382 2613 nisi

375 2638 690 2720 explicato
739 2640 801 2701 A
840 2636 1006 2700 nihil
1051 2637 1291 2721 cogit03
1358 2636 1530 2720 quod
1574 2637 1740 2701 idem
1785 2637 1911 2702 tibi
1954 2637 2156 2702 videri
2201 2641 2380 2721 put0.
2411 2662 2462 2703 2⁵

298 2741 335 2789 *2
374 2725 590 2789 Habes
638 2725 718 2788 ad
763 2725 1169 2808 superiorem.

508 2811 695 2877 Nunc
749 2813 895 2877 audi
950 2813 1028 2876 ad
1083 2813 1367 2877 alteram.
1458 2811 1556 2876 Tu
1610 2834 1759 2876 vero
1812 2812 1968 2876 facis
2023 2815 2098 2876 ut
2144 2813 2380 2895 omnia,

376 2901 547 2985 quod
584 2900 889 2965 Serviliae
931 2922 1066 2964 non
1111 2901 1237 2983 des,
1281 2901 1350 2964 id
1396 2904 1495 2964 est
1531 2899 1753 2965 Bruto.
1825 2898 1923 2965 De
1968 2900 2191 2985 regina
2228 2920 2382 2984 gau-

376 2989 492 3054 deo
537 2993 603 3054 te
637 3011 770 3053 non
803 2989 1112 3073 laborare,
1148 2992 1383 3052 testem
1418 2988 1612 3051 etiam
1648 2988 1770 3052 tibi
1803 2988 2084 3071 probari.
2155 2987 2382 3053 Erotis

376 3078 657 3142 rationes
704 3081 768 3141 et
815 3098 891 3141 ex
936 3076 1169 3140 Tirone
1214 3076 1488 3161 cognovi
1533 3079 1597 3139 et
1640 3077 1861 3140 vocavi
1905 3077 2136 3160 ipsum.
2228 3073 2383 3139 Gra·
2411 3103 2467 3142 ao

374 3164 699 3230 tissimum
713 3217 731 3250 ,
789 3165 958 3248 quod
1018 3164 1339 3247 polliceris
1412 3161 1702 3228 Ciceroni
1762 3163 1927 3227 nihil
1991 3164 2384 3248 defuturum3

377 3254 454 3317 de
491 3274 619 3336 quo
655 3253 975 3317 mirabilia
1010 3252 1329 3337 Messalla,
1366 3251 1476 3335 qui
1513 3251 1801 3316 Lanuvio
1844 3252 2094 3316 rediens
2132 3253 2212 3316 ab
2249 3252 2385 3315 illis

377 3341 554 3405 venit
600 3340 679 3404 ad
723 3362 844 3425 me,
888 3344 953 3405 et
996 3339 1356 3404 mehercule
1402 3339 1605 3423 ipsius
1652 3340 1906 3404 litterae
1953 3341 2045 3403 sic
2090 3344 2155 3404 et
2197 3345 2384 3423 φιλο-

378 3431 670 3513 στόργως
707 3432 771 3491 et
806 3428 1275 3512 πεπινωμένως
1313 3429 1603 3511 scriptae,
1639 3432 1712 3491 ut
1749 3449 1853 3491 eas
1891 3428 1994 3493 vel
2031 3428 2100 3492 in
2137 3427 2384 3492 acroasi

375 3515 642 3580 audeam
685 3515 913 3599 legere.
987 3515 1369 3601 Quomagis
1407 3516 1504 3580 illi
1541 3515 1997 3601 indulgendum
2036 3520 2210 3599 puto.
2284 3514 2386 3580 De
2412 3543 2469 3583 ³⁵
