<?xml version="1.0" encoding="UTF-8"?>
<!DOCTYPE html PUBLIC "-//W3C//DTD XHTML 1.0 Transitional//EN"
    "http://www.w3.org/TR/xhtml1/DTD/xhtml1-transitional.dtd">
<html xmlns="http://www.w3.org/1999/xhtml" xml:lang="en" lang="en">
 <head>
  <title>
</title>
<meta http-equiv="Content-Type" content="text/html;charset=utf-8" />
  <meta name='ocr-system' content='tesseract 3.04.00' />
  <meta name='ocr-capabilities' content='ocr_page ocr_carea ocr_par ocr_line ocrx_word'/>
</head>
<body>
  <div class='ocr_page' id='page_1' title='image "./scriptaquaemans00friegoog_0629.png"; bbox 0 0 2642 3923; ppageno 0'>
   <div class='ocr_carea' id='block_1_1' title="bbox 587 234 2278 304">
    <p class='ocr_par' dir='ltr' id='par_1_1' title="bbox 587 234 2278 304">
     <span class='ocr_line' id='line_1_1' title="bbox 587 234 2278 304; baseline 0.007 -16"><span class='ocrx_word' id='word_1_1' title='bbox 587 235 1099 289; x_wconf 80' lang='lat' dir='ltr'><strong>EPISTULARUM</strong></span> <span class='ocrx_word' id='word_1_2' title='bbox 1138 236 1235 289; x_wconf 89' lang='lat' dir='ltr'>AD</span> <span class='ocrx_word' id='word_1_3' title='bbox 1276 235 1600 290; x_wconf 85' lang='lat' dir='ltr'>ATTICUM</span> <span class='ocrx_word' id='word_1_4' title='bbox 1636 235 1738 290; x_wconf 91' lang='lat' dir='ltr'>XV</span> <span class='ocrx_word' id='word_1_5' title='bbox 1776 242 1825 304; x_wconf 88' lang='lat'>1,</span> <span class='ocrx_word' id='word_1_6' title='bbox 1866 242 1958 290; x_wconf 81' lang='lat' dir='ltr'>la.</span> <span class='ocrx_word' id='word_1_7' title='bbox 2145 234 2278 299; x_wconf 82' lang='grc'>465</span> 
     </span>
    </p>
   </div>
   <div class='ocr_carea' id='block_1_2' title="bbox 546 465 2000 656">
    <p class='ocr_par' dir='ltr' id='par_1_2' title="bbox 546 465 2000 656">
     <span class='ocr_line' id='line_1_2' title="bbox 1224 465 1320 530; baseline 0 0"><span class='ocrx_word' id='word_1_8' title='bbox 1224 465 1320 530; x_wconf 90' lang='lat' dir='ltr'>Ia.</span> 
     </span>
     <span class='ocr_line' id='line_1_3' title="bbox 546 587 2000 656; baseline -0.001 -13"><span class='ocrx_word' id='word_1_9' title='bbox 546 587 659 643; x_wconf 84' lang='lat' dir='ltr'>Scr.</span> <span class='ocrx_word' id='word_1_10' title='bbox 688 588 752 642; x_wconf 78' lang='lat' dir='ltr'>in</span> <span class='ocrx_word' id='word_1_11' title='bbox 790 587 1122 643; x_wconf 76' lang='lat' dir='ltr'><strong><em>Sinuessano</em></strong></span> <span class='ocrx_word' id='word_1_12' title='bbox 1158 587 1280 641; x_wconf 89' lang='lat' dir='ltr'>XV</span> <span class='ocrx_word' id='word_1_13' title='bbox 1313 588 1444 641; x_wconf 85' lang='lat' dir='ltr'>Kal.</span> <span class='ocrx_word' id='word_1_14' title='bbox 1474 588 1603 642; x_wconf 77' lang='lat' dir='ltr'>Iun.</span> <span class='ocrx_word' id='word_1_15' title='bbox 1634 605 1686 643; x_wconf 87' lang='lat' dir='ltr'>a.</span> <span class='ocrx_word' id='word_1_16' title='bbox 1718 591 1827 644; x_wconf 83' lang='lat'>710</span> <span class='ocrx_word' id='word_1_17' title='bbox 1866 591 2000 656; x_wconf 80' lang='lat'><em>(44).</em></span> 
     </span>
    </p>
   </div>
   <div class='ocr_carea' id='block_1_3' title="bbox 869 709 1683 766">
    <p class='ocr_par' dir='ltr' id='par_1_3' title="bbox 869 709 1683 766">
     <span class='ocr_line' id='line_1_4' title="bbox 869 709 1683 766; baseline -0.001 -2"><span class='ocrx_word' id='word_1_18' title='bbox 869 709 1158 765; x_wconf 80' lang='lat' dir='ltr'><strong><em>CICERO</em></strong></span> <span class='ocrx_word' id='word_1_19' title='bbox 1193 709 1484 766; x_wconf 82' lang='lat' dir='ltr'><strong><em>ATTICO</em></strong></span> <span class='ocrx_word' id='word_1_20' title='bbox 1519 710 1683 764; x_wconf 85' lang='lat' dir='ltr'><strong><em>SAL.</em></strong></span> 
     </span>
    </p>
   </div>
   <div class='ocr_carea' id='block_1_4' title="bbox 183 817 2278 3261">
    <p class='ocr_par' dir='ltr' id='par_1_4' title="bbox 183 817 2278 3261">
     <span class='ocr_line' id='line_1_5' title="bbox 397 817 2275 883; baseline 0 0"><span class='ocrx_word' id='word_1_21' title='bbox 397 818 568 883; x_wconf 91' lang='lat' dir='ltr'>Here</span> <span class='ocrx_word' id='word_1_22' title='bbox 631 818 923 882; x_wconf 82' lang='lat' dir='ltr'>dederam</span> <span class='ocrx_word' id='word_1_23' title='bbox 986 818 1066 882; x_wconf 88' lang='lat' dir='ltr'>ad</span> <span class='ocrx_word' id='word_1_24' title='bbox 1128 823 1192 882; x_wconf 92' lang='lat' dir='ltr'>te</span> <span class='ocrx_word' id='word_1_25' title='bbox 1255 817 1506 881; x_wconf 74' lang='lat' dir='ltr'><strong>litteras</strong></span> <span class='ocrx_word' id='word_1_26' title='bbox 1567 819 1782 882; x_wconf 85' lang='lat' dir='ltr'>exiens</span> <span class='ocrx_word' id='word_1_27' title='bbox 1839 841 1873 883; x_wconf 90' lang='lat' dir='ltr'>e</span> <span class='ocrx_word' id='word_1_28' title='bbox 1920 818 2275 883; x_wconf 89' lang='lat' dir='ltr'>Puteolano</span> 
     </span>
     <span class='ocr_line' id='line_1_6' title="bbox 207 904 2277 990; baseline -0.001 -18"><span class='ocrx_word' id='word_1_29' title='bbox 207 932 233 973; x_wconf 77' lang='lat'><strong>5</strong></span> <span class='ocrx_word' id='word_1_30' title='bbox 265 907 780 990; x_wconf 87' lang='lat' dir='ltr'>deverteramque</span> <span class='ocrx_word' id='word_1_31' title='bbox 825 907 894 969; x_wconf 91' lang='lat' dir='ltr'>in</span> <span class='ocrx_word' id='word_1_32' title='bbox 941 904 1313 970; x_wconf 85' lang='lat' dir='ltr'>Cumanum.</span> <span class='ocrx_word' id='word_1_33' title='bbox 1396 905 1499 970; x_wconf 89' lang='lat' dir='ltr'>Ibi</span> <span class='ocrx_word' id='word_1_34' title='bbox 1544 906 1703 969; x_wconf 92' lang='lat' dir='ltr'>bene</span> <span class='ocrx_word' id='word_1_35' title='bbox 1748 906 2066 971; x_wconf 85' lang='lat' dir='ltr'>valentem</span> <span class='ocrx_word' id='word_1_36' title='bbox 2114 908 2277 971; x_wconf 87' lang='lat' dir='ltr'>vide-</span> 
     </span>
     <span class='ocr_line' id='line_1_7' title="bbox 266 992 2274 1078; baseline 0 -20"><span class='ocrx_word' id='word_1_37' title='bbox 266 1019 400 1058; x_wconf 86' lang='lat' dir='ltr'>ram</span> <span class='ocrx_word' id='word_1_38' title='bbox 445 994 691 1059; x_wconf 86' lang='lat' dir='ltr'><strong>Piliam.</strong></span> <span class='ocrx_word' id='word_1_39' title='bbox 784 992 953 1069; x_wconf 86' lang='lat' dir='ltr'>Quin</span> <span class='ocrx_word' id='word_1_40' title='bbox 1007 995 1202 1058; x_wconf 88' lang='lat' dir='ltr'>etiam</span> <span class='ocrx_word' id='word_1_41' title='bbox 1256 994 1450 1078; x_wconf 89' lang='lat' dir='ltr'>paulo</span> <span class='ocrx_word' id='word_1_42' title='bbox 1483 1001 1630 1076; x_wconf 73' lang='lat' dir='ltr'>post</span> <span class='ocrx_word' id='word_1_43' title='bbox 1676 992 1894 1057; x_wconf 86' lang='lat' dir='ltr'>Cumis</span> <span class='ocrx_word' id='word_1_44' title='bbox 1941 1018 2080 1058; x_wconf 90' lang='lat' dir='ltr'>eam</span> <span class='ocrx_word' id='word_1_45' title='bbox 2126 996 2274 1058; x_wconf 87' lang='lat' dir='ltr'>vidi.</span> 
     </span>
     <span class='ocr_line' id='line_1_8' title="bbox 267 1083 2278 1167; baseline 0 -20"><span class='ocrx_word' id='word_1_46' title='bbox 267 1083 545 1147; x_wconf 91' lang='lat' dir='ltr'>Venerat</span> <span class='ocrx_word' id='word_1_47' title='bbox 591 1084 762 1147; x_wconf 92' lang='lat' dir='ltr'>enim</span> <span class='ocrx_word' id='word_1_48' title='bbox 806 1083 876 1145; x_wconf 88' lang='lat' dir='ltr'>in</span> <span class='ocrx_word' id='word_1_49' title='bbox 911 1083 1133 1165; x_wconf 80' lang='lat' dir='ltr'>funus3</span> <span class='ocrx_word' id='word_1_50' title='bbox 1181 1083 1280 1146; x_wconf 92' lang='lat' dir='ltr'>cui</span> <span class='ocrx_word' id='word_1_51' title='bbox 1318 1083 1530 1145; x_wconf 86' lang='lat' dir='ltr'>funeri</span> <span class='ocrx_word' id='word_1_52' title='bbox 1567 1103 1687 1167; x_wconf 90' lang='lat' dir='ltr'>ego</span> <span class='ocrx_word' id='word_1_53' title='bbox 1727 1104 1981 1166; x_wconf 89' lang='lat' dir='ltr'>quoque</span> <span class='ocrx_word' id='word_1_54' title='bbox 2020 1105 2278 1166; x_wconf 81' lang='lat' dir='ltr'>operam</span> 
     </span>
     <span class='ocr_line' id='line_1_9' title="bbox 265 1170 2277 1256; baseline 0 -22"><span class='ocrx_word' id='word_1_55' title='bbox 265 1172 423 1236; x_wconf 90' lang='lat' dir='ltr'>dedi.</span> <span class='ocrx_word' id='word_1_56' title='bbox 516 1170 628 1236; x_wconf 84' lang='lat' dir='ltr'>Cn.</span> <span class='ocrx_word' id='word_1_57' title='bbox 667 1170 1001 1253; x_wconf 80' lang='lat' dir='ltr'>LuculluS‚</span> <span class='ocrx_word' id='word_1_58' title='bbox 1056 1171 1391 1235; x_wconf 83' lang='lat' dir='ltr'>familiaris</span> <span class='ocrx_word' id='word_1_59' title='bbox 1445 1175 1693 1256; x_wconf 91' lang='lat' dir='ltr'>noster,</span> <span class='ocrx_word' id='word_1_60' title='bbox 1747 1176 2019 1235; x_wconf 88' lang='lat' dir='ltr'>matrem</span> <span class='ocrx_word' id='word_1_61' title='bbox 2065 1171 2277 1236; x_wconf 87' lang='lat' dir='ltr'>effere-</span> 
     </span>
     <span class='ocr_line' id='line_1_10' title="bbox 267 1256 2276 1343; baseline 0 -20"><span class='ocrx_word' id='word_1_62' title='bbox 267 1261 392 1324; x_wconf 91' lang='lat' dir='ltr'>bat.</span> <span class='ocrx_word' id='word_1_63' title='bbox 483 1260 694 1324; x_wconf 85' lang='lat' dir='ltr'>Mansi</span> <span class='ocrx_word' id='word_1_64' title='bbox 757 1259 959 1343; x_wconf 89' lang='lat' dir='ltr'>igitur</span> <span class='ocrx_word' id='word_1_65' title='bbox 1022 1281 1095 1323; x_wconf 93' lang='lat' dir='ltr'>eo</span> <span class='ocrx_word' id='word_1_66' title='bbox 1163 1260 1263 1322; x_wconf 89' lang='lat' dir='ltr'>die</span> <span class='ocrx_word' id='word_1_67' title='bbox 1317 1260 1386 1322; x_wconf 88' lang='lat' dir='ltr'>in</span> <span class='ocrx_word' id='word_1_68' title='bbox 1442 1256 1828 1322; x_wconf 81' lang='lat' dir='ltr'>Sinuessano</span> <span class='ocrx_word' id='word_1_69' title='bbox 1885 1263 2078 1342; x_wconf 87' lang='lat' dir='ltr'>atque</span> <span class='ocrx_word' id='word_1_70' title='bbox 2131 1259 2276 1324; x_wconf 92' lang='lat' dir='ltr'>inde</span> 
     </span>
     <span class='ocr_line' id='line_1_11' title="bbox 185 1345 2276 1431; baseline -0 -19"><span class='ocrx_word' id='word_1_71' title='bbox 185 1373 235 1412; x_wconf 87' lang='grc' dir='ltr'>ιο</span> <span class='ocrx_word' id='word_1_72' title='bbox 264 1371 448 1413; x_wconf 90' lang='lat' dir='ltr'>mane</span> <span class='ocrx_word' id='word_1_73' title='bbox 512 1347 823 1431; x_wconf 74' lang='lat' dir='ltr'>postridie</span> <span class='ocrx_word' id='word_1_74' title='bbox 882 1345 1202 1430; x_wconf 85' lang='lat' dir='ltr'>Arpinum</span> <span class='ocrx_word' id='word_1_75' title='bbox 1256 1347 1662 1430; x_wconf 86' lang='lat' dir='ltr'>proficiscens</span> <span class='ocrx_word' id='word_1_76' title='bbox 1716 1346 1879 1410; x_wconf 88' lang='lat' dir='ltr'>hanc</span> <span class='ocrx_word' id='word_1_77' title='bbox 1934 1348 2276 1430; x_wconf 75' lang='lat' dir='ltr'>epistulam</span> 
     </span>
     <span class='ocr_line' id='line_1_12' title="bbox 264 1435 2274 1520; baseline 0 -21"><span class='ocrx_word' id='word_1_78' title='bbox 264 1435 531 1500; x_wconf 83' lang='lat' dir='ltr'>exaravi.</span> <span class='ocrx_word' id='word_1_79' title='bbox 623 1435 784 1499; x_wconf 86' lang='lat' dir='ltr'>Erat</span> <span class='ocrx_word' id='word_1_80' title='bbox 841 1439 1055 1499; x_wconf 87' lang='lat' dir='ltr'>autem</span> <span class='ocrx_word' id='word_1_81' title='bbox 1107 1435 1273 1498; x_wconf 79' lang='lat' dir='ltr'>nihil</span> <span class='ocrx_word' id='word_1_82' title='bbox 1326 1436 1503 1520; x_wconf 82' lang='lat' dir='ltr'>novi,</span> <span class='ocrx_word' id='word_1_83' title='bbox 1560 1436 1731 1518; x_wconf 90' lang='lat' dir='ltr'>quod</span> <span class='ocrx_word' id='word_1_84' title='bbox 1779 1441 1889 1499; x_wconf 89' lang='lat' dir='ltr'>aut</span> <span class='ocrx_word' id='word_1_85' title='bbox 1936 1436 2274 1499; x_wconf 84' lang='lat' dir='ltr'>scriberem</span> 
     </span>
     <span class='ocr_line' id='line_1_13' title="bbox 266 1522 2276 1608; baseline 0 -20"><span class='ocrx_word' id='word_1_86' title='bbox 266 1529 377 1588; x_wconf 89' lang='lat' dir='ltr'>aut</span> <span class='ocrx_word' id='word_1_87' title='bbox 424 1546 502 1588; x_wconf 85' lang='lat' dir='ltr'>ex</span> <span class='ocrx_word' id='word_1_88' title='bbox 548 1527 613 1587; x_wconf 86' lang='lat' dir='ltr'>te</span> <span class='ocrx_word' id='word_1_89' title='bbox 661 1545 1048 1608; x_wconf 82' lang='lat' dir='ltr'>quaererem,</span> <span class='ocrx_word' id='word_1_90' title='bbox 1092 1523 1220 1586; x_wconf 89' lang='lat' dir='ltr'>nisi</span> <span class='ocrx_word' id='word_1_91' title='bbox 1255 1524 1424 1587; x_wconf 84' lang='lat' dir='ltr'>forte</span> <span class='ocrx_word' id='word_1_92' title='bbox 1458 1522 1581 1588; x_wconf 92' lang='lat' dir='ltr'>hoc</span> <span class='ocrx_word' id='word_1_93' title='bbox 1619 1523 1697 1587; x_wconf 87' lang='lat' dir='ltr'>ad</span> <span class='ocrx_word' id='word_1_94' title='bbox 1733 1545 1868 1586; x_wconf 92' lang='lat' dir='ltr'>rem</span> <span class='ocrx_word' id='word_1_95' title='bbox 1903 1528 2093 1607; x_wconf 90' lang='lat' dir='ltr'>putas</span> <span class='ocrx_word' id='word_1_96' title='bbox 2139 1547 2276 1607; x_wconf 90' lang='lat' dir='ltr'>per·</span> 
     </span>
     <span class='ocr_line' id='line_1_14' title="bbox 264 1611 2274 1675; baseline 0 0"><span class='ocrx_word' id='word_1_97' title='bbox 264 1613 484 1675; x_wconf 89' lang='lat' dir='ltr'>tinere.</span> <span class='ocrx_word' id='word_1_98' title='bbox 574 1611 814 1675; x_wconf 90' lang='lat' dir='ltr'>Brutus</span> <span class='ocrx_word' id='word_1_99' title='bbox 878 1616 1098 1674; x_wconf 89' lang='lat' dir='ltr'>noster</span> <span class='ocrx_word' id='word_1_100' title='bbox 1161 1611 1339 1674; x_wconf 89' lang='lat' dir='ltr'>misit</span> <span class='ocrx_word' id='word_1_101' title='bbox 1404 1611 1483 1674; x_wconf 91' lang='lat' dir='ltr'>ad</span> <span class='ocrx_word' id='word_1_102' title='bbox 1547 1634 1646 1675; x_wconf 89' lang='lat' dir='ltr'>me</span> <span class='ocrx_word' id='word_1_103' title='bbox 1695 1612 2046 1675; x_wconf 89' lang='lat' dir='ltr'>orationem</span> <span class='ocrx_word' id='word_1_104' title='bbox 2095 1635 2274 1675; x_wconf 87' lang='lat' dir='ltr'>suam</span> 
     </span>
     <span class='ocr_line' id='line_1_15' title="bbox 263 1696 2275 1784; baseline 0 -22"><span class='ocrx_word' id='word_1_105' title='bbox 263 1699 553 1763; x_wconf 77' lang='lat' dir='ltr'>habitam</span> <span class='ocrx_word' id='word_1_106' title='bbox 613 1699 680 1762; x_wconf 92' lang='lat' dir='ltr'>in</span> <span class='ocrx_word' id='word_1_107' title='bbox 743 1699 1040 1761; x_wconf 92' lang='lat' dir='ltr'>contione</span> <span class='ocrx_word' id='word_1_108' title='bbox 1096 1696 1461 1780; x_wconf 86' lang='lat' dir='ltr'>Capitolina</span> <span class='ocrx_word' id='word_1_109' title='bbox 1513 1700 1866 1782; x_wconf 84' lang='lat' dir='ltr'>petivitque</span> <span class='ocrx_word' id='word_1_110' title='bbox 1922 1722 1959 1763; x_wconf 86' lang='lat' dir='ltr'>a</span> <span class='ocrx_word' id='word_1_111' title='bbox 2013 1722 2139 1784; x_wconf 92' lang='lat' dir='ltr'>me,</span> <span class='ocrx_word' id='word_1_112' title='bbox 2203 1705 2275 1763; x_wconf 91' lang='lat' dir='ltr'>ut</span> 
     </span>
     <span class='ocr_line' id='line_1_16' title="bbox 186 1786 2274 1870; baseline 0 -20"><span class='ocrx_word' id='word_1_113' title='bbox 186 1810 237 1851; x_wconf 83' lang='lat'>15</span> <span class='ocrx_word' id='word_1_114' title='bbox 266 1809 405 1850; x_wconf 91' lang='lat' dir='ltr'>eam</span> <span class='ocrx_word' id='word_1_115' title='bbox 459 1808 539 1850; x_wconf 92' lang='lat' dir='ltr'>ne</span> <span class='ocrx_word' id='word_1_116' title='bbox 599 1786 937 1850; x_wconf 87' lang='lat' dir='ltr'>ambitiose</span> <span class='ocrx_word' id='word_1_117' title='bbox 983 1787 1392 1870; x_wconf 83' lang='lat' dir='ltr'>corrigerem,</span> <span class='ocrx_word' id='word_1_118' title='bbox 1448 1791 1789 1869; x_wconf 88' lang='lat' dir='ltr'>antequam</span> <span class='ocrx_word' id='word_1_119' title='bbox 1835 1787 2062 1851; x_wconf 83' lang='lat' dir='ltr'>ederet.</span> <span class='ocrx_word' id='word_1_120' title='bbox 2153 1787 2274 1851; x_wconf 86' lang='lat' dir='ltr'>Est</span> 
     </span>
     <span class='ocr_line' id='line_1_17' title="bbox 266 1874 2274 1958; baseline 0 -20"><span class='ocrx_word' id='word_1_121' title='bbox 266 1879 480 1939; x_wconf 88' lang='lat' dir='ltr'>autem</span> <span class='ocrx_word' id='word_1_122' title='bbox 541 1875 746 1938; x_wconf 88' lang='lat' dir='ltr'>oratio</span> <span class='ocrx_word' id='word_1_123' title='bbox 806 1875 1044 1956; x_wconf 91' lang='lat' dir='ltr'>scripta</span> <span class='ocrx_word' id='word_1_124' title='bbox 1098 1874 1568 1958; x_wconf 84' lang='lat' dir='ltr'>elegantissime</span> <span class='ocrx_word' id='word_1_125' title='bbox 1625 1876 1988 1958; x_wconf 85' lang='lat' dir='ltr'>sententiis,</span> <span class='ocrx_word' id='word_1_126' title='bbox 2044 1875 2274 1958; x_wconf 80' lang='lat' dir='ltr'>verbiS,</span> 
     </span>
     <span class='ocr_line' id='line_1_18' title="bbox 266 1963 2274 2047; baseline -0 -20"><span class='ocrx_word' id='word_1_127' title='bbox 266 1968 338 2027; x_wconf 91' lang='lat' dir='ltr'>ut</span> <span class='ocrx_word' id='word_1_128' title='bbox 391 1964 555 2027; x_wconf 87' lang='lat' dir='ltr'>nihil</span> <span class='ocrx_word' id='word_1_129' title='bbox 619 1963 827 2047; x_wconf 90' lang='lat' dir='ltr'>possit</span> <span class='ocrx_word' id='word_1_130' title='bbox 882 1963 1068 2027; x_wconf 88' lang='lat' dir='ltr'>ultra.</span> <span class='ocrx_word' id='word_1_131' title='bbox 1160 1963 1305 2047; x_wconf 87' lang='lat' dir='ltr'>Ego</span> <span class='ocrx_word' id='word_1_132' title='bbox 1366 1967 1607 2046; x_wconf 84' lang='lat' dir='ltr'>tamen,</span> <span class='ocrx_word' id='word_1_133' title='bbox 1673 1964 1728 2026; x_wconf 89' lang='lat' dir='ltr'>si</span> <span class='ocrx_word' id='word_1_134' title='bbox 1788 1963 1965 2026; x_wconf 88' lang='lat' dir='ltr'>illam</span> <span class='ocrx_word' id='word_1_135' title='bbox 2021 1986 2274 2028; x_wconf 90' lang='lat' dir='ltr'>causam</span> 
     </span>
     <span class='ocr_line' id='line_1_19' title="bbox 262 2051 2275 2135; baseline -0 -20"><span class='ocrx_word' id='word_1_136' title='bbox 262 2051 658 2135; x_wconf 87' lang='lat' dir='ltr'>habuissem,</span> <span class='ocrx_word' id='word_1_137' title='bbox 742 2051 1136 2134; x_wconf 79' lang='lat' dir='ltr'>scripsissem</span> <span class='ocrx_word' id='word_1_138' title='bbox 1220 2052 1560 2115; x_wconf 88' lang='lat' dir='ltr'>ardentius.</span> <span class='ocrx_word' id='word_1_139' title='bbox 1668 2052 2028 2128; x_wconf 57' lang='grc' dir='ltr'>εΥπόᾶὴεσις</span> <span class='ocrx_word' id='word_1_140' title='bbox 2100 2053 2275 2115; x_wconf 85' lang='lat' dir='ltr'>vides</span> 
     </span>
     <span class='ocr_line' id='line_1_20' title="bbox 265 2138 2274 2224; baseline -0 -21"><span class='ocrx_word' id='word_1_141' title='bbox 265 2162 426 2223; x_wconf 87' lang='lat' dir='ltr'>quae</span> <span class='ocrx_word' id='word_1_142' title='bbox 492 2140 578 2204; x_wconf 89' lang='lat' dir='ltr'>sit</span> <span class='ocrx_word' id='word_1_143' title='bbox 640 2145 698 2204; x_wconf 79' lang='lat' dir='ltr'>et</span> <span class='ocrx_word' id='word_1_144' title='bbox 757 2161 1030 2222; x_wconf 88' lang='lat' dir='ltr'>persona</span> <span class='ocrx_word' id='word_1_145' title='bbox 1093 2140 1377 2203; x_wconf 84' lang='lat' dir='ltr'>dicentis,</span> <span class='ocrx_word' id='word_1_146' title='bbox 1477 2138 1704 2222; x_wconf 88' lang='lat' dir='ltr'>Itaque</span> <span class='ocrx_word' id='word_1_147' title='bbox 1768 2162 1907 2204; x_wconf 89' lang='lat' dir='ltr'>eam</span> <span class='ocrx_word' id='word_1_148' title='bbox 1960 2141 2274 2224; x_wconf 85' lang='lat' dir='ltr'>corrigere</span> 
     </span>
     <span class='ocr_line' id='line_1_21' title="bbox 183 2227 2275 2312; baseline 0 -21"><span class='ocrx_word' id='word_1_149' title='bbox 183 2252 236 2291; x_wconf 68' lang='grc' dir='ltr'>ιο</span> <span class='ocrx_word' id='word_1_150' title='bbox 262 2249 396 2292; x_wconf 88' lang='lat' dir='ltr'>non</span> <span class='ocrx_word' id='word_1_151' title='bbox 447 2228 648 2311; x_wconf 90' lang='lat' dir='ltr'>potui.</span> <span class='ocrx_word' id='word_1_152' title='bbox 742 2227 881 2303; x_wconf 84' lang='lat' dir='ltr'>Quo</span> <span class='ocrx_word' id='word_1_153' title='bbox 938 2228 1107 2291; x_wconf 89' lang='lat' dir='ltr'>enim</span> <span class='ocrx_word' id='word_1_154' title='bbox 1162 2228 1231 2291; x_wconf 90' lang='lat' dir='ltr'>in</span> <span class='ocrx_word' id='word_1_155' title='bbox 1286 2249 1514 2312; x_wconf 88' lang='lat' dir='ltr'>genere</span> <span class='ocrx_word' id='word_1_156' title='bbox 1562 2227 1802 2291; x_wconf 90' lang='lat' dir='ltr'>Brutus</span> <span class='ocrx_word' id='word_1_157' title='bbox 1857 2232 2079 2292; x_wconf 87' lang='lat' dir='ltr'>noster</span> <span class='ocrx_word' id='word_1_158' title='bbox 2138 2249 2275 2291; x_wconf 87' lang='lat' dir='ltr'>esse</span> 
     </span>
     <span class='ocr_line' id='line_1_22' title="bbox 264 2316 2275 2400; baseline 0 -21"><span class='ocrx_word' id='word_1_159' title='bbox 264 2316 403 2380; x_wconf 85' lang='lat' dir='ltr'>vult</span> <span class='ocrx_word' id='word_1_160' title='bbox 450 2320 513 2380; x_wconf 93' lang='lat' dir='ltr'>et</span> <span class='ocrx_word' id='word_1_161' title='bbox 561 2316 731 2399; x_wconf 92' lang='lat' dir='ltr'>quod</span> <span class='ocrx_word' id='word_1_162' title='bbox 767 2316 1070 2379; x_wconf 89' lang='lat' dir='ltr'>iudicium</span> <span class='ocrx_word' id='word_1_163' title='bbox 1106 2316 1302 2379; x_wconf 91' lang='lat' dir='ltr'>habet</span> <span class='ocrx_word' id='word_1_164' title='bbox 1349 2316 1424 2379; x_wconf 92' lang='lat' dir='ltr'>de</span> <span class='ocrx_word' id='word_1_165' title='bbox 1462 2317 1706 2398; x_wconf 91' lang='lat' dir='ltr'>optimo</span> <span class='ocrx_word' id='word_1_166' title='bbox 1744 2337 1972 2400; x_wconf 87' lang='lat' dir='ltr'>genere</span> <span class='ocrx_word' id='word_1_167' title='bbox 2011 2316 2275 2398; x_wconf 86' lang='lat' dir='ltr'>dicendi,</span> 
     </span>
     <span class='ocr_line' id='line_1_23' title="bbox 264 2404 2274 2489; baseline 0 -22"><span class='ocrx_word' id='word_1_168' title='bbox 264 2405 327 2467; x_wconf 91' lang='lat' dir='ltr'>id</span> <span class='ocrx_word' id='word_1_169' title='bbox 373 2405 467 2468; x_wconf 91' lang='lat' dir='ltr'>ita</span> <span class='ocrx_word' id='word_1_170' title='bbox 511 2408 890 2468; x_wconf 88' lang='lat' dir='ltr'>consecutus</span> <span class='ocrx_word' id='word_1_171' title='bbox 929 2404 995 2466; x_wconf 92' lang='lat' dir='ltr'>in</span> <span class='ocrx_word' id='word_1_172' title='bbox 1034 2426 1107 2467; x_wconf 87' lang='lat' dir='ltr'>ea</span> <span class='ocrx_word' id='word_1_173' title='bbox 1146 2405 1434 2467; x_wconf 90' lang='lat' dir='ltr'>oratione</span> <span class='ocrx_word' id='word_1_174' title='bbox 1472 2408 1589 2489; x_wconf 87' lang='lat' dir='ltr'>est,</span> <span class='ocrx_word' id='word_1_175' title='bbox 1634 2409 1707 2468; x_wconf 92' lang='lat' dir='ltr'>ut</span> <span class='ocrx_word' id='word_1_176' title='bbox 1745 2404 2098 2488; x_wconf 91' lang='lat' dir='ltr'>elegantius</span> <span class='ocrx_word' id='word_1_177' title='bbox 2138 2425 2274 2468; x_wconf 89' lang='lat' dir='ltr'>esse</span> 
     </span>
     <span class='ocr_line' id='line_1_24' title="bbox 262 2491 2275 2576; baseline -0 -20"><span class='ocrx_word' id='word_1_178' title='bbox 262 2492 427 2556; x_wconf 89' lang='lat' dir='ltr'>nihil</span> <span class='ocrx_word' id='word_1_179' title='bbox 471 2493 706 2576; x_wconf 82' lang='lat' dir='ltr'>possit3</span> <span class='ocrx_word' id='word_1_180' title='bbox 754 2492 862 2556; x_wconf 90' lang='lat' dir='ltr'>sed</span> <span class='ocrx_word' id='word_1_181' title='bbox 908 2513 1028 2576; x_wconf 89' lang='lat' dir='ltr'>ego</span> <span class='ocrx_word' id='word_1_182' title='bbox 1076 2495 1330 2555; x_wconf 88' lang='lat' dir='ltr'>secutus</span> <span class='ocrx_word' id='word_1_183' title='bbox 1379 2493 1549 2556; x_wconf 91' lang='lat' dir='ltr'>aliud</span> <span class='ocrx_word' id='word_1_184' title='bbox 1598 2514 1740 2556; x_wconf 90' lang='lat' dir='ltr'>sum</span> <span class='ocrx_word' id='word_1_185' title='bbox 1780 2493 1912 2556; x_wconf 85' lang='lat' dir='ltr'>sive</span> <span class='ocrx_word' id='word_1_186' title='bbox 1947 2491 2071 2556; x_wconf 90' lang='lat' dir='ltr'>hoc</span> <span class='ocrx_word' id='word_1_187' title='bbox 2107 2497 2275 2556; x_wconf 89' lang='lat' dir='ltr'>recte</span> 
     </span>
     <span class='ocr_line' id='line_1_25' title="bbox 266 2579 2274 2665; baseline 0 -22"><span class='ocrx_word' id='word_1_188' title='bbox 266 2582 398 2644; x_wconf 85' lang='lat' dir='ltr'>sive</span> <span class='ocrx_word' id='word_1_189' title='bbox 442 2601 574 2645; x_wconf 90' lang='lat' dir='ltr'>non</span> <span class='ocrx_word' id='word_1_190' title='bbox 618 2585 804 2644; x_wconf 88' lang='lat' dir='ltr'>recte.</span> <span class='ocrx_word' id='word_1_191' title='bbox 879 2579 978 2644; x_wconf 84' lang='lat' dir='ltr'>Tu</span> <span class='ocrx_word' id='word_1_192' title='bbox 1022 2583 1234 2643; x_wconf 87' lang='lat' dir='ltr'>tamen</span> <span class='ocrx_word' id='word_1_193' title='bbox 1280 2580 1476 2643; x_wconf 85' lang='lat' dir='ltr'>velim</span> <span class='ocrx_word' id='word_1_194' title='bbox 1512 2602 1651 2644; x_wconf 89' lang='lat' dir='ltr'>eam</span> <span class='ocrx_word' id='word_1_195' title='bbox 1689 2580 2045 2644; x_wconf 90' lang='lat' dir='ltr'>orationem</span> <span class='ocrx_word' id='word_1_196' title='bbox 2080 2581 2274 2665; x_wconf 81' lang='lat' dir='ltr'>legas„</span> 
     </span>
     <span class='ocr_line' id='line_1_26' title="bbox 185 2667 2277 2754; baseline 0 -24"><span class='ocrx_word' id='word_1_197' title='bbox 185 2692 236 2731; x_wconf 80' lang='lat'>25</span> <span class='ocrx_word' id='word_1_198' title='bbox 262 2669 390 2731; x_wconf 89' lang='lat' dir='ltr'>nisi</span> <span class='ocrx_word' id='word_1_199' title='bbox 451 2669 619 2732; x_wconf 88' lang='lat' dir='ltr'>forte</span> <span class='ocrx_word' id='word_1_200' title='bbox 672 2669 801 2731; x_wconf 91' lang='lat' dir='ltr'>iam</span> <span class='ocrx_word' id='word_1_201' title='bbox 855 2667 1103 2753; x_wconf 86' lang='lat' dir='ltr'>legisti,</span> <span class='ocrx_word' id='word_1_202' title='bbox 1164 2669 1626 2751; x_wconf 91' lang='lat' dir='ltr'>certioremque</span> <span class='ocrx_word' id='word_1_203' title='bbox 1678 2690 1781 2732; x_wconf 92' lang='lat' dir='ltr'>me</span> <span class='ocrx_word' id='word_1_204' title='bbox 1834 2669 2029 2732; x_wconf 88' lang='lat' dir='ltr'>facias</span> <span class='ocrx_word' id='word_1_205' title='bbox 2042 2721 2059 2754; x_wconf 93' lang='lat'>,</span> <span class='ocrx_word' id='word_1_206' title='bbox 2124 2668 2277 2752; x_wconf 89' lang='lat' dir='ltr'>quid</span> 
     </span>
     <span class='ocr_line' id='line_1_27' title="bbox 264 2754 2273 2842; baseline 0.001 -24"><span class='ocrx_word' id='word_1_207' title='bbox 264 2756 499 2819; x_wconf 89' lang='lat' dir='ltr'>iudices</span> <span class='ocrx_word' id='word_1_208' title='bbox 562 2756 717 2838; x_wconf 91' lang='lat' dir='ltr'>ipse.</span> <span class='ocrx_word' id='word_1_209' title='bbox 817 2754 1215 2839; x_wconf 84' lang='lat' dir='ltr'>Quamquam</span> <span class='ocrx_word' id='word_1_210' title='bbox 1278 2777 1528 2842; x_wconf 85' lang='lat' dir='ltr'>vereor,</span> <span class='ocrx_word' id='word_1_211' title='bbox 1588 2778 1669 2820; x_wconf 91' lang='lat' dir='ltr'>ne</span> <span class='ocrx_word' id='word_1_212' title='bbox 1727 2757 2104 2841; x_wconf 85' lang='lat' dir='ltr'>cognomine</span> <span class='ocrx_word' id='word_1_213' title='bbox 2158 2762 2273 2821; x_wconf 87' lang='lat' dir='ltr'>tuo</span> 
     </span>
     <span class='ocr_line' id='line_1_28' title="bbox 264 2842 2274 2928; baseline 0.001 -23"><span class='ocrx_word' id='word_1_214' title='bbox 264 2843 482 2926; x_wconf 90' lang='lat' dir='ltr'>lapsus</span> <span class='ocrx_word' id='word_1_215' title='bbox 526 2844 955 2928; x_wconf 78' lang='grc' dir='ltr'><strong><em>ὑπεραττικὸς</em></strong></span> <span class='ocrx_word' id='word_1_216' title='bbox 1001 2845 1089 2907; x_wconf 91' lang='lat' dir='ltr'>sis</span> <span class='ocrx_word' id='word_1_217' title='bbox 1136 2845 1206 2907; x_wconf 89' lang='lat' dir='ltr'>in</span> <span class='ocrx_word' id='word_1_218' title='bbox 1249 2844 1603 2908; x_wconf 84' lang='lat' dir='ltr'>iudicandO.</span> <span class='ocrx_word' id='word_1_219' title='bbox 1697 2842 1837 2927; x_wconf 81' lang='lat' dir='ltr'>Sed,</span> <span class='ocrx_word' id='word_1_220' title='bbox 1892 2846 1946 2908; x_wconf 91' lang='lat' dir='ltr'>si</span> <span class='ocrx_word' id='word_1_221' title='bbox 1992 2846 2274 2908; x_wconf 90' lang='lat' dir='ltr'>recorda·</span> 
     </span>
     <span class='ocr_line' id='line_1_29' title="bbox 265 2931 2276 3016; baseline 0.002 -23"><span class='ocrx_word' id='word_1_222' title='bbox 265 2931 413 2995; x_wconf 93' lang='lat' dir='ltr'>bere</span> <span class='ocrx_word' id='word_1_223' title='bbox 460 2931 941 3015; x_wconf 79' lang='grc' dir='ltr'><strong><em>Δημοσθένους</em></strong></span> <span class='ocrx_word' id='word_1_224' title='bbox 1003 2932 1296 3016; x_wconf 85' lang='lat' dir='ltr'>fulmina,</span> <span class='ocrx_word' id='word_1_225' title='bbox 1361 2936 1503 2995; x_wconf 92' lang='lat' dir='ltr'>tum</span> <span class='ocrx_word' id='word_1_226' title='bbox 1557 2932 1891 3015; x_wconf 89' lang='lat' dir='ltr'>intelleges</span> <span class='ocrx_word' id='word_1_227' title='bbox 1939 2954 2127 3015; x_wconf 91' lang='lat' dir='ltr'>posse</span> <span class='ocrx_word' id='word_1_228' title='bbox 2172 2932 2276 2997; x_wconf 85' lang='lat' dir='ltr'>vel</span> 
     </span>
     <span class='ocr_line' id='line_1_30' title="bbox 266 3018 2273 3103; baseline 0 -20"><span class='ocrx_word' id='word_1_229' title='bbox 266 3018 662 3085; x_wconf 80' lang='grc' dir='ltr'><strong><em>ἀττικώτατα</em></strong></span> <span class='ocrx_word' id='word_1_230' title='bbox 717 3020 1093 3103; x_wconf 86' lang='lat' dir='ltr'>gravissime</span> <span class='ocrx_word' id='word_1_231' title='bbox 1147 3019 1285 3084; x_wconf 90' lang='lat' dir='ltr'>dici.</span> <span class='ocrx_word' id='word_1_232' title='bbox 1381 3018 1506 3084; x_wconf 85' lang='lat' dir='ltr'>Sed</span> <span class='ocrx_word' id='word_1_233' title='bbox 1561 3019 1716 3083; x_wconf 88' lang='lat' dir='ltr'>haec</span> <span class='ocrx_word' id='word_1_234' title='bbox 1763 3042 1993 3084; x_wconf 89' lang='lat' dir='ltr'>coram.</span> <span class='ocrx_word' id='word_1_235' title='bbox 2084 3020 2149 3084; x_wconf 87' lang='lat' dir='ltr'>N</span> <span class='ocrx_word' id='word_1_236' title='bbox 2151 3042 2273 3084; x_wconf 88' lang='lat' dir='ltr'>unc</span> 
     </span>
     <span class='ocr_line' id='line_1_31' title="bbox 184 3107 2275 3191; baseline 0 -20"><span class='ocrx_word' id='word_1_237' title='bbox 184 3132 237 3172; x_wconf 74' lang='lat' dir='ltr'>so</span> <span class='ocrx_word' id='word_1_238' title='bbox 264 3128 379 3170; x_wconf 90' lang='lat' dir='ltr'>nec</span> <span class='ocrx_word' id='word_1_239' title='bbox 434 3108 570 3170; x_wconf 91' lang='lat' dir='ltr'>sine</span> <span class='ocrx_word' id='word_1_240' title='bbox 624 3107 901 3189; x_wconf 87' lang='lat' dir='ltr'>epistula</span> <span class='ocrx_word' id='word_1_241' title='bbox 952 3129 1068 3172; x_wconf 91' lang='lat' dir='ltr'>nec</span> <span class='ocrx_word' id='word_1_242' title='bbox 1122 3129 1266 3172; x_wconf 90' lang='lat' dir='ltr'>cum</span> <span class='ocrx_word' id='word_1_243' title='bbox 1318 3108 1496 3171; x_wconf 84' lang='lat' dir='ltr'>inani</span> <span class='ocrx_word' id='word_1_244' title='bbox 1543 3109 1818 3191; x_wconf 85' lang='lat' dir='ltr'>epistula</span> <span class='ocrx_word' id='word_1_245' title='bbox 1861 3108 2039 3172; x_wconf 81' lang='lat' dir='ltr'>volui</span> <span class='ocrx_word' id='word_1_246' title='bbox 2086 3108 2166 3172; x_wconf 88' lang='lat' dir='ltr'>ad</span> <span class='ocrx_word' id='word_1_247' title='bbox 2209 3112 2275 3171; x_wconf 91' lang='lat' dir='ltr'>te</span> 
     </span>
     <span class='ocr_line' id='line_1_32' title="bbox 264 3194 983 3261; baseline 0.001 -2"><span class='ocrx_word' id='word_1_248' title='bbox 264 3194 704 3259; x_wconf 88' lang='lat' dir='ltr'>Metrodorum</span> <span class='ocrx_word' id='word_1_249' title='bbox 750 3196 983 3261; x_wconf 82' lang='lat' dir='ltr'>venire.</span> 
     </span>
    </p>
   </div>
   <div class='ocr_carea' id='block_1_5' title="bbox 366 3654 1954 3711">
    <p class='ocr_par' dir='ltr' id='par_1_5' title="bbox 366 3654 1954 3711">
     <span class='ocr_line' id='line_1_33' title="bbox 366 3654 1954 3711; baseline 0.001 -10"><span class='ocrx_word' id='word_1_250' title='bbox 366 3660 459 3702; x_wconf 82' lang='lat' dir='ltr'>Oic.</span> <span class='ocrx_word' id='word_1_251' title='bbox 478 3662 608 3711; x_wconf 77' lang='lat' dir='ltr'>epist.</span> <span class='ocrx_word' id='word_1_252' title='bbox 628 3662 689 3701; x_wconf 89' lang='lat'>11.</span> <span class='ocrx_word' id='word_1_253' title='bbox 1887 3654 1954 3702; x_wconf 87' lang='grc'>30</span> 
     </span>
    </p>
   </div>
  </div>
 </body>
</html>
