2642 3923
696 189 1209 244 EPISTULARUM
1243 189 1343 243 AD
1381 189 1705 244 ATTIOUM
1742 190 1767 243 I
1808 196 1888 244 19.
2213 189 2298 253 33
2368 262 2377 272 ἱ

284 331 390 396 illa
443 332 782 419 tollebam,
837 353 998 416 quae
1055 333 1133 396 ad
1187 333 1587 416 privatorum
1643 333 2116 397 incommodum
2161 355 2298 416 per·

284 420 589 505 tinebant,
633 420 989 485 liberabam
1036 442 1262 506 agrum
1308 443 1473 505 eum,
1519 421 1630 504 qui
1667 420 1734 485 P.
1772 421 2008 507 Mucio,
2052 421 2120 485 L.
2160 419 2299 485 Cal-

283 508 508 592 purnio
556 509 928 573 consulibus
976 509 1272 593 publicus
1328 510 1584 593 fuisset,
1641 474 2052 573 Sullanorum
2097 507 2301 573 homi-

282 618 433 661 num
479 598 920 680 possessiones
967 597 1452 683 confirmabam,
1496 596 1956 661 Volaterranos
2004 601 2067 661 et
2112 597 2299 660 Arre·

237 710 259 750 5
284 685 472 769 tinos,
518 706 795 769 quorum
841 705 1067 770 agrum
1107 685 1285 750 Sulla
1332 686 1689 769 publicarat
1729 707 1936 769 neque
1974 686 2295 770 diviserat,

287 773 348 836 in
419 795 537 837 sua
605 773 1012 857 possessione
1075 774 1456 857 retinebam3
1529 795 1722 836 unam
1789 775 2104 838 rationem
2166 795 2300 838 non

286 860 643 943 reiciebam,
708 864 783 925 ut
843 882 996 945 ager
1047 861 1167 925 hac
1220 862 1577 925 adventicia
1635 863 1902 944 pecunia
1966 866 2301 945 emeretur,

286 970 443 1032 quae
490 971 565 1013 ex
611 950 797 1012 novis
843 950 1261 1033 vectigalibus
1298 972 1412 1032 901
1452 950 1960 1033 quinquennium
1998 951 2299 1033 recipere—

287 1040 404 1101 tur.
496 1036 666 1101 Huic
720 1038 847 1101 toti
901 1038 1138 1101 rationi
1192 1038 1480 1122 agrariae
1536 1041 1795 1101 senatus
1846 1038 2299 1102 adversabatur

212 1152 260 1190 ιο
289 1126 616 1208 suspicans
662 1124 968 1208 Pompeio
1013 1147 1246 1190 novam
1293 1125 1612 1209 quandam
1658 1128 2015 1209 potentiam
2055 1148 2299 1210 quaer13

288 1212 626 1296 Pompeius
690 1235 841 1278 vero
906 1214 984 1277 ad
1048 1215 1447 1278 voluntatem
1514 1214 1919 1297 perferendae
1983 1214 2278 1299 legism

284 1302 604 1365 cubuerat.
694 1301 839 1386 Ego
896 1306 1111 1366 autem
1165 1324 1401 1387 magna
1455 1324 1599 1366 cum
1647 1303 2045 1387 agrariorum
2091 1303 2302 1388 gratia

285 1389 738 1453 confirmabam
768 1390 1054 1454 omnium
1091 1391 1492 1474 privatorum
1530 1392 1997 1475 possessiones3
2034 1391 2089 1454 is
2128 1391 2298 1455 enim

286 1483 384 1542 est
428 1481 652 1542 noster
696 1478 1039 1562 exercitus,
1092 1477 1454 1562 hominum,
1509 1483 1582 1542 ut
1628 1483 1769 1543 tute
1816 1479 1968 1563 scis,
2023 1479 2299 1562 locuple·

208 1593 256 1631 15
283 1566 474 1649 tium3
528 1567 767 1649 populo
824 1570 1037 1630 autem
1093 1572 1152 1631 et
1192 1530 1497 1650 Pompeio
1554 1565 1731 1653 (nam
1781 1567 1847 1630 id
1895 1588 2148 1650 quoque
2194 1588 2300 1631 vo-

284 1652 524 1740 lebam)
583 1655 740 1718 satis
794 1654 1104 1718 faciebam
1160 1656 1513 1739 emptione,
1572 1676 1696 1737 qua
1755 1655 2107 1719 constituta
2161 1654 2300 1718 dili·

285 1746 510 1827 genter
539 1746 605 1806 et
634 1743 951 1812 sentinam
980 1743 1160 1806 urbis
1190 1706 1513 1806 exhauriri
1540 1748 1604 1807 et
1629 1742 1856 1806 Italiae
1885 1743 2299 1807 solitudinem

282 1831 676 1913 frequentari
722 1852 912 1913 posse
958 1830 1333 1894 arbitrabar.
1410 1828 1534 1895 Sed
1579 1829 1734 1894 haec
1777 1835 1917 1894 tota
1962 1853 2064 1894 res
2108 1832 2301 1894 inter·

282 1918 524 2003 pellata
561 1918 729 1984 bello
768 1919 1121 1984 refrixerat.
1181 1918 1480 1983 Metellus
1519 1923 1617 1983 est
1656 1918 1877 1983 consul
1904 1940 2054 1984 sane
2093 1919 2299 1983 bonus

204 2036 257 2075 πο
285 2012 350 2072 et
402 2029 523 2071 nos
579 2008 921 2073 admodum
975 2008 1211 2092 diligit3
1278 2009 1387 2072 ille
1448 2008 1612 2072 alter
1673 2006 1839 2070 nihil
1892 2007 1988 2071 ita
2041 2011 2165 2092 est,
2227 2010 2301 2070 ut

284 2096 492 2197 plane,
538 2096 693 2179 quid
737 2097 983 2180 emerit,
1031 2096 1290 2160 nesciat.
1382 2095 1557 2159 Haec
1604 2100 1755 2159 sunt
1800 2096 1869 2158 in
1912 2117 1980 2159 re
2026 2061 2301 2179 publica,

285 2184 413 2247 nisi
477 2184 671 2248 etiam
734 2184 896 2248 illud
960 2184 1038 2247 ad
1106 2206 1239 2248 rem
1305 2184 1629 2267 publicam
1703 2187 1891 2267 putas
1963 2184 2303 2268 pertinere,

288 2271 685 2336 Herennium
724 2272 1058 2357 quendam,
1093 2273 1426 2336 tribunum
1465 2273 1569 2356 pl,
1606 2272 1909 2335 tribulem
1937 2276 2121 2334 tuum
2152 2293 2301 2335 sane

285 2360 612 2424 hominem
639 2382 912 2443 nequam
942 2364 1133 2444 atque
1163 2364 1474 2446 egentem,
1504 2382 1689 2443 saepe
1716 2360 1843 2424 iam
1874 2360 1949 2424 de
1977 2358 2043 2423 P.
2076 2359 2299 2424 Clodio

199 2475 252 2515 2⁵
285 2447 366 2512 ad
412 2448 663 2531 plebem
708 2448 1094 2513 traducendo
1142 2470 1329 2533 agere
1388 2449 1688 2531 coepisse.
1790 2447 1959 2513 Huic
2011 2448 2300 2531 frequen-

281 2540 385 2600 ter
428 2536 860 2600 interceditur.
950 2535 1124 2600 Haec
1177 2540 1348 2620 sunt,
1393 2540 1466 2599 ut
1511 2537 1756 2621 opinor,
1801 2536 1872 2599 in
1914 2558 1983 2600 re
2028 2536 2299 2619 publica.

418 2623 563 2709 Ego
601 2630 834 2708 autem,
869 2628 944 2687 ut
982 2625 1177 2688 semel
1204 2622 1537 2688 Nonarum
1567 2625 1822 2688 illarum
1849 2622 2300 2687 Decembrium

278 2712 570 2776 iunctam
603 2712 842 2776 invidia
880 2734 951 2776 ac
986 2712 1340 2776 multorum
1378 2712 1731 2776 inimicitiis
1769 2712 2068 2776 eximiam
2107 2734 2301 2795 quan-

282 2799 433 2863 dam
490 2804 682 2884 atque
728 2800 1158 2864 immortalem
1205 2801 1477 2884 gloriam
1525 2806 1900 2864 consecutus
1949 2822 2117 2885 sum,
2171 2822 2302 2864 non

193 2916 251 2956 so
282 2887 508 2952 destiti
545 2888 763 2954 eadem
807 2889 1004 2952 animi
1048 2889 1488 2972 magnitudine
1534 2890 1604 2951 in
1646 2910 1715 2951 re
1760 2887 2016 2971 publica
2062 2890 2301 2951 versari

282 2980 352 3040 et
395 2976 573 3040 illam
609 2977 977 3040 institutam
1015 2997 1087 3041 ac
1125 2981 1486 3060 susceptam
1523 2976 1904 3060 dignitatem
1940 2976 2128 3060 tueri,
2176 2976 2302 3061 sed,

282 3068 707 3148 posteaquam
770 3066 1049 3149 primum
1106 3062 1291 3129 Clodi
1352 3064 1755 3128 absolutione
1819 3064 2146 3129 levitatem
2211 3065 2302 3129 in-

283 3152 786 3236 firmitatemque
823 3153 1202 3217 iudiciorum
1238 3153 1554 3237 perspexi,
1598 3152 1821 3217 deinde
1865 3152 1996 3215 vidi
2039 3157 2301 3216 nostros

282 3240 665 3324 publicanos
719 3242 904 3305 facile
959 3264 995 3304 a
1051 3245 1277 3305 senatu
1334 3240 1607 3325 diiungi,
1671 3262 2057 3324 quamquam
2112 3262 2149 3303 a
2202 3262 2303 3303 me

193 3354 252 3396 ⁸5
285 3329 432 3411 ipso
497 3350 630 3393 non
694 3328 1170 3412 divellerentur,
1236 3332 1377 3392 tum
1443 3334 1657 3393 autem
1716 3329 1937 3393 beatos
1991 3328 2305 3411 homines„

280 3415 407 3481 hos
464 3417 843 3501 piscinarios
898 3417 1037 3480 dico
1104 3417 1341 3480 amicos
1397 3422 1546 3481 tuos
1557 3469 1573 3501 ,
1624 3438 1757 3480 non
1802 3416 2067 3481 obscure
2111 3414 2301 3478 nobis

279 3504 589 3590 invidere,
626 3506 848 3589 putavi
883 3505 1044 3569 mihi
1080 3506 1355 3570 maiores
1396 3505 1702 3589 quasdam
1740 3525 1890 3586 opes
1927 3508 1991 3566 et
2017 3502 2303 3565 firmiora

394 3617 486 3659 Cio.
516 3620 649 3666 epist.
679 3620 727 3658 11
1951 3611 1981 3657 3
