2642 3923
328 226 458 293 396
967 226 1042 281 Μ.
1081 227 1294 282 TULLI
1334 225 1709 282 CICERONIS

1278 404 1393 473 IV.

717 526 832 582 Ser.
860 528 926 582 in
965 526 1279 582 Tusculano
1316 527 1393 582 K.
1421 528 1553 582 Iwn.
1583 545 1636 582 a.
1666 531 1779 583 709
1818 530 1957 593 (45).

936 648 1226 705 CICERO
1259 649 1552 706 ATTICO
1588 651 1753 706 SAL.

263 776 288 824 1
460 757 686 837 Habeo
741 780 977 823 munus
1035 781 1072 822 a
1130 763 1196 823 te
1254 757 1654 823 elaboratum
1712 757 1926 823 decem
1970 758 2348 844 legatorum.

328 847 420 913 Et
474 848 731 933 quidem
785 850 859 912 de
907 848 1218 912 Tuditano
1268 848 1433 911 idem
1478 851 1654 931 puto,
1745 845 1916 911 Nam
1960 847 2134 912 filius
2182 869 2348 916 anno
2403 873 2429 915 ι

260 952 291 999 2
329 941 479 1022 post
526 940 829 1021 quaestor
874 935 1000 999 fuit
1038 957 1232 1018 quam
1267 935 1495 999 consul
1530 934 1900 1000 Mummius,
1976 934 2118 1022 Sed,
2154 958 2351 1019 quon-

329 1025 459 1089 iam
515 1025 770 1108 saepius
827 1023 904 1088 de
958 1023 1330 1087 nominibus
1385 1024 1638 1106 quaeris
1696 1025 1854 1107 quid
1896 1023 2174 1109 placeat,
2231 1045 2350 1110 ego

330 1135 588 1198 quoque
640 1112 766 1177 tibi
821 1112 1074 1195 saepius
1135 1112 1490 1195 respondeo
1537 1111 1801 1195 plaeere.
1896 1109 1967 1176 Si
2012 1111 2168 1196 quid
2210 1116 2352 1196 pot-

331 1201 477 1288 eris,
521 1224 665 1266 eum
709 1199 944 1265 Pisone
998 1199 1318 1284 conficies3
1379 1197 1583 1264 Avius
1629 1202 1801 1264 enim
1845 1201 2101 1266 videtur
2144 1201 2216 1265 in
2262 1201 2350 1265 of-

328 1290 476 1354 ficio
539 1289 817 1354 futurus.
916 1286 1133 1352 Velim
1197 1292 1346 1351 ante
1400 1289 1637 1373 possis3
1712 1289 1770 1354 si
1820 1289 2065 1374 minus,
2126 1290 2352 1372 utique
2381 1315 2434 1354 10

332 1378 524 1442 simul
596 1378 826 1460 simus,
890 1397 1087 1460 quom
1157 1374 1401 1440 Brutus
1474 1377 1688 1441 veniet
1758 1377 1826 1441 in
1900 1376 2349 1443 Tusculanum.

331 1467 551 1550 Magni
603 1466 875 1529 interest
928 1485 1071 1529 mea
1123 1486 1251 1528 una
1302 1486 1424 1529 nos
1472 1486 1624 1529 esse.
1719 1464 1893 1530 Scies
1941 1469 2184 1551 autem,
2238 1466 2353 1549 qui

330 1555 463 1619 dies
536 1555 594 1618 is
648 1555 906 1618 futurus
971 1553 1085 1637 sit,
1156 1553 1213 1616 si
1275 1574 1478 1636 puero
1535 1553 1871 1638 negotium
1933 1554 2204 1639 dederis,
2275 1558 2352 1618 ut

330 1648 610 1727 quaerat.

1292 1780 1371 1847 V.
2380 1810 2437 1850 ιε

630 1903 741 1959 Sor.
771 1904 835 1956 in
876 1903 1184 1959 lusa-uzano
1218 1902 1318 1957 IV
1348 1903 1496 1958 Non.
1522 1903 1654 1961 Iwn.
1685 1920 1736 1959 a.
1767 1905 1878 1958 709
1915 1907 2052 1975 (45).

935 2027 1223 2082 CICERO
1258 2027 1549 2082 ATTICO
1584 2026 1749 2083 SAL.

262 2157 287 2203 1
464 2136 569 2221 Sp.
615 2136 1001 2202 Mummium
1066 2139 1362 2219 putaram
1425 2135 1495 2199 in
1559 2136 1772 2202 decem
1834 2136 2068 2221 legatis
2131 2136 2352 2220 fuisse,

330 2226 441 2292 sed
510 2225 806 2292 videlieet
880 2222 1147 2309 (etenim
1228 2222 1540 2310 εὔλογον)
1604 2224 1793 2290 fratri
1866 2225 2082 2288 fuisse.
2200 2223 2352 2289 Fuit

330 2316 500 2380 enim
563 2313 643 2377 ad
707 2310 1109 2378 Corinthum.
1212 2311 1366 2376 Misi
1430 2312 1555 2376 tibi
1617 2312 2033 2395 Torquatum.
2138 2310 2351 2379 Collo-
2381 2340 2441 2379 ao

330 2425 522 2488 quere
593 2407 668 2466 tu
740 2400 995 2484 quidem
1061 2422 1207 2464 eum
1271 2399 1460 2483 Silio,
1536 2404 1607 2464 ut
1673 2399 1900 2466 scribis
1912 2454 1930 2487 ‚
1993 2405 2058 2465 et
2129 2422 2350 2487 urgue.

328 2492 515 2558 Illam
560 2490 729 2554 diem
780 2489 1060 2574 negabat
1096 2510 1235 2553 esse
1270 2510 1490 2554 mense
1527 2488 1719 2571 Maio,
1766 2489 1956 2558 istam
1993 2510 2127 2553 non
2163 2510 2354 2574 nega-

332 2582 457 2645 bat.
551 2578 675 2644 Sed
726 2582 800 2641 tu
854 2581 930 2641 ut
985 2577 1199 2641 omnia
1253 2576 1421 2644 istuc
1476 2599 1731 2661 quoque
1791 2598 1942 2662 ages
1989 2578 2350 2662 diligenter.

330 2668 427 2734 De
491 2665 718 2750 Crispo
793 2670 858 2731 et
929 2664 1211 2730 Mustela
1282 2665 1552 2750 seilicet,
1626 2687 1822 2749 quom
1897 2666 2053 2748 quid
2125 2667 2351 2750 egeris.

260 2773 290 2820 2
332 2756 646 2834 Quoniam
702 2753 784 2818 ad
827 2753 1018 2820 Bruti
1074 2754 1417 2818 adventum
1472 2755 1608 2817 fore
1663 2758 1729 2818 te
1782 2753 2119 2820 nobiseum
2164 2755 2353 2838 polli-
2382 2781 2441 2821 25

331 2845 510 2931 ceris,
557 2844 714 2909 satis
760 2845 877 2929 est,
921 2842 1295 2926 praesertim
1344 2865 1489 2906 oum
1533 2840 1606 2906 hi
1650 2842 1773 2910 tibi
1818 2842 1953 2908 dies
1999 2842 2070 2907 in
2114 2863 2352 2927 magno

328 2938 553 2998 nostro
598 2930 862 3016 negotio
908 2934 1383 2996 consumantur.

1285 3104 1395 3170 Vl.

513 3230 627 3285 Ser.
655 3229 896 3283 Astwrae
930 3227 1065 3283 mod.
1094 3244 1163 3282 m.
1196 3227 1392 3294 Mart„
1426 3233 1491 3283 ut
1523 3227 1757 3295 videmr,
1793 3245 1844 3284 a.
1878 3230 1990 3283 709
2028 3230 2166 3296 (45).

935 3350 1224 3406 CICERO
1259 3351 1551 3406 ATTICO
1586 3351 1751 3407 SAL.
2385 3364 2451 3404 ao

263 3483 286 3523 1
463 3459 562 3524 De
616 3480 818 3543 aquae
872 3459 1067 3524 ductu
1112 3460 1314 3544 probe
1359 3460 1584 3525 fecisti.
1677 3458 2161 3526 Oolumnarium
2207 3461 2357 3527 vide

329 3569 410 3610 ne
463 3547 714 3611 nullum
760 3546 1126 3631 debeamus3
1192 3570 1580 3634 quamquam
1625 3548 1788 3613 mihi
1834 3549 2052 3614 videor
2099 3550 2356 3615 audisse
