2642 3923
292 164 423 230 392
468 163 544 220 Μ.
573 163 791 219 TULLI
814 164 1190 221 CICERONIS
1218 165 1442 222 EPIST.
1471 166 1571 219 AD
1600 164 1927 248 ATTIQUM
1953 165 2059 221 XII
2086 170 2172 234 52,
2193 170 2277 219 53.

289 311 516 372 tanum
568 307 805 374 Planco
870 309 1125 392 debere,
1189 309 1364 392 quod
1425 331 1611 392 praes
1665 331 1783 393 pro
1839 307 2157 373 Flaminio
2204 309 2308 393 sit,

290 395 403 461 HS
448 399 573 482 x—x3
618 397 696 461 de
740 418 815 461 ea
858 419 928 461 re
971 397 1186 463 nescio
1233 397 1390 480 quid
1433 402 1499 461 te
1545 420 1584 461 a
1627 397 1942 462 Montano
1988 401 2306 482 rogatum.

292 483 458 550 Sane
516 485 738 571 velim,
800 485 933 550 sive
978 484 1251 550 Plancus
1307 490 1408 550 est
1460 486 1811 570 rogandae,
1871 485 2005 549 sive
2059 508 2187 569 qua
2240 508 2308 550 re

291 577 476 676 potes
530 573 717 637 illum
774 573 1011 659 iuvare,
1065 574 1258 638 iuves.
1351 572 1641 638 Pertinet
1695 574 1774 638 ad
1826 579 2124 639 nostrum
2170 574 2306 638 offi-

291 661 477 727 cium.
571 659 641 725 Si
685 684 788 726 res
834 662 958 726 tibi
994 625 1171 727 'forte
1215 661 1434 728 notior
1481 668 1579 726 est
1625 683 1816 747 quam
1863 662 2040 745 mihi,
2094 665 2206 726 aut
2252 662 2307 726 si
2364 688 2389 727 s

291 748 598 815 Plancum
648 752 1008 835 rogandum
1062 754 1278 835 putas,
1341 750 1584 816 scribas
1645 751 1724 817 ad
1778 773 1880 815 me
1938 713 2158 834 velim,
2215 753 2307 834 ut,

294 839 448 923 quid
509 839 605 904 rei
659 839 747 903 sit
800 844 864 903 et
923 839 1078 923 quid
1129 839 1516 927 rogandum,
1576 840 1788 905 sciam.
1879 837 1977 903 De
2031 839 2308 922 epistula

293 927 373 990 ad
418 925 755 992 Caesarem
800 928 956 1011 quid
1001 929 1226 1012 egeris,
1284 930 1600 1012 exspecto.
1689 926 1788 992 De
1834 926 1994 992 Silio
2037 948 2173 993 non
2215 927 2309 991 ita

293 1037 445 1083 sane
488 1016 732 1081 laboro,
812 1015 912 1081 Tu
956 1017 1047 1081 mi
1084 1021 1196 1081 aut
1243 1013 1638 1100 Scapulanos
1675 1019 1787 1080 aut
1833 1014 2178 1080 Clodianos
2224 1016 2308 1080 ef·

290 1104 468 1169 ficias
531 1126 786 1170 necesse
850 1109 965 1169 est.
1058 1103 1182 1169 Sed
1238 1105 1455 1169 nescio
1520 1103 1675 1188 quid
1728 1104 1962 1168 videris
2014 1103 2309 1168 dubitare
2341 1130 2394 1169 ιο

292 1192 368 1258 de
418 1191 666 1278 Clodia3
729 1197 950 1257 utrum
1010 1193 1264 1276 quando
1318 1193 1563 1278 veniat,
1622 1214 1705 1256 an
1750 1193 1964 1257 sintne
2007 1192 2308 1256 venales?

294 1279 419 1346 Sed
456 1280 612 1365 quid
647 1285 763 1366 est,
790 1280 964 1365 quod
999 1281 1188 1347 audio
1219 1279 1629 1364 Spintherem
1661 1281 1886 1347 fecisse
1917 1280 2308 1345 divortium?

422 1368 539 1434 De
583 1368 807 1454 lingua
865 1367 1097 1434 Latina
1161 1370 1369 1434 securi
1434 1391 1501 1433 es
1566 1369 1782 1435 31111111.
1872 1367 2088 1435 Dices:
2162 1366 2309 1443 Qui

290 1456 449 1522 talia
527 1457 962 1525 conscribis?
1050 1455 1433 1541 Ἀπόγροιφα
1512 1462 1689 1542 sunt,
1770 1457 2018 1523 minore
2089 1456 2309 1521 labore

290 1545 484 1632 fiunt3
527 1546 725 1611 verba
768 1550 1024 1611 tantum
1070 1546 1306 1630 adfer0‚
1354 1546 1590 1630 quibus
1637 1510 1910 1611 3111111110.
2342 1571 2393 1610 1⁵

1219 1756 1387 1823 LIII.

619 1880 731 1936 Ser.
761 1879 824 1934 in
866 1880 1178 1935 Tusculano
1216 1880 1320 1935 XI
1349 1879 1424 1935 K.
1453 1880 1582 1934 Iun.
1613 1896 1665 1934 a.
1696 1882 1807 1934 709
1845 1881 1983 1948 (45).

896 2003 1186 2059 CICERO
1227 2003 1513 2059 ATTICO
1549 2003 1714 2058 SAL.

423 2113 596 2199 Ego,
651 2114 775 2178 etsi
819 2112 986 2177 nihil
1029 2113 1256 2198 habeo,
1303 2114 1478 2196 quod
1523 2113 1604 2178 ad
1647 2117 1714 2176 te
1761 2112 2054 2197 scribam,
2099 2111 2309 2176 scribo

290 2208 533 2286 tamen,
591 2203 742 2285 quia
796 2206 1008 2267 tecum
1052 2201 1234 2285 loqui
1278 2201 1514 2266 videor.
1603 2199 1730 2265 Hic
1773 2200 2111 2265 nobiscum
2158 2205 2309 2264 sunt
2341 2226 2396 2266 πο

290 2289 510 2356 Nicias
557 2295 622 2355 et
667 2289 983 2355 Valerius,
1056 2288 1266 2354 Hodie
1307 2293 1455 2353 tuas
1491 2289 1744 2353 litteras
1783 2288 2311 2372 exspectabamus

291 2379 659 2443 matutinas.
751 2378 964 2442 Erunt
1010 2378 1283 2443 fortasse
1331 2378 1570 2441 alterae
1613 2376 2137 2461 posmeridianae,
2181 2377 2312 2441 nisi

291 2473 357 2531 te
402 2467 770 2551 Epiroticae
816 2467 1071 2530 litterae
1117 2466 1496 2550 impedient3
1571 2487 1730 2548 quas
1777 2486 1896 2550 ego
1941 2487 2075 2529 non
2118 2466 2313 2529 inter-

292 2555 479 2640 pello.
553 2555 707 2622 Misi
752 2555 830 2619 ad
876 2558 943 2619 te
988 2555 1299 2638 epistulas
1350 2555 1431 2619 ad
1477 2553 1875 2619 Marcianum
1911 2558 1977 2618 et
2015 2553 2093 2618 ad
2130 2552 2310 2619 Mon-

291 2650 531 2709 tanum.
622 2643 754 2707 Eas
808 2644 878 2707 in
933 2643 1203 2708 eundem
1247 2642 1626 2708 fasciculum
1669 2642 1863 2707 velim
1908 2642 2132 2730 addas,
2182 2642 2312 2707 nisi
2344 2668 2396 2709 2⁸

290 2733 458 2799 forte
502 2732 632 2799 iam
677 2731 925 2798 dedisti.
