2642 3923
541 205 1060 261 EPISTULARUM
1097 205 1197 259 AD
1234 205 1562 262 A'I'TICUM
1598 206 1727 260 xm
1763 211 1850 276 27,
1887 212 1973 262 28.
2157 208 2288 272 415

1126 400 1427 466 XXVIII.

578 507 691 561 Ser.
721 508 786 559 in
825 507 1139 560 Tusculano
1184 505 1311 559 VII
1341 506 1415 561 K.
1442 507 1575 561 Iun.
1605 524 1656 561 a.
1690 511 1800 562 709
1838 510 1976 575 (45).

874 610 1163 666 CICERO
1198 610 1491 666 ATTICO
1527 611 1692 666 SAL.

401 702 647 767 Hortos
685 702 984 787 quoniam
1022 702 1213 766 hodie
1250 723 1391 767 eras
1427 702 1850 789 inspecturus,
1888 704 2042 787 quid
2078 704 2287 768 visum
2327 721 2353 770 1

217 817 242 858 ⁶
269 791 393 855 tibi
440 791 543 874 sit,
588 812 727 856 cras
775 791 1032 855 scilicet.
1105 789 1202 854 De
1248 789 1520 854 Faberio
1565 795 1796 872 autem,
1842 814 1987 856 cum
2024 794 2284 857 venerit.

269 878 368 944 De
413 879 691 963 epistula
737 880 816 943 ad
862 877 1224 962 Gaesarem,
1270 879 1483 943 iurato
1528 879 1689 943 mihi
1735 880 1933 964 crede,
1969 902 2102 945 non
2147 903 2285 965 pos·
2325 898 2358 945 2

272 990 440 1052 sum3
483 990 600 1032 nec
646 989 746 1032 me
791 967 1125 1050 turpitudo
1173 968 1467 1051 deterret,
1514 968 1638 1033 etsi
1683 969 1962 1033 maxime
1997 969 2286 1035 debebat.

270 1056 475 1132 Quam
530 1057 701 1120 enim
754 1057 965 1140 turpis
1026 1059 1125 1119 est
1179 1055 1564 1151 adsentatio,
1620 1079 1764 1121 cum
1817 1057 2030 1122 vivere
2074 1059 2288 1142 ipsum

270 1149 459 1229 turpe
505 1145 592 1209 sit
635 1145 848 1209 nobis!
925 1144 1066 1229 Sed,
1110 1147 1184 1208 ut
1231 1145 1430 1230 coepi,
1471 1166 1607 1209 non
1649 1167 1751 1209 me
1793 1145 1918 1210 hoc
1962 1150 2150 1237 turpe
2189 1147 2287 1210 de

191 1259 244 1300 ιο
269 1237 485 1297 terret.
559 1232 656 1297 Αο
699 1234 928 1298 vellem
976 1233 1233 1316 quidem
1271 1198 1504 1317 (essem
1547 1233 1734 1316 enim,
1782 1234 1893 1317 qui
1929 1256 2068 1298 esse
2105 1235 2289 1299 debe-

269 1320 468 1407 bam),
514 1322 624 1386 sed
668 1322 736 1385 in
782 1326 1062 1385 mentem
1107 1320 1273 1383 nihil
1321 1322 1512 1385 venit.
1586 1319 1774 1406 Nam,
1821 1344 1984 1405 quae
2021 1328 2173 1387 sunt
2211 1323 2289 1386 ad

269 1409 704 1474 Alexandrum
757 1409 1092 1473 hominum
1146 1409 1585 1492 eloquentium
1640 1414 1706 1474 et
1759 1410 2089 1475 doctorum
2149 1433 2288 1476 sua-

272 1498 501 1581 8101108,
536 1498 733 1580 vides,
771 1498 1006 1581 quibus
1044 1498 1115 1560 in
1150 1497 1342 1561 rebus
1380 1502 1730 1562 versentur.
1796 1498 2288 1564 Adulescentem
2339 1568 2343 1572 ,

271 1586 600 1650 incensum
654 1586 1003 1669 cupiditate
1056 1585 1424 1649 verissimae
1469 1586 1711 1670 gloriae
1755 1587 2117 1670 cupientem
2164 1588 2288 1652 sibi

194 1700 243 1740 15
272 1673 516 1757 aliquid
560 1674 810 1737 consilii
858 1674 1012 1755 dari,
1059 1673 1229 1756 quod
1277 1673 1357 1736 ad
1400 1674 1653 1737 laudem
1698 1675 2150 1758 sempiternam
2186 1699 2290 1740 va-

268 1762 449 1846 leret,
514 1761 935 1826 cohortantur
999 1761 1078 1824 ad
1133 1761 1340 1826 decus.
1429 1760 1584 1827 Non
1637 1762 1814 1826 deest
1870 1765 2104 1849 orati03
2168 1785 2287 1849 ego

273 1849 427 1933 quid
489 1850 799 1933 possum?
871 1848 1111 1914 Tamen
1173 1850 1389 1914 nescio
1454 1849 1611 1933 quid
1665 1871 1700 1914 0
1756 1872 1993 1934 quercu
2049 1851 2290 1917 exscul-

271 1959 555 2023 pseram,
609 1938 780 2023 quod
833 1937 1157 2003 videretur
1205 1938 1413 2003 simile
1460 1938 1802 2003 simulacri.
1892 1937 1969 2004 In
2016 1963 2090 2005 eo
2139 1941 2291 2025 quia

269 2048 402 2090 non
445 1991 625 2090 nulla
668 2030 851 2092 erant
895 2027 1088 2110 paulo
1135 2028 1404 2092 meliora
1450 2048 1641 2110 quam
1687 2048 1779 2114 ea,
1825 2049 1988 2111 quae
2023 2030 2189 2093 fiunt
2226 2034 2291 2094 et

190 2142 244 2182 20
269 2115 441 2180 facta
487 2119 658 2200 sunt,
701 2114 1280 2199 reprehenduntur3
1327 2115 1501 2199 quod
1545 2137 1647 2179 me
1686 2116 1950 2182 minime
1988 2117 2288 2200 paenitet.

273 2201 342 2267 Si
402 2202 572 2267 enim
625 2204 1066 2286 pervenissent
1119 2204 1281 2268 istae
1339 2204 1622 2288 litterae,
1684 2204 1846 2268 mihi
1903 2205 2110 2289 crede,
2171 2226 2291 2270 nos

271 2292 639 2375 paeniteret.
733 2290 943 2367 Quid?
1014 2296 1088 2355 tu
1141 2314 1274 2356 non
1331 2292 1508 2356 vides
1555 2293 1768 2376 ipsum
1811 2292 1997 2357 illum
2041 2294 2291 2358 Aristo-
2328 2311 2360 2359 3

270 2380 384 2444 teli
467 2380 849 2464 discipulum
932 2401 1180 2444 summo
1251 2381 1541 2466 ingenio,
1623 2402 1870 2445 summa
1958 2382 2292 2469 modestia,

270 2472 691 2551 posteaquam
747 2489 859 2531 rex
916 2468 1276 2552 appellatus
1333 2469 1452 2553 sit,
1517 2468 1893 2555 superbum,
1954 2470 2291 2556 crudelem,

190 2582 244 2622 π
272 2556 763 2621 immoderatum
803 2556 1048 2620 fuisse?
1122 2555 1332 2632 Quid?
1404 2561 1479 2621 tu
1522 2556 1694 2621 1111110
1741 2557 1817 2621 (10
1861 2578 2099 2642 pompa
2144 2558 2290 2635 Qui-

271 2644 399 2707 rini
444 2644 966 2709 contubernalem
1011 2644 1115 2708 his
1161 2645 1404 2709 nostris
1450 2645 1796 2709 moderatis
1834 2646 2127 2729 epistulis
2168 2648 2292 2712 lae-

272 2735 559 2797 taturum
604 2734 838 2816 putas?
901 2731 1020 2797 Ille
1063 2755 1214 2797 vero
1260 2733 1479 2816 potius
1522 2754 1650 2797 non
1701 2734 1941 2818 scripta
1979 2733 2292 2801 desideret

274 2841 467 2904 quam
519 2820 765 2904 scripta
807 2842 940 2884 non
984 2821 1229 2905 probet.
1319 2820 1655 2886 Postremo
1702 2826 1778 2886 ut
1822 2822 2011 2887 volet.
2103 2823 2291 2888 Abiit

273 2907 463 2991 illud,
533 2908 707 2991 quod
768 2913 910 2974 tum
977 2932 1078 2975 me
1148 2909 1553 2995 stimulabat,
1620 2931 1815 2993 quom
1870 2910 1995 2975 tibi
2059 2912 2289 2977 dabam

190 3023 246 3064 zo
271 2998 620 3081 πρόβλημα
654 2995 1129 3082 Ἀρχιμήὸειον.
1208 2996 1420 3062 Multo
1466 2996 1825 3063 mehercule
1868 3001 2077 3083 magis
2121 3022 2292 3066 nunc

273 3089 446 3238 optoO
501 3106 720 3150 casum
783 3086 996 3170 illum,
1068 3107 1257 3170 quem
1323 3090 1464 3151 tum
1527 3086 1863 3171 timebam,
1934 3086 2036 3152 vel
2101 3111 2291 3173 quem

270 3174 321 3238 li
369 3194 403 3236 e
445 3173 518 3237 it.

402 3260 551 3326 Nisi
616 3261 769 3344 quid
827 3266 893 3326 te
957 3261 1128 3326 aliud
1191 3261 1522 3347 impediet,
1585 3263 1675 3327 mi
1740 3267 1962 3347 optato
2020 3286 2287 3328 venons

270 3349 494 3415 Nicias
541 3372 579 3414 a
623 3347 961 3414 Dolabella
1004 3371 1238 3435 magno
1287 3372 1477 3434 opere
1523 3351 1865 3416 arcessitus
1914 3348 2071 3437 (legi
2117 3352 2290 3416 enim

188 3464 243 3507 aa
268 3435 554 3525 litteras)
599 3438 720 3502 etsi
765 3439 971 3503 invito
1018 3461 1119 3503 me
1163 3442 1381 3503 tamen
1425 3440 1645 3505 codem
1690 3460 1793 3503 me
1839 3442 2101 3503 auctore
2137 3462 2289 3523 pro·

269 3527 475 3591 fectus
522 3531 639 3591 est.
