2642 3923
643 221 1155 276 EPISTULARUM
1192 221 1289 275 AD
1330 220 1652 276 ATTIOUM
1690 222 1713 274 Ι
1751 227 1941 275 9-11,
2222 222 2298 284 11

285 365 459 450 quod
512 386 694 430 soror
748 386 1105 450 praegnans
1162 370 1275 429 est.
1370 364 1466 430 De
1521 364 1800 430 comitiis
1856 365 2015 429 meis
2069 367 2134 428 et
2178 364 2302 429 tibi
2341 381 2371 430 6

285 476 385 518 me
440 454 806 537 permisisse
861 454 1146 537 memini,
1202 458 1267 518 et
1323 475 1442 539 ego
1499 454 1624 517 iam
1682 453 1927 537 pridem
1971 453 2094 517 hoc
2138 474 2306 517 com-

284 542 585 606 munibus
642 542 904 627 amicis,
943 543 1054 626 qui
1108 546 1174 607 te
1230 546 1604 626 exspectant
1600 595 1649 627 ἦ,
1685 543 2007 627 praedicO,
2061 546 2127 606 te
2171 563 2304 605 non

285 631 475 695 modo
512 651 645 694 non
681 631 914 695 arcessi
953 653 990 694 a
1026 653 1146 715 me,
1192 629 1303 694 sed
1339 630 1686 714 prohiberi,
1724 630 1894 714 quod
1930 629 2303 715 intellegam

229 744 257 785 ε
286 719 489 783 multo
555 720 760 804 magis
824 719 1132 783 interesse
1192 722 1304 782 tua
1358 724 1423 783 te
1478 739 1691 803 agere,
1756 718 1928 802 quod
1988 718 2303 803 agendum

286 808 511 890 †esset
582 808 704 871 hoc
767 812 1082 892 tempore,
1147 829 1339 890 quam
1401 829 1542 871 mea
1606 811 1670 871 te
1727 807 1945 871 adesse
2004 806 2300 871 comitiis

287 895 559 960 Proinde
625 918 697 960 eo
762 896 974 959 animo
1039 900 1104 958 te
1159 895 1348 959 velim
1411 917 1576 980 esse,
1641 895 1823 979 quasi
1878 895 2002 960 mei
2056 895 2303 980 negotii

193 998 197 1002 “
285 1006 475 1048 causa
512 984 581 1048 in
616 985 743 1048 ista
780 984 918 1048 loca
955 984 1190 1048 missus
1226 1005 1420 1067 esses;
1460 1006 1561 1048 me
1590 989 1805 1048 autem
1842 1005 1986 1048 eum
2018 987 2082 1047 et
2111 983 2303 1047 offen·

287 1074 395 1138 des
443 1094 595 1157 erga
641 1076 704 1136 te
750 1078 814 1137 et
851 1072 1088 1156 audies,
1135 1073 1318 1156 quasi
1357 1072 1535 1156 mihi,
1581 1073 1636 1135 si
1675 1094 1838 1156 quae
1875 1075 2060 1156 parta
2097 1075 2304 1156 erunt,

207 1188 257 1225 ιο
284 1183 417 1225 non
453 1160 640 1225 modo
680 1165 745 1225 te
781 1165 1134 1246 praesente,
1180 1160 1292 1225 sed
1328 1182 1442 1244 per
1475 1164 1541 1224 te
1579 1165 1765 1244 parta
1811 1160 1958 1224 sint.
2023 1159 2304 1224 Tulliola

284 1249 407 1314 tibi
455 1250 622 1313 diem
669 1248 797 1335 dat,
843 1270 1217 1332 sponsorem
1262 1270 1359 1313 me
1403 1249 1698 1333 appellat.

1240 1425 1348 1489 XI.

630 1545 744 1601 Ser.
785 1545 989 1601 Romae
1030 1545 1213 1615 Quint.
1254 1553 1353 1601 aut
1389 1546 1531 1601 Sext.
1570 1565 1622 1601 a.
1662 1550 1777 1601 687
1814 1548 1954 1615 (6⁷).

922 1668 1176 1724 CICERO
1214 1667 1477 1723 ATTICO
1517 1668 1663 1723 SAL.

202 1806 254 1845 ιε
418 1777 506 1842 Et
552 1799 691 1841 mea
739 1783 969 1862 sponte
1015 1778 1324 1841 faciebam
1372 1782 1557 1841 antea
1602 1782 1666 1842 et
1702 1781 1852 1861 post
1890 1777 2136 1842 duabus
2175 1779 2302 1862 epi·

286 1866 476 1931 stulis
530 1866 661 1929 tuis
721 1867 1174 1950 perdiligenter
1228 1866 1295 1929 in
1360 1865 1620 1930 eandem
1675 1867 1991 1930 rationem
2044 1866 2302 1949 scriptis

288 1975 518 2040 magno
576 1976 764 2038 opere
822 1977 963 2019 sum
1009 1958 1384 2019 commotus.
1476 1953 1576 2019 Eo
1625 1953 1959 2019 accedebat
2004 1954 2302 2019 hortator

284 2044 585 2108 adsiduus
652 2041 997 2108 Sallustius
1009 2096 1026 2129 ,
1098 2048 1171 2107 ut
1237 2064 1491 2128 agerem
1556 2065 1748 2127 quam
1812 2043 2301 2128 diligentissime

285 2155 428 2197 cum
492 2131 762 2197 Lucceio
826 2132 903 2196 de
967 2137 1179 2195 vestra
1253 2136 1464 2196 vetere
1538 2131 1747 2215 gratia
1819 2131 2298 2196 reconcilianda.

201 2248 257 2287 ὀ
286 2219 437 2307 Sed,
492 2242 636 2285 cum
682 2220 895 2283 omnia
940 2221 1258 2306 fecissem,
1301 2242 1436 2283 non
1479 2220 1668 2284 modo
1717 2242 1856 2283 eam
1902 2220 2302 2285 voluntatem

285 2310 442 2395 eiua,
487 2330 649 2393 quae
687 2309 895 2372 fuerat
932 2329 1083 2393 erga
1121 2313 1203 2393 te,
1248 2330 1620 2392 recuperare
1655 2330 1789 2372 non
1832 2309 2036 2393 potui,
2080 2330 2300 2373 verum

283 2419 364 2462 ne
392 2418 647 2461 causam
677 2396 932 2481 quidem
960 2397 1182 2461 elicere
1209 2397 1585 2461 immutatae
1604 2397 1977 2461 voluntatis
2020 2396 2303 2462 Tametsi

283 2486 481 2550 iactat
533 2486 641 2549 ille
697 2484 951 2569 quidem
1005 2485 1167 2549 illud
1221 2507 1410 2549 suum
1464 2485 1804 2549 arbitrium
1853 2489 1918 2549 et
1973 2507 2074 2570 ea,
2139 2507 2301 2569 quae

284 2574 413 2638 iam
449 2578 608 2659 tum,
653 2595 796 2638 cum
835 2573 1074 2659 aderas,
1121 2573 1436 2652 offendere
1473 2574 1609 2637 eius
1649 2574 1932 2637 animum
1976 2573 2301 2658 intellege-

203 2688 255 2729 25
284 2663 460 2747 bam,
514 2666 731 2726 tamen
781 2661 978 2726 habet
1039 2661 1338 2746 quiddam
1394 2662 1709 2745 profecto,
1764 2661 1936 2745 quod
1979 2663 2186 2747 magis
2234 2663 2301 2726 in

284 2750 498 2815 animo
545 2750 682 2814 eius
727 2749 1050 2834 insederit,
1097 2749 1269 2834 quod
1313 2771 1518 2833 neque
1565 2750 1875 2833 epistulae
1912 2754 2060 2814 tuae
2095 2772 2301 2834 neque

283 2843 507 2904 nostra
560 2838 879 2923 adlegatio
935 2841 1069 2902 tam
1122 2842 1339 2922 potest
1402 2838 1586 2902 facile
1647 2838 1868 2903 delere.
1970 2836 2172 2913 Quam
2228 2844 2302 2903 tu

282 2949 581 3013 praesens
645 2948 778 2991 non
840 2926 1028 2991 modo
1086 2927 1402 3011 oratione,
1465 2926 1576 2990 sed
1629 2931 1744 2991 tuo
1807 2927 1990 2990 vultu
2045 2927 2158 2991 illo
2216 2928 2302 2992 fa-

281 3016 518 3080 miliari
565 3015 781 3100 tolles,
835 3015 891 3079 si
937 3014 1125 3079 modo
1181 3014 1349 3079 tanti
1395 3014 1673 3099 putaris,
1727 3013 1795 3078 id
1841 3015 2042 3102 quod,
2101 3015 2156 3079 si
2200 3038 2301 3081 me

202 3131 255 3170 ao
286 3104 505 3169 audies
569 3107 636 3168 et
699 3104 757 3167 si
818 3102 1207 3167 humanitati
1272 3107 1419 3167 tuae
1487 3107 1781 3167 constare
1857 3104 2059 3189 voles,
2132 3108 2302 3169 certe

281 3192 558 3277 putabis.
664 3191 786 3278 Ac,
845 3213 927 3256 ne
991 3191 1150 3256 illud
1214 3192 1470 3275 mirere,
1535 3213 1675 3274 cur,
1738 3212 1882 3255 cum
1938 3212 2058 3277 ego
2114 3196 2303 3257 antea

279 3281 697 3366 significarim
733 3279 857 3344 tibi
893 3301 1006 3363 per
1044 3280 1291 3345 litteras
1320 3301 1421 3343 me
1460 3300 1713 3362 sperare
1751 3279 1938 3343 illum
1972 3282 2042 3344 in
2078 3284 2300 3344 nostra

281 3373 604 3453 potestate
657 3369 819 3452 fore,
872 3390 1041 3432 nunc
1086 3369 1255 3433 idem
1302 3369 1519 3432 videar
1567 3368 1880 3453 diffidere,
1930 3368 2300 3433 incredibile

281 3462 408 3544 est,
461 3461 702 3542 quanto
756 3456 918 3520 mihi
973 3457 1263 3522 videatur
1323 3456 1498 3520 illius
1554 3456 1852 3520 voluntas
1911 3456 2300 3520 obstinatior

201 3572 251 3612 ³5
282 3551 346 3610 et
400 3547 470 3610 in
521 3545 642 3610 hac
694 3545 1022 3610 iracundia
1078 3546 1476 3610 offirmatior.
1571 3542 1695 3609 Sed
1743 3544 1897 3608 haec
1953 3548 2065 3608 aut
2123 3565 2302 3607 sana-
