2642 3923
293 186 422 251 372
927 186 1003 240 M.
1040 184 1256 239 TULLI
1292 182 1672 240 CICERONIS

1201 416 1401 481 XXV.

686 537 800 594 Ser.
830 538 1071 594 Asturae
1107 537 1247 591 XII
1273 537 1349 591 K.
1380 538 1519 606 Apr.
1549 555 1600 591 a.
1633 540 1743 591 709
1782 541 1918 605 (45).

901 659 1190 716 CICERO
1223 659 1516 715 ATTICO
1553 659 1716 715 SAL.

434 769 710 853 Scripsit
764 770 844 834 ad
902 791 1003 834 me
1048 769 1392 854 diligenter
1438 768 1617 833 Sicca
1662 768 1738 833 de
1787 767 1947 833 Silio
1995 790 2190 853 seque
2235 768 2315 832 ad

300 864 366 925 te
425 881 561 924 rem
607 858 939 942 detulisse3
1004 857 1176 941 quod
1222 863 1296 921 tu
1342 857 1509 921 idem
1555 856 1801 921 scribis
1893 856 2058 920 Mihi
2104 860 2168 921 et
2213 878 2315 920 res
2374 885 2397 921 ε

300 953 367 1013 et
412 947 702 1013 condicio
748 946 986 1031 placet,
1031 946 1142 1010 sed
1187 945 1306 1029 ita,
1353 950 1428 1009 ut
1470 948 1807 1009 numerato
1853 944 2078 1009 malim
2124 967 2315 1029 quam

301 1036 765 1101 aestimatione.
839 1032 1257 1117 Voluptarias
1305 1034 1477 1097 enim
1522 1033 1959 1116 possessiones
2003 1033 2185 1097 nolet
2222 1031 2316 1097 Si-

303 1125 456 1209 lius3
501 1122 925 1224 vectigalibus
973 1127 1186 1186 autem
1232 1125 1306 1185 ut
1341 1121 1446 1186 his
1483 1143 1748 1204 possum
1784 1142 1923 1186 esse
1958 1124 2316 1204 contentus,

303 1235 558 1311 quae—
510 1212 736 1295 habeo,
783 1211 875 1275 sic
921 1212 1027 1274 vix
1073 1210 1450 1274 minoribus,
1526 1209 1711 1275 Unde
1749 1230 1900 1294 ergo
1938 1209 2316 1274 numerato?

305 1301 417 1367 HS
463 1317 557 1365 Dc
614 1299 931 1383 exprimes
986 1298 1066 1362 ab
1113 1297 1546 1384 Hermogene,
1591 1319 1736 1362 cum
1793 1297 2170 1382 praesertim
2215 1320 2320 1362 ne·
2346 1325 2400 1364 ιο

306 1411 479 1454 cesse
526 1389 667 1472 erit,
711 1392 776 1451 et
820 1387 994 1451 domi
1038 1386 1221 1450 video
1268 1407 1407 1450 esse
1451 1384 1561 1450 HS
1599 1403 1708 1451 Dc.
1782 1385 2093 1470 Reliquae
2136 1408 2319 1470 pecu-

305 1480 450 1543 niae
508 1477 611 1540 vel
655 1498 916 1539 usuram
963 1473 1122 1539 Silio
1168 1474 1546 1561 pendemus,
1602 1474 1755 1539 dum
1800 1498 1838 1539 a
1883 1473 2173 1559 Faberio,
2219 1474 2321 1539 vel

308 1588 453 1631 cum
490 1565 724 1649 aliquo,
762 1563 873 1648 qui
911 1562 1180 1627 Faberio
1218 1562 1427 1647 debet,
1463 1562 2099 1646 repraesentabimus.
2173 1562 2320 1626 Erit

308 1654 504 1719 etiam
552 1652 794 1736 aliquid
840 1652 1144 1716 alicunde.
1220 1651 1345 1716 Sed
1390 1655 1595 1715 totam
1632 1674 1768 1716 rem
1803 1655 1878 1715 tu
1915 1651 2319 1736 gubernabis.

307 1742 649 1807 Drusianis
696 1762 846 1805 vero
883 1740 1092 1804 hortis
1129 1740 1335 1803 multo
1375 1744 1714 1825 antepono,
1755 1761 1963 1823 neque
2000 1743 2154 1803 sunt
2189 1761 2401 1806 um·15

309 1853 502 1915 quam
558 1829 929 1931 comparati.
1020 1827 1183 1891 Mihi
1239 1827 1449 1909 crede,
1504 1851 1632 1892 una
1684 1848 1786 1891 me
1844 1849 2034 1892 causa
2089 1831 2321 1911 movet,

308 1921 377 1985 in
424 1942 551 2005 qua
597 1918 727 1982 scio
774 1940 875 1983 me
921 1923 1364 2001 τετυφῶσθαι.
1448 1914 1586 1999 Sed,
1633 1921 1706 1981 ut
1750 1916 1927 2001 facis,
1975 1916 2322 2000 obsequere

307 2009 459 2073 huic
495 2007 695 2072 errori
734 2028 892 2071 meo.
968 2005 1155 2091 Nam,
1196 2005 1369 2089 quod
1408 2006 1634 2069 scribis
1675 2005 2075 2091 ἐγγήραμα,
2111 2009 2324 2069 actum

307 2099 439 2162 iam
484 2097 561 2161 de
603 2097 733 2160 isto
782 2099 905 2179 est3
954 2095 1079 2158 alia
1122 2094 1330 2179 magis
1377 2112 1636 2176 quaero:

1205 2357 1436 2423 XXVI.
2355 2386 2407 2423 ao

719 2480 833 2535 Sor.
863 2482 1101 2534 Asturae
1139 2480 1243 2534 XI
1270 2480 1346 2534 K.
1377 2480 1516 2548 Apr.
1548 2498 1598 2533 a.
1631 2484 1741 2535 709
1780 2482 1917 2547 (45).

916 2601 1206 2657 CICERO
1241 2602 1533 2657 ATTICO
1569 2602 1733 2658 SAL.

449 2711 656 2797 Sicca,
728 2715 802 2776 ut
876 2711 1128 2796 scribit,
1209 2711 1464 2775 etiamsi
1533 2710 1702 2775 nihil
1772 2711 2115 2775 confecerit
2187 2732 2329 2776 cum

316 2801 391 2866 A.
431 2800 610 2885 Silio,
656 2805 873 2864 tamen
919 2821 986 2863 se
1033 2799 1258 2863 scribit
1302 2817 1352 2862 x
1387 2797 1528 2863 Kal.
1569 2822 1707 2863 esse
1745 2804 2100 2864 venturum.
2175 2799 2331 2863 'luis

319 2888 844 2973 occupationibus
905 2888 1167 2971 ignosco
1179 2939 1196 2972 ,
1251 2909 1486 2970 eaeque
1533 2887 1691 2951 mihi
1739 2892 1891 2951 sunt
1934 2892 2145 2953 notae.
2236 2886 2332 2951 De
2361 2912 2415 2953 2⁶

316 2978 650 3043 voluntate
704 2982 845 3060 tua,
898 2980 971 3039 ut
1028 2976 1220 3040 simul
1277 2976 1508 3061 simus,
1565 2976 1669 3040 vel
1725 2976 1935 3040 studio
1992 2976 2211 3059 potius
2268 2979 2334 3040 et

316 3067 666 3150 cupiditate
720 3086 852 3129 non
897 3064 1139 3128 dubito.
1230 3063 1330 3128 De
1374 3063 1562 3128 Nicia
1609 3065 1781 3147 quod
1828 3064 2057 3129 scribis
2066 3115 2085 3149 ,
2140 3064 2197 3128 si
2241 3062 2336 3128 ita

315 3178 418 3219 me
463 3154 796 3238 haberem,
851 3156 925 3216 ut
970 3153 1106 3216 eius
1153 3151 1556 3216 humanitate
1602 3152 1731 3216 frui
1776 3174 2050 3238 possem,
2096 3153 2167 3216 in
2210 3152 2336 3236 pri-

316 3243 439 3307 mis
497 3242 725 3306 vellem
780 3241 963 3304 illum
1018 3261 1265 3305 mecum
1320 3241 1572 3305 habere.
1666 3239 1791 3305 Sed
1846 3241 2003 3305 mihi
2052 3240 2335 3304 solitudo

318 3335 382 3394 et
447 3351 732 3393 recessus
797 3330 1125 3411 provincia
1189 3333 1302 3393 est.
1407 3327 1590 3404 Quod
1644 3329 1795 3413 quia
1853 3329 2037 3394 facile
2091 3329 2337 3393 ferebat
2365 3356 2421 3396 so

320 3416 524 3500 Sicca,
580 3438 655 3481 eo
711 3417 917 3500 magis
973 3417 1155 3480 illum
1212 3417 1519 3482 desidero,
1609 3417 1951 3483 Praeterea
2001 3418 2175 3481 nosti
2223 3415 2286 3481 N
2291 3417 2337 3481 i-

318 3504 451 3568 ciae
512 3505 724 3567 nostri
785 3504 1292 3569 imbecillitatem
1303 3558 1321 3591 ‚
1380 3505 1751 3592 mollitiam,
1814 3505 2338 3571 consuetudinem
