2642 3923
588 211 1105 266 EPISTULARUM
1142 211 1241 265 AD
1277 210 1604 266 ATTIOUM
1640 212 1769 266 XIII
1804 218 1944 266 4-6
1956 229 2005 266 a.
2170 211 2296 277 397

279 378 323 422 a
368 354 638 421 Camillo
693 359 1153 420 commutatam
1208 376 1346 419 esse
1399 355 1626 441 legem.
1717 354 1940 420 Pisoni
2002 355 2159 440 quid
2204 359 2301 420 est
2338 373 2370 420 2

281 446 453 529 quod
497 444 833 509 honestius
873 444 1260 527 respondere
1296 444 1619 527 possimus
1659 465 1851 528 quam
1890 444 2303 509 solitudinem

283 531 592 598 Catonis?
692 531 831 598 Nec
903 532 1321 596 coheredibus
1397 533 1607 596 solum
1679 531 2135 617 Herennianis,
2195 532 2304 596 sed

285 621 505 705 etiam,
559 625 634 685 ut
681 621 803 685 scis
851 618 955 706 (tu
1001 619 1173 685 enim
1216 642 1464 685 mecum
1510 618 1754 707 egisti),
1791 620 1889 685 'de
1935 643 2134 705 puero
2180 619 2304 685 Lu-

232 740 255 776 e,
285 710 472 794 cullo,
519 730 712 793 quam
758 709 1090 793 pecuniam
1134 710 1317 773 tutor
1364 707 1542 795 (nam
1585 707 1709 772 hoc
1756 730 2011 794 quoque
2053 709 2133 773 ad
2168 731 2306 774 rem

284 796 592 883 pertinet)
656 797 727 860 in
789 797 1031 861 Achaia
1094 800 1472 880 sumpserat.
1565 795 1689 862 Sed
1743 798 1879 880 agit
1933 796 2306 883 liberaliter,

286 886 589 971 quoniam
633 889 829 970 negat
875 906 944 949 se
989 885 1332 968 quicquam
1378 887 1699 950 facturum
1747 888 1971 949 contra
2014 890 2305 950 nostram

285 974 697 1039 voluntatem.
792 971 1023 1038 Coram
1085 973 1315 1058 igitur,
1374 978 1449 1037 ut
1505 974 1760 1057 scribiS,
1823 974 2308 1060 constituemus,

287 1083 477 1146 quem
535 1061 616 1126 ad
658 1062 922 1127 modum
966 1082 1102 1126 rem
1148 1062 1554 1145 explicemus.
1647 1060 1831 1137 Quod
1876 1061 2161 1146 reliquos
2208 1084 2308 1127 co-

208 1181 260 1219 ιο
286 1150 547 1215 heredes
593 1150 968 1233 convenisti,
1014 1148 1203 1233 plane
1248 1150 1427 1215 bene.

421 1237 605 1314 Quod
675 1238 1019 1322 epistulam
1090 1258 1297 1301 meam
1371 1238 1452 1302 ad
1515 1237 1793 1302 Brutum
1864 1237 2106 1323 poscis,
2177 1258 2310 1303 non
2347 1255 2377 1302 3

288 1327 493 1392 habeo
548 1327 685 1391 eius
742 1326 1130 1410 exemplum3
1187 1327 1296 1390 sed
1353 1329 1570 1390 tamen
1630 1327 1878 1390 salvum
1924 1331 2050 1411 est,
2110 1330 2174 1391 et
2220 1327 2312 1392 ait

290 1416 442 1480 Tiro
505 1420 573 1480 te
632 1414 871 1479 habere
925 1417 1251 1501 oportere,
1314 1419 1406 1498 et,
1470 1418 1544 1479 ut
1598 1414 1923 1500 recordor,
1986 1437 2114 1480 una
2169 1437 2314 1480 cum

291 1504 466 1568 illius
552 1503 996 1588 obiurgatoria
1086 1502 1210 1566 tibi
1290 1525 1500 1567 meam
1583 1524 1863 1586 quoque,
1952 1525 2144 1587 quam
2235 1502 2314 1568 ad

209 1621 262 1662 15
291 1614 437 1657 eum
479 1593 949 1677 rescripseram,
991 1589 1158 1654 misi.
1248 1588 1541 1656 Iudiciali
1586 1591 1883 1655 molestia
1927 1597 2002 1655 ut
2047 1614 2316 1678 caream,
2350 1609 2385 1656 4

292 1680 555 1746 videbis.

1221 1853 1316 1919 VI
1333 1877 1385 1919 a.

573 1978 688 2033 Sor.
717 1978 781 2031 in
822 1978 1135 2033 Tusculano
1162 1977 1313 2046 prid.
1344 1977 1493 2031 Non.
1523 1977 1652 2032 Iwn.
1681 1994 1734 2032 a.
1766 1981 1877 2032 709
1915 1980 2053 2045 (45).

905 2100 1195 2155 CICERO
1228 2099 1521 2157 ATTICO
1557 2100 1723 2156 SAL.

213 2241 267 2281 ,ο
426 2208 817 2274 Tuditanum
872 2210 1097 2311 istum,
1158 2232 1469 2294 proavum
1528 2208 1867 2292 Hortensi,
1929 2209 2122 2293 plane
2184 2231 2318 2274 non
2346 2227 2431 2274 (VI
2459 2226 2502 2274 4>

296 2317 519 2363 noram
575 2301 639 2362 et
690 2298 925 2381 filium,
980 2298 1092 2382 qui
1147 2303 1289 2362 tum
1333 2315 1465 2362 non
1509 2302 1812 2381 potuerat
1859 2319 1997 2362 esse
2042 2298 2313 2384 legatus„

295 2387 494 2451 fuisse
548 2390 859 2470 putaram.
952 2386 1337 2450 Mummium
1398 2386 1597 2450 fuisse
1641 2386 1722 2450 ad
1768 2383 2154 2450 Corinthum
2199 2408 2317 2469 pro

297 2479 473 2540 certo
519 2474 743 2539 habeo.
831 2474 1032 2558 Saepe
1070 2475 1240 2539 enim
1274 2473 1380 2538 hic
1420 2472 1710 2559 SpuriuS,
1738 2473 1850 2559 qui
1886 2496 2092 2558 nuper
2129 2476 2317 2539 deces-

297 2564 412 2649 sit,
473 2562 781 2663 epistulas
840 2562 1001 2627 mihi
1054 2562 1519 2647 pronuntiabat
1572 2562 1905 2627 versiculis
1966 2562 2190 2627 facetis
2237 2563 2318 2627 ad

216 2680 271 2722 ,ε
295 2651 631 2716 familiaris
684 2651 915 2715 missas
975 2674 1013 2715 a
1054 2586 1388 2716 Corintho.
1483 2649 1607 2715 Sed
1663 2672 1797 2716 non
1854 2650 2112 2735 dubit0,
2164 2652 2321 2736 quin

298 2740 485 2803 fratri
526 2740 722 2803 fuerit
766 2739 1038 2825 legatus,
1082 2760 1217 2804 non
1258 2739 1331 2803 in
1374 2738 1601 2803 decem.
1697 2739 1912 2824 Atque
1957 2739 2080 2804 hoc
2126 2742 2320 2804 etiam

300 2827 536 2912 accepi,
588 2849 720 2892 non
774 2828 1001 2892 solitos
1046 2828 1321 2892 maiores
1366 2831 1628 2891 nostros
1677 2848 1786 2891 eos
1833 2828 2049 2912 legare
2104 2827 2174 2892 in
2221 2828 2322 2892 de-

300 2938 453 3000 cem,
499 2916 610 3000 qui
655 2920 870 2980 essent
913 2917 1377 2999 imperatorum
1420 2916 1778 2999 necessarii,
1826 2920 1899 2979 ut
1944 2937 2065 2980 nos
2112 2916 2320 3001 ignari

298 3004 875 3088 pulcherrimorum
942 3004 1397 3068 institutorum
1454 3009 1567 3068 aut
1624 2969 2041 3089 neglegentes
2103 3005 2321 3088 potius

219 3123 275 3164 ⁸0
302 3092 388 3160 M.
433 3090 771 3156 Lucullum
838 3095 903 3156 et
960 3085 1029 3157 L.
1089 3087 1425 3156 Murenam
1487 3095 1552 3155 et
1622 3096 1869 3157 ceteros
1935 3093 2012 3156 ad
2077 3090 2146 3157 L.
2199 3091 2323 3156 Lu-

302 3180 542 3246 cullum
592 3180 903 3244 misimus
993 3179 1292 3264 Illudque
1348 3181 1832 3263 εὐλογώτατον,
1891 3180 2077 3244 11111111
2136 3181 2323 3245 fratri

301 3270 372 3333 in
399 3269 641 3371 ‘primis
688 3268 823 3333 eius
867 3268 1099 3354 legatis
1136 3268 1352 3334 fuisse.
1434 3268 1488 3333 Ο
1524 3290 1782 3352 operam
1818 3272 1999 3333 tuam
2034 3268 2325 3354 multam,

304 3356 416 3442 qui
470 3360 535 3421 et
580 3356 735 3421 haec
781 3375 963 3421 cures
1010 3361 1076 3421 et
1121 3378 1262 3421 mea
1305 3355 1606 3441 expedias
1655 3360 1720 3421 et
1765 3356 1856 3421 sis
1899 3356 1972 3449 in
2014 3357 2148 3421 tuis
2192 3375 2326 3420 non

300 3446 507 3511 multo
553 3446 765 3510 minus
814 3445 1091 3530 diligens
1130 3466 1324 3530 quam
1372 3447 1441 3510 in
1486 3446 1672 3510 meis!
