2642 3923
594 213 1105 267 EPISTULARUM
1142 213 1240 267 AD
1279 213 1605 268 ATTICUM
1642 214 1719 268 XI
1758 220 1840 282 11,
1881 220 1963 268 12.
2182 212 2309 277 337

287 362 539 422 tamen
602 357 891 421 audebo
957 362 1218 441 petere
1273 379 1406 441 aps
1463 361 1563 442 te,
1630 358 1826 441 quod
1867 364 2162 442 potem,
2223 380 2312 422 ne

290 445 470 530 quid
530 446 927 510 existimes
975 446 1064 509 ab
1109 445 1253 509 illo
1299 446 1584 510 factum
1632 467 1820 531 esse,
1869 468 2015 530 quo
2061 448 2309 510 minus

293 556 449 598 mea
501 534 577 598 in
631 538 706 599 te
764 534 1033 598 officia
1092 538 1571 618 constarent,
1626 534 1970 600 minusve
2016 539 2092 598 te
2139 535 2314 598 dili·

293 644 567 708 gerem,
631 623 1047 706 potiusque
1109 644 1410 705 semper
1467 622 1688 686 illum
1744 626 2132 686 auctorem
2187 643 2313 687 no-

240 739 262 775 5
303 715 505 775 strae
563 710 1141 774 coniunctionis
1195 710 1444 773 fuisse
1489 711 1785 794 meique
1831 711 2150 775 itineris
2196 733 2314 775 co-

295 799 579 882 mitem,
649 820 799 861 non
872 799 1143 862 ducem.
1251 797 1492 874 Quare
1564 799 1847 863 ceteris
1920 799 1996 863 in
2067 800 2313 863 rebus

295 891 598 951 tantum
676 887 744 950 ei
815 885 1145 971 tribueS,
1226 894 1598 969 quantum
1670 887 2113 952 humanitas
2186 891 2316 951 tua

296 975 789 1058 amicitiaque
852 979 1115 1038 vestra
1178 974 1552 1057 postulat.
1646 973 1806 1061 Ego
1867 976 1932 1041 ei
1989 997 2080 1039 ne
2136 974 2317 1059 quid

295 1063 489 1147 apud
543 1068 615 1127 te
673 1063 940 1147 obsim,
1003 1062 1078 1126 id
1131 1067 1205 1128 te
1258 1064 1755 1128 vehementer
1809 1065 2040 1128 etiam
2087 1067 2316 1147 atque

220 1179 269 1219 ιο
297 1152 517 1216 etiam
570 1152 798 1237 rog0.'

428 1238 656 1325 Quare,
701 1241 757 1303 si
804 1240 948 1323 quis
994 1261 1376 1325 congressus
1412 1240 1609 1305 fuerit
1645 1240 1810 1304 mihi
1846 1262 1991 1305 cum
2029 1239 2319 1328 Caesare,

297 1328 417 1392 etsi
459 1350 593 1392 non
636 1327 882 1412 dubit0,
926 1328 1085 1412 quin
1128 1330 1185 1392 is
1231 1329 1397 1392 lenis
1442 1329 1512 1391 in
1557 1328 1743 1392 illum
1791 1330 2048 1393 futurus
2097 1329 2184 1392 sit
2227 1327 2318 1392 id-

297 1437 423 1501 que
474 1416 604 1479 iam
656 1416 1100 1501 declaraverit,
1160 1436 1277 1501 ego
1333 1421 1550 1480 tamen
1604 1417 1660 1480 is
1711 1438 1845 1500 ero,
1911 1418 2021 1500 qui
2069 1437 2318 1500 semper

296 1505 409 1569 fui.
484 1502 626 1589 Sed,
669 1508 743 1568 ut
789 1504 991 1589 video,
1037 1504 1243 1569 multo
1289 1504 1496 1589 magis
1533 1509 1632 1568 est
1668 1505 1858 1569 nobis
1896 1505 2319 1569 laborandum

221 1622 269 1661 15
298 1592 375 1657 de
428 1591 673 1676 Africa3
739 1613 931 1675 quam
978 1593 1234 1676 quidem
1280 1597 1353 1656 tu
1400 1592 1629 1656 scribis
1675 1594 2038 1658 confirmari
2084 1594 2318 1658 cotidie

300 1681 506 1765 magis
554 1681 633 1744 ad
679 1680 1070 1744 condicionis
1119 1703 1299 1764 spem
1345 1703 1538 1764 quam
1576 1681 1897 1746 victoriae.
1975 1681 2156 1757 Quod
2195 1682 2318 1745 uti-

300 1792 449 1833 nam
503 1770 597 1833 ita
650 1771 845 1833 esset!
921 1766 1045 1833 Sed
1101 1769 1293 1853 longe
1350 1770 1537 1832 aliter
1591 1790 1730 1833 esse
1775 1770 2080 1855 intellego
2128 1775 2319 1853 teque

299 1858 514 1941 ipsum
577 1858 671 1920 ita
733 1856 1098 1921 existimare
1159 1858 1466 1941 arbitror,
1531 1856 1718 1921 aliter
1773 1863 1986 1922 autem
2044 1858 2320 1922 scribere

300 1968 433 2010 non
487 1945 776 2031 fallendi,
840 1945 949 2009 sed
1004 1946 1419 2011 confirmandi
1475 1946 1600 2010 mei
1663 1967 1879 2033 causa,
1942 1946 2319 2031 praesertim

224 2064 273 2100 20
303 2057 448 2099 cum
495 2034 882 2119 adiungatur
928 2034 1007 2098 ad
1051 2035 1336 2099 Africam
1385 2035 1577 2099 etiam
1623 2033 1952 2118 Hispania.

436 2121 619 2199 Quod
663 2144 765 2186 me
811 2123 1131 2208 admones,
1176 2128 1249 2187 ut
1297 2125 1573 2187 scribam
1621 2123 1700 2186 ad
1744 2122 2102 2188 Antonium
2141 2128 2205 2187 et
2242 2124 2321 2187 ad

304 2216 549 2275 ceteros
559 2262 600 2295 ,‚
633 2211 689 2274 si
735 2211 891 2294 quid
935 2211 1259 2276 videbitur
1303 2212 1425 2276 tibi
1475 2233 1635 2296 opus
1683 2233 1836 2297 esse,
1890 2212 2082 2275 velim
2125 2212 2321 2275 facias

304 2299 387 2385 id,
432 2299 603 2384 quod
647 2321 834 2382 saepe
878 2300 1107 2364 fecisti.
1180 2298 1368 2364 Nihil
1413 2300 1584 2363 enim
1628 2300 1788 2362 mihi
1834 2301 2009 2364 venit
2048 2301 2116 2363 in
2151 2322 2323 2363 men-

306 2393 463 2473 tem,
518 2387 690 2471 quod
746 2386 1152 2452 scribendum
1205 2392 1446 2472 putem.
1539 2386 1721 2463 Quod
1774 2410 1876 2452 me
1931 2388 2112 2452 audis
2159 2409 2323 2451 erec-

226 2504 277 2542 25
307 2477 537 2541 tiorem
584 2497 721 2540 esse
767 2476 984 2540 animo
994 2528 1011 2560 ,
1073 2477 1226 2559 quid
1269 2481 1492 2561 putaS,
1536 2498 1681 2540 cum
1727 2477 1941 2540 videas
1989 2477 2326 2540 accessisse

305 2564 385 2628 ad
444 2564 804 2648 superiores
856 2564 1287 2648 aegritudines
1333 2565 1687 2647 praeclaras
1734 2566 1952 2649 generi
1998 2565 2324 2629 actiones?

306 2652 404 2717 Tu
449 2658 665 2717 tamen
709 2652 903 2716 velim
952 2674 1034 2716 ne
1078 2652 1489 2736 intermittaS,
1538 2653 1708 2736 quod
1754 2654 1890 2717 eius
1934 2654 2142 2717 facere
2187 2656 2326 2737 pot-

307 2741 463 2827 eriS,
526 2741 801 2805 scribere
866 2740 945 2804 ad
1007 2763 1136 2827 me,
1200 2740 1459 2805 etiamsi
1523 2763 1685 2825 rem,
1757 2741 1833 2805 de
1889 2763 2015 2825 qua
2068 2741 2329 2827 scribaS,

305 2851 438 2893 non
478 2828 763 2893 habebis,
838 2827 1101 2912 Semper
1146 2830 1317 2893 enim
1364 2830 1658 2893 adferunt
1696 2829 1782 2893 ali
1790 2830 1945 2913 quid
1981 2829 2142 2894 mihi
2178 2834 2329 2894 tuae

228 2944 282 2984 so
310 2918 582 2981 litterae.

444 3003 743 3070 Galeonis
800 3006 1219 3071 hereditatem
1266 3006 1449 3070 crevi.
1540 3004 1708 3071 Puto
1758 3007 1928 3070 enim
1978 3007 2328 3072 cretionem

312 3094 665 3246 {iimph'ffiem
707 3094 924 3180 fuisse,
969 3095 1272 3178 quoniam
1308 3095 1389 3159 ad
1423 3116 1526 3158 me
1561 3093 1741 3158 nulla
1776 3095 1975 3159 missa
2012 3098 2124 3160 est.
2202 3113 2328 3159 vm

387 3205 462 3246 us
581 3183 793 3248 artias.

422 3648 515 3689 Cic.
546 3649 673 3698 epist.
702 3649 764 3689 11„
1947 3640 2014 3686 22
