2642 3923
615 179 1137 235 EPISTULARUM
1174 182 1273 235 AD
1310 181 1640 238 ATTICUM
1674 183 1753 237 lx
1790 188 1873 251 13,
1912 183 1975 237 A.
2175 181 2304 246 283

278 326 344 386 et
399 327 616 387 tamen
672 329 1099 408 oppugnatur.
1194 324 1380 399 Quod
1441 347 1560 410 ego
1605 347 1741 390 non
1784 326 2142 411 credebam,
2195 325 2306 389 sed

276 409 484 475 habeo
533 435 570 475 a
606 411 811 477 Balbo
858 413 1128 496 litteraS,
1177 435 1451 497 quarum
1498 415 1578 478 ad
1622 419 1687 478 te
1734 415 2093 498 exemplum
2138 414 2303 477 misi.

278 498 467 585 Lege,
513 522 770 584 quaeso,
816 505 880 564 et
926 502 1087 565 illud
1132 501 1427 566 infimum
1473 507 1665 586 caput
1709 503 1914 586 ipsius
1960 501 2149 567 Balbi
2196 525 2304 585 op-

280 588 441 670 timi,
495 587 599 652 cui
648 586 900 653 Gnaeus
945 594 1168 653 noster
1213 591 1446 676 locum,
1491 590 1604 656 ubi
1649 591 1875 655 hortos
1923 591 2305 676 aedificaret,

226 699 250 740 ε
279 676 469 760 dedit,
517 698 706 760 quem
753 677 857 741 cui
902 682 1202 742 nostrum
1245 699 1381 743 non
1426 700 1614 763 saepe
1658 679 2012 764 praetulit?
2077 677 2305 763 Itaque

279 764 475 828 miser
520 769 875 848 torquetur.
971 763 1123 849 Sed,
1175 787 1258 831 ne
1300 767 1405 832 bis
1451 768 1670 832 eadem
1714 768 1891 852 legas
1901 819 1919 852 ,
1974 768 2054 832 ad
2098 767 2304 850 ipsam

279 856 346 916 te
393 851 735 936 epistulam
782 854 992 917 reici0.
1070 853 1261 938 Spem
1308 859 1525 920 autem
1548 856 1745 940 *pacis
1789 855 1995 920 habeo
2041 857 2304 921 nullam.

278 939 621 1005 Dolabella
689 941 823 1005 suis
889 942 1130 1006 litteris
1193 958 1309 1017 III
1366 942 1521 1008 Idus
1586 943 1776 1009 Mart.
1831 944 2000 1008 datis
2058 966 2306 1007 merum

278 1029 521 1093 bellum
580 1029 887 1112 loquitur.
979 1030 1353 1095 Maneamus
1411 1053 1563 1117 ergo
1617 1032 1688 1096 in
1746 1033 1857 1096 illa
1903 1032 2121 1097 eadem
2167 1054 2305 1096 sen-

195 1142 250 1198 io
277 1119 485 1182 tentia
536 1118 771 1182 misera
831 1122 895 1183 et
942 1119 1300 1204 desperata,
1360 1121 1614 1204 quando
1661 1121 1784 1185 hoc
1829 1120 2124 1185 miserius
2169 1142 2304 1184 esse

274 1205 442 1270 nihil
488 1210 723 1289 potest.
1387 1208 1388 1213 ’

1247 1384 1325 1449 Α.

683 1503 799 1560 Ser.
830 1504 1038 1560 Romae
1073 1506 1198 1560 circ.
1230 1505 1295 1560 X
1329 1506 1403 1561 K.
1435 1506 1574 1575 Apr.
1607 1510 1716 1562 ‘705
1756 1509 1895 1575 (49).

689 1627 971 1682 BALBUS
1011 1626 1353 1683 CICERONI
1388 1628 1535 1683 IMP.
1566 1628 1715 1683 SAL.
1746 1628 1881 1684 DIC.

194 1759 248 1802 ιε
410 1734 644 1800 Caesar
722 1737 914 1802 nobis
998 1736 1251 1801 litteras
1325 1737 1668 1820 perbreves
1742 1737 1946 1823 misit3
2030 1760 2303 1822 quarum
2342 1756 2369 1803 1

276 1823 636 1907 exemplum
692 1824 1064 1908 subscripsi.
1164 1822 1496 1889 Brevitate
1550 1826 1863 1909 epistulae
1918 1826 2078 1890 scire
2125 1832 2303 1912 pote-

274 1912 365 1977 ris
429 1934 574 1977 eum
632 1913 814 1977 valde
870 1935 1006 1979 esse
1062 1912 1445 1999 distentum,
1511 1913 1623 1998 qui
1678 1917 1861 1979 tanta
1916 1914 1993 1979 de
2045 1937 2116 1980 re
2168 1920 2303 1980 tam

274 2001 558 2066 breviter
605 2003 951 2086 scripserit.
1027 1999 1098 2066 Si
1144 2003 1304 2086 quid
1348 2007 1677 2088 praeterea
1720 2004 1874 2068 novi
1918 2003 2133 2090 fuerit,
2178 2009 2302 2068 sta-

170 2134 179 2142 ·
274 2090 395 2154 tim
440 2090 566 2155 tibi
614 2091 906 2156 scribam.

193 2222 248 2262 20
596 2209 955 2265 ‘CAESAR
1002 2209 1277 2280 OPPIO,
1327 2210 1756 2267 CORNELIO
1806 2211 1970 2267 SAL.

408 2317 485 2384 A.
533 2320 589 2383 d.
646 2337 746 2383 VII
801 2318 979 2383 Idus
1036 2318 1361 2384 Martias
1406 2318 1905 2385 Brundisium
1958 2320 2158 2405 veni,
2214 2321 2301 2385 ad

274 2430 566 2472 murum
626 2411 881 2472 castra
942 2408 1184 2491 posui.
1276 2407 1686 2492 Pompeius
1738 2414 1855 2473 est
1915 2409 2298 2474 Brundisi.

275 2495 495 2561 Misit
560 2497 649 2560 ad
712 2519 821 2560 me
887 2494 966 2559 N.
1023 2496 1360 2581 Magium
1426 2497 1511 2561 de
1575 2519 1771 2581 pace.
1872 2496 2078 2573 Quae
2133 2499 2301 2562 visa

276 2588 481 2668 sunt,
552 2586 935 2668 respondi.
1044 2583 1203 2649 Hoc
1273 2606 1407 2650 vos
1481 2587 1747 2650 statim
1812 2587 2011 2651 scire
2069 2587 2297 2650 volui.

193 2696 247 2739 85
276 2671 511 2747 Quom
555 2673 636 2736 in
681 2695 886 2756 spem
933 2695 1210 2737 venero
1258 2672 1344 2737 de
1392 2674 1954 2757 compositione
2002 2675 2300 2758 aliquid

274 2782 386 2824 me
441 2762 851 2845 conficere,
907 2762 1174 2825 statim
1231 2783 1364 2825 vos
1420 2764 1797 2828 certiores
1850 2764 2165 2828 faciam?

408 2847 547 2925 Quo
611 2849 801 2914 modo
865 2870 969 2913 me
1022 2872 1192 2914 nunc
1245 2853 1438 2933 putas
1448 2901 1466 2935 ,
1529 2852 1619 2915 mi
1681 2849 1929 2935 Cicero,
1993 2852 2297 2936 torqueri,
2335 2870 2367 2917 2

274 2941 619 3021 postquam
673 2960 898 3002 rursus
954 2938 1023 3001 in
1081 2960 1258 3021 spem
1303 2940 1476 3022 pacis
1523 2939 1696 3022 veni,
1749 2961 1832 3003 ne
1878 2962 2005 3023 qua
2048 2962 2150 3003 res
2198 2962 2299 3004 eo-

275 3048 419 3089 rum
474 3027 1004 3109 compositionem
1049 3026 1399 3110 impediat?
1472 3025 1795 3111 Namque,
1852 3028 2022 3112 quod
2069 3029 2297 3092 absens

192 3140 245 3180 so
273 3114 481 3178 facere
527 3136 817 3197 possum,
882 3119 1055 3198 opto.
1148 3113 1389 3189 Quodsi
1434 3137 1562 3180 una
1610 3137 1831 3200 essem,
1878 3116 2122 3199 aliquid
2165 3118 2298 3180 for-

273 3207 445 3266 tasse
500 3204 807 3285 proficere
851 3225 1043 3286 posse
1089 3203 1180 3266 mi
1225 3203 1490 3270 viderer.
1582 3202 1772 3269 Nunc
1819 3205 2296 3288 exspectatione

272 3312 538 3355 cruclor.
