2642 3923
691 203 1205 261 EPISTULARUM
1242 204 1342 260 AD
1379 204 1704 262 ATTICUM
1741 206 1791 260 V
1827 212 1984 263 4-8.
2226 207 2354 271 135

335 349 470 414 dies
519 370 646 435 eos,
703 349 913 434 quoad
957 349 1066 414 ille
1108 350 1386 437 veniret,
1441 371 1585 415 cum
1629 348 1935 435 Pompeio
1981 372 2351 417 consumere

334 459 536 522 eoque
589 438 825 522 magis,
890 437 1060 522 quod
1113 439 1172 503 ei
1227 442 1487 524 gratum
1541 460 1681 503 esse
1736 439 1802 504 id
1856 439 2173 523 videbam,
2241 441 2351 523 qui

335 527 531 591 etiam
570 548 607 590 a
645 548 745 591 me
780 526 1060 610 petierit,
1095 531 1170 591 ut
1208 548 1422 592 secum
1461 530 1526 591 et
1564 527 1735 630 apud
1771 548 1838 592 se
1865 548 2070 592 essem
2099 528 2350 593 cotidie.

335 613 520 690 Quod
573 615 855 680 concessi
909 614 1198 679 libenter.
1289 613 1535 680 Multos
1593 616 1762 680 enim
1807 615 1942 680 eius
1988 615 2347 700 praeclaros

282 729 307 770 ο
333 703 412 767 de
457 724 526 767 re
570 702 827 786 publica
873 724 1196 768 sermones
1243 704 1578 788 accipiam,
1637 705 1921 769 instruar
1964 705 2160 769 etiam
2205 726 2348 770 con·

336 792 500 855 siliis
547 791 793 858 idoneis
840 791 920 855 ad
964 791 1087 856 hoc
1132 797 1430 857 nostrum
1473 793 1823 876 negotium.

469 879 592 945 Sed
655 879 734 945 ad
796 883 860 944 te
916 880 1171 945 brevior
1225 880 1356 945 iam
1402 880 1472 954 in
1525 880 1857 946 scribendo
1911 881 2150 966 incipio
2210 881 2349 946 fieri
2385 897 2417 945 2

332 967 654 1054 dubitans,
700 967 1024 1032 Romaene
1071 969 1159 1032 sis
1206 990 1289 1033 an
1334 967 1462 1033 iam
1497 969 1840 1053 profectuS.
1913 967 2097 1044 Quod
2132 973 2350 1034 tamen

335 1057 546 1141 quoad
611 1056 952 1141 ignorabo,
1018 1057 1293 1121 scribam
1361 1057 1606 1141 aliquid
1659 1058 1877 1141 potius
1933 1078 2127 1141 quam
2182 1080 2349 1123 com-

255 1173 307 1213 ιο
333 1146 609 1227 mittam,
656 1150 746 1228 ut,
791 1145 916 1209 tibi
962 1167 1106 1210 cum
1152 1145 1407 1230 possint
1451 1146 1631 1210 reddi
1677 1168 1715 1210 a
1758 1168 1861 1210 me
1899 1146 2174 1229 litterae,
2216 1167 2349 1210 non

335 1233 696 1299 reddantur.
787 1230 923 1299 Nec
967 1238 1183 1298 tamen
1229 1234 1359 1299 iam
1403 1234 1628 1318 habeo,
1680 1234 1851 1318 quod
1896 1237 2008 1298 aut
2053 1234 2345 1298 mandem

332 1323 454 1387 tibi
502 1326 615 1387 aut
659 1343 929 1386 narrem.
1003 1320 1305 1387 Mandavi
1355 1323 1596 1407 omnia3
1642 1344 1804 1407 quae
1843 1323 2099 1407 quidem
2135 1327 2229 1406 tu,
2276 1325 2348 1387 ut

332 1411 681 1495 polliceris,
743 1410 1094 1475 exhauries.
1194 1409 1519 1495 Narrabo,
1582 1432 1726 1476 cum
1792 1411 2032 1495 aliquid
2095 1410 2346 1475 habebo

330 1501 500 1565 novi.
574 1497 744 1564 Illud
790 1503 1003 1563 tamen
1040 1520 1170 1578 non
1206 1497 1509 1581 desinam,
1555 1498 1705 1564 dum
1742 1500 1960 1564 adesse
1998 1506 2052 1564 te
2087 1500 2348 1583 putab0,

254 1616 304 1657 ιε
332 1588 409 1653 de
465 1585 755 1653 Caesaris
817 1589 1076 1651 nomine
1140 1609 1369 1673 rogare
1441 1593 1515 1653 ut
1579 1588 1939 1653 confectum
2004 1588 2348 1672 relinquas.

330 1676 536 1741 Avide
608 1680 907 1760 exspecto
971 1681 1118 1740 tuas
1182 1675 1435 1740 litteras
1499 1680 1566 1741 et
1628 1676 1929 1760 maxime,
2000 1680 2075 1741 ut
2137 1677 2347 1740 norim

331 1771 585 1848 tempus
631 1764 1048 1849 profectionis
1091 1769 1259 1830 tuae.

1420 1904 1468 1970 I.

713 2009 828 2066 Sor.
864 2011 1093 2066 Tarenti
1131 2010 1302 2066 XIII
1323 1903 1567 2065 {Imm
1597 2028 1648 2065 a.
1682 2015 1791 2067 703
1831 2014 1967 2080 (51).

250 2131 302 2170 ao
968 2115 1223 2171 CICERO
1259 2114 1522 2172 ATTICO
1561 2114 1711 2171 SAL.

464 2205 716 2274 Cotidie
751 2206 855 2272 vel
890 2208 1111 2291 potius
1147 2208 1218 2272 in
1253 2207 1389 2272 dies
1429 2207 1716 2292 singulos
1746 2206 2070 2272 breviores
2097 2208 2348 2273 litteras

331 2297 410 2362 ad
456 2302 520 2361 te
556 2296 775 2379 mitt03
823 2296 1057 2360 cotidie
1086 2296 1255 2361 enim
1292 2296 1501 2380 magis
1540 2295 1831 2379 suspicor
1866 2299 1932 2361 te
1968 2297 2039 2360 in
2074 2295 2347 2380 Epirum

331 2386 456 2450 iam
522 2384 933 2469 profectum..
1000 2382 1124 2449 Sed
1179 2390 1421 2468 tamen,
1477 2387 1551 2448 ut
1606 2382 1971 2448 mandatum
2030 2385 2192 2449 scias
2249 2407 2348 2449 me

330 2495 611 2556 curasse,
668 2494 796 2556 quo
843 2472 920 2536 de
977 2477 1155 2557 ante,
1209 2473 1300 2537 ait
1357 2494 1423 2536 se
1477 2471 1821 2557 Pompeius
1877 2473 2108 2557 quinos
2165 2495 2348 2558 prae-

251 2591 301 2630 25
329 2564 531 2628 fectos
606 2560 966 2625 delaturum
1029 2582 1231 2625 novos
1298 2560 1647 2625 vacationis
1713 2561 2078 2625 iudiciariae
2141 2583 2346 2627 causa.

331 2651 475 2736 Ego
532 2671 678 2715 cum
735 2650 1019 2713 triduum
1072 2671 1217 2713 cum
1264 2646 1583 2733 Pompeio
1639 2654 1702 2713 et
1758 2649 1928 2733 apud
1971 2648 2347 2733 Pompeium

329 2740 612 2821 fuissem,
658 2737 1106 2822 proficiscebar
1142 2735 1557 2802 Brundisium
1603 2760 1657 2802 a.
1685 2737 1897 2801 d.x111
1932 2737 2075 2803 Kal.
2112 2735 2347 2804 Iunias,

331 2825 552 2893 Civem
608 2826 788 2891 illum
846 2826 1174 2911 egregium
1220 2825 1664 2909 relinquebam
1710 2831 1775 2890 et
1822 2825 1901 2890 ad
1943 2825 2124 2911 haec,
2185 2849 2346 2910 quae

332 2918 655 2999 timentur,
702 2913 1138 2999 propulsanda
1175 2914 1672 2997 paratissimum.
1746 2914 1916 2979 Tuas
1952 2914 2205 2980 litteras
2244 2937 2346 2980 ex-

250 3032 303 3071 ω
333 3002 663 3089 spectabo,
718 3024 862 3067 cum
909 3007 1010 3083 ut,
1064 3003 1220 3088 quid
1257 3023 1440 3088 agas,
1499 3006 1637 3066 tum
1683 3008 1769 3083 ut,
1816 3003 1930 3067 ubi
1977 3003 2085 3086 sis,
2133 3003 2346 3069 sciam.

549 3248 661 3305 Sor.
693 3247 972 3302 Bmmdisi
1006 3247 1107 3302 IV
1138 3141 1563 3302 “affl-Non·
1592 3248 1724 3302 Iun.
1751 3265 1805 3303 a.
1837 3250 1945 3303 703
1986 3251 2122 3317 (51).

965 3351 1220 3408 CICERO
1260 3350 1524 3407 ATTICO
1563 3350 1711 3408 SAL.

462 3445 565 3511 Me
610 3450 675 3510 et
721 3444 1121 3509 incommoda
1168 3443 1487 3527 valetudO,
1531 3464 1565 3509 e
1609 3466 1735 3529 qua
1780 3446 1909 3509 iam
1946 3466 2343 3528 emerseram,
2386 3464 2408 3509 ι

246 3561 298 3602 ³⁶
330 3539 556 3619 utpote
618 3555 764 3599 cum
823 3533 960 3598 sine
1014 3533 1181 3597 febri
1237 3533 1679 3617 laborassem,
1728 3538 1792 3597 et
1847 3532 2177 3615 Pomptini
2242 3555 2346 3596 ex-
