2642 3923
639 126 1156 183 EPISTULARUM
1197 129 1297 183 AD
1336 128 1660 185 ATTICUM
1695 130 1774 184 IV
1812 138 1896 198 14,
1936 136 2016 185 15.
2220 129 2344 192 119

319 274 440 356 est,
483 274 558 335 ut
601 292 732 336 non
776 272 977 337 libeat
1021 273 1318 356 cuiquam
1366 273 1544 358 dare,
1588 273 1714 337 nisi
1764 273 1840 338 de
1886 293 2014 357 quo
2062 271 2346 349 explora-

318 362 462 424 tum
509 359 596 423 sit
643 360 766 423 tibi
812 382 956 424 eum
1004 361 1416 426 redditurum.

454 445 645 511 Nunc
689 446 1012 512 Romanas
1061 471 1162 513 res
1211 450 1441 535 accipe.
1533 449 1608 514 A.
1648 450 1703 514 d.
1743 468 1847 514 1111
1891 449 2114 515 Nonas
2153 445 2346 523 Quin-
2380 465 2414 511 4

323 536 471 601 tiles
511 533 779 600 Sufenas
824 540 891 601 et
936 534 1098 601 Cato
1146 538 1456 623 absoluti,
1510 536 1827 603 Procilius
1873 537 2346 603 condemnatus,

264 650 292 689 5
324 624 423 688 Ex
495 645 622 707 quo
697 624 1093 689 intellectum
1169 630 1266 690 est
1339 630 1944 711 τριςαρειοπαγίτας
2015 624 2347 709 ambitum,

325 712 611 796 comitia,
656 711 1118 799 interregnum,
1164 714 1593 798 maiestatem,
1640 719 1849 778 totam
1894 714 2165 797 denique
2210 735 2345 776 rem

323 800 649 885 publicam
694 800 876 865 flocci
919 822 1052 866 non
1109 802 1343 887 facere,
1398 802 1718 867 debitores
1775 807 2022 886 patrem
2066 801 2344 872 familias

326 889 499 954 domi
545 909 698 953 suae
744 889 1024 954 occidere
1078 891 1276 969 nolle,
1332 912 1538 974 neque
1591 895 1806 955 tamen
1859 890 1925 954 id
1982 890 2196 974 ipsum
2240 888 2346 952 ab-

325 978 520 1061 unde3
599 999 751 1041 nam
816 976 1232 1043 absolverunt
1291 996 1440 1042 XXII
1454 1032 1473 1065 ,
1544 979 2044 1044 condemnarunt
2107 994 2345 1042 xxvm.

241 1091 296 1130 ιο
324 1065 595 1130 Publius
659 1086 811 1129 sane
883 1065 1124 1130 diserto
1199 1068 1454 1151 epilogo
1528 1068 1872 1131 criminans
1945 1087 2041 1131 me
2102 1069 2346 1129 mentes

327 1154 609 1218 iudicum
654 1159 1098 1218 commoverat.
1171 1152 1486 1219 Hortalus
1523 1156 1591 1219 in
1629 1177 1703 1219 ea
1744 1177 1934 1219 causa
1976 1154 2119 1238 fuit,
2165 1153 2345 1218 cuius

327 1242 499 1306 modi
572 1241 752 1306 solet.
863 1239 1003 1306 Nos
1069 1243 1335 1307 verbum
1398 1244 1677 1329 nullum,
1749 1244 1955 1307 verita
2017 1246 2114 1306 est
2179 1242 2349 1305 enim

326 1329 583 1414 pusilla,
628 1351 790 1415 quae
834 1351 1005 1394 nunc
1049 1330 1328 1415 laborat,
1385 1354 1466 1396 ne
1512 1332 1797 1396 animum
1839 1330 2029 1397 Publi
2078 1330 2348 1395 offende-
2408 1360 2411 1362 Α

326 1441 476 1483 rem.
551 1417 674 1482 His
721 1417 912 1482 rebus
958 1419 1120 1483 actis
1156 1418 1415 1484 Reatini
1460 1442 1565 1484 me
1610 1420 1690 1484 ad
1731 1442 1848 1484 sua
1892 1419 2111 1504 Τέμπη
2158 1419 2347 1482 duxe-
2382 1418 2412 1463 5

244 1532 298 1572 ιε
326 1511 498 1592 runt,
542 1511 617 1570 ut
653 1527 906 1591 agerem
943 1528 1197 1571 causam
1234 1511 1457 1572 contra
1491 1506 1959 1572 Interamnates
1997 1506 2166 1590 apud
2202 1527 2346 1570 con-

327 1595 533 1660 sulem
561 1598 626 1659 et
654 1594 869 1659 decem
908 1594 1178 1680 legatOS,
1224 1596 1396 1680 quod
1430 1596 1607 1660 lacus
1636 1596 1906 1661 Velinus
1936 1619 1988 1660 a.
2017 1594 2121 1660 M'.
2151 1593 2346 1659 Curio

327 1684 597 1749 emissus
634 1683 937 1747 interciso
975 1688 1192 1748 monte
1229 1685 1298 1748 in
1332 1684 1471 1748 Nar
1516 1684 1764 1769 defiuit3
1810 1706 1886 1747 ex
1934 1705 2061 1766 quo
2099 1687 2198 1747 est
2234 1683 2347 1746 illa

328 1773 565 1837 siccata
610 1774 675 1835 et
721 1771 936 1834 umida
973 1777 1188 1836 tamen
1229 1772 1473 1836 modice
1509 1771 1724 1836 Rosia.
1787 1771 1943 1836 Vixi
1979 1793 2121 1836 cum
2150 1770 2346 1855 Axi03

328 1861 440 1945 qui
486 1860 682 1924 etiam
724 1881 825 1923 me
871 1859 950 1923 ad
996 1857 1255 1943 Septem
1300 1882 1498 1943 aquas
1545 1860 1745 1925 duxit.

246 1975 301 2016 πο
461 1947 649 2013 Redii
693 1946 967 2013 Romam
1023 1947 1252 2013 Fontei
1306 1971 1498 2014 causa
1551 1972 1603 2013 a.
1651 1948 1707 2014 d.
1753 1966 1853 2013 vn
1896 1945 2049 2013 Idus
2096 1946 2345 2024 Quinct.
2382 1964 2414 2011 6

331 2037 497 2102 Veni
542 2040 899 2121 spectatum
958 2038 1239 2121 primum
1300 2059 1537 2122 magno
1596 2041 1662 2101 et
1720 2036 2040 2121 aequabili
2098 2036 2347 2119 plausu.

332 2125 455 2190 Sed
521 2125 645 2190 hoc
712 2146 792 2188 ne
860 2126 1120 2190 curaris.
1227 2125 1373 2211 Ego
1446 2127 1701 2209 ineptus
1710 2176 1728 2209 ,
1795 2126 1907 2209 qui
1968 2124 2347 2207 scripserim.

333 2213 574 2278 Deinde
604 2213 996 2296 Antiphonti
1045 2235 1319 2297 operam.
1393 2212 1459 2278 Is
1504 2219 1642 2279 erat
1688 2217 1837 2278 ante
1875 2235 2070 2277 manu
2113 2213 2348 2277 missus

332 2324 524 2386 quam
578 2301 945 2385 productus.
1036 2300 1137 2366 Ne
1184 2302 1426 2366 diutius
1480 2303 1783 2388 pendeas,
1835 2302 2114 2386 palmam
2169 2300 2350 2386 tulit3

250 2416 302 2456 85
333 2390 444 2455 sed
477 2389 646 2454 nihil
672 2394 809 2454 tam
846 2390 1173 2477 pusillum,
1216 2390 1382 2455 nihil
1418 2395 1553 2455 tam
1582 2389 1717 2454 sine
1743 2411 1915 2473 voce,
1948 2389 2116 2453 nihil
2141 2393 2277 2453 tam
2293 2388 2347 2454 ²⁸.

331 2479 574 2544 Verum
617 2478 774 2543 haec
818 2482 893 2542 tu
939 2482 1150 2543 tecum
1195 2478 1449 2543 habeto.
1537 2476 1617 2542 In
1644 2478 2090 2542 Andromacha
2134 2481 2349 2542 tamen

331 2568 535 2632 maior
580 2567 706 2630 fuit
766 2588 959 2649 quam
1009 2565 1369 2651 Astyanax,
1427 2567 1497 2631 in
1561 2567 1788 2632 ceteris
1847 2588 2065 2649 parem
2121 2566 2351 2631 habuit

330 2656 664 2720 neminem.
757 2654 1020 2731 Quaeris
1065 2676 1238 2720 nunc
1283 2656 1360 2719 de
1403 2653 1776 2719 Arbuscula.
1841 2654 2046 2719 Valde
2091 2653 2346 2737 placuit.

332 2744 497 2809 Ludi
542 2743 867 2828 magnifici
894 2748 960 2808 et
996 2744 1194 2828 grati3
1239 2745 1496 2808 venatio
1535 2744 1604 2807 in
1632 2743 1807 2807 aliud
1842 2747 2095 2826 tempus
2134 2742 2346 2807 dilata.

253 2857 307 2898 so
465 2831 742 2916 Sequere
812 2853 984 2896 nunc
1055 2853 1157 2896 me
1231 2831 1301 2897 in
1364 2853 1673 2915 campum.
1771 2829 1976 2895 Ardet
2048 2830 2350 2916 ambitus3
2388 2845 2418 2894 ’1

337 2920 533 3005 ’σῆμα
579 2919 660 2986 δέ
698 2944 800 2985 τοι
848 2919 1033 3005 ἐρέειν’
1124 2918 1372 2985 Faenus
1420 2942 1494 2983 ex
1540 2920 1775 2984 triente
1809 2917 2031 2984 Idibus
2069 2917 2350 2995 Quincti-

334 3010 504 3074 libus
548 3008 791 3073 factum
836 3013 973 3072 erat
1016 3008 1329 3073 bessibus,
1411 3006 1628 3073 Dices:
1678 3007 1877 3072 ‘Istuc
1921 3007 2176 3092 quidem
2219 3029 2351 3071 non

334 3097 603 3162 moleste
644 3097 824 3162 fero?
916 3095 969 3161 Ο
1016 3098 1256 3161 virum!
1303 3118 1341 3161 o
1389 3097 1615 3161 civem!
1705 3096 2079 3161 Memmium
2125 3094 2348 3160 Caesa-

334 3187 425 3250 ris
472 3207 691 3250 omnes
738 3206 891 3269 opes
938 3185 1335 3250 confirmant.
1411 3183 1574 3249 Cum
1619 3205 1693 3249 eo
1721 3183 2081 3249 Domitium
2127 3206 2351 3248 consu-

256 3300 307 3341 οε»
334 3275 426 3338 les
473 3275 839 3358 iunxerunt,
884 3294 1011 3358 qua
1054 3274 1378 3358 pactione,
1423 3273 1734 3356 epistulae
1779 3273 2177 3337 committere
2220 3293 2352 3336 non

335 3363 553 3428 audeo.
625 3361 970 3446 Pompeius
1016 3362 1252 3445 fremit,
1298 3362 1617 3446 queritur,
1664 3360 1900 3426 Scauro
1948 3361 2179 3445 studet,
2225 3359 2353 3444 sed,

332 3455 553 3516 utrum
606 3451 822 3516 fronte
880 3472 962 3516 an
1018 3454 1260 3532 mente,
1318 3450 1667 3514 dubitatur.
1754 3447 1992 3532 Ἐξοχὴ
2046 3448 2118 3512 in
2169 3446 2350 3511 nullo
