2642 3923
545 205 1060 261 EPISTULARUM
1097 207 1194 261 AD
1232 206 1560 262 ATTIOUM
1596 208 1725 261 XIV
1762 214 1989 262 20—22.
2145 209 2272 273 461

259 348 383 416 Sed
427 350 588 414 mihi
635 351 890 434 quidem
937 354 1275 436 βεβίωται;
1325 352 1598 416 viderint
1644 353 1918 416 iuvenes,
1993 352 2093 417 Τιι
2136 375 2278 416 mea

257 439 529 523 curabiS,
574 443 649 503 ut
695 461 896 503 curas,

391 524 567 591 Haec
628 528 852 610 scripsi
919 549 1030 591 seu
1088 528 1324 592 dictavi
1380 529 1677 612 apposita
1734 529 2009 593 secunda
2061 551 2280 593 mensa
2315 548 2349 595 4

260 616 428 699 apud
480 615 870 680 Vestorium.
962 615 1285 681 Postridie
1341 617 1509 700 apud
1569 616 1859 681 Hirtium
1914 617 2276 702 cogitabam

210 729 234 770 s
260 709 323 768 et
384 704 639 787 quidem
704 703 1153 770 πεντέλοιπον.
1258 703 1364 769 Sic
1419 705 1748 769 hominem
1810 706 2138 769 traducere
2199 706 2280 769 ad

263 796 625 876 optumates
689 815 863 877 paro
949 797 1170 878 Λῆρος
1232 794 1461 870 πολύς.
1550 792 1758 858 Nemo
1823 797 1922 857 est
1984 794 2279 879 istorum,

262 881 373 964 qui
420 881 627 945 otium
671 902 803 945 non
839 882 1080 946 timeat.
1156 881 1365 957 Quare
1401 882 1632 946 talaria
1668 882 2014 946 videamus,
2088 881 2278 957 Quid-

259 969 359 1033 vis
406 970 575 1033 enim
622 970 837 1052 potius
885 992 1078 1054 quam
1124 975 1351 1034 castra.

394 1056 651 1121 Atticae
707 1058 979 1122 salutem
1036 1058 1379 1141 plurimam
1436 1058 1627 1122 velim
1676 1058 1864 1123 dicas.
1956 1058 2278 1141 Exspecto

186 1172 238 1210 ιο
266 1143 491 1210 Octavi
538 1147 900 1210 contionem
936 1150 1001 1210 et
1049 1147 1105 1210 si
1152 1148 1306 1230 quid
1353 1147 1543 1230 aliud,
1588 1148 1864 1210 maxime
1911 1151 2142 1231 autem,
2187 1169 2279 1211 ec-

264 1233 416 1318 quid
463 1233 801 1299 Dolabella
846 1235 1084 1298 tinniat
1131 1258 1213 1299 an
1258 1237 1328 1300 in
1373 1257 1516 1300 meo
1562 1236 1822 1299 nomine
1876 1235 2132 1300 tabulas
2167 1257 2281 1300 no-

260 1345 371 1387 vas
417 1323 656 1388 fecerit.

1166 1498 1370 1564 XXII.

554 1619 668 1674 Ser.
705 1621 769 1673 in
805 1619 1109 1674 Puteolano
1140 1622 1288 1689 prid.
1318 1622 1408 1675 Id.
1439 1621 1584 1676 Mai.
1615 1638 1665 1674 a.
1700 1624 1810 1676 710
1846 1625 1984 1690 (44).

182 1752 234 1794 15
957 1742 1246 1801 CICERO
1279 1743 1584 1798 ATTICO.

402 1849 652 1916 Certior
706 1873 744 1916 a
788 1849 954 1915 Pilia
1007 1852 1215 1915 factus
1269 1851 1448 1914 mitti
1500 1852 1579 1914 ad
1632 1855 1697 1916 te
1751 1850 1974 1916 Idibus
2017 1851 2282 1916 tabella-

264 1939 397 2004 rios
454 1940 675 2004 statim
728 1940 852 2005 hoc
903 1940 1120 2005 nescio
1178 1940 1334 2020 quid
1378 1941 1652 2005 exaravi.
1742 1939 2029 2005 Primum
2077 1941 2278 2026 igitur

266 2029 427 2092 scire
472 2033 538 2093 te
582 2030 760 2093 volui
804 2051 906 2093 me
951 2029 1100 2093 hinc
1140 2026 1464 2112 Arpinum
1510 2048 1606 2093 xv
1608 2047 1634 2093 1
1679 2028 1943 2093 Kalend.
1973 2028 2112 2094 Iun.
2176 2029 2277 2093 Eo

264 2117 469 2202 igitur
525 2118 775 2204 mittes,
839 2118 895 2181 si
960 2117 1113 2201 quid
1167 2139 1235 2180 er
1237 2121 1290 2181 it
1344 2117 1638 2202 posthac3
1703 2139 2088 2202 quamquam
2141 2118 2279 2202 ipse

183 2232 237 2272 »ο
264 2206 393 2270 iam
456 2206 709 2288 iamque
773 2206 979 2270 adero.
1075 2204 1278 2288 Cupio
1343 2206 1544 2290 enim,
1608 2210 1950 2289 antequam
2003 2205 2278 2270 Romam

263 2316 452 2358 venio
462 2344 480 2378 ,
537 2294 789 2359 odorari
845 2294 1245 2380 diligentius,
1300 2294 1456 2377 quid
1516 2296 1806 2358 futurum
1856 2295 1957 2358 sit
2051 2293 2280 2370 Quam-

266 2404 459 2466 quam
517 2404 765 2466 vereor,
828 2404 911 2447 ne
972 2382 1138 2446 nihil
1202 2382 1566 2447 coniectura
1619 2383 1920 2447 aberrem.
2011 2381 2279 2447 Minime

266 2472 435 2535 enim
491 2434 835 2535 obscuriim
896 2474 1019 2554 est,
1080 2471 1236 2554 quid
1288 2471 1402 2535 isti
1455 2472 1831 2555 moliantur3
1892 2492 2073 2535 meus
2125 2493 2277 2536 vero

266 2558 635 2645 discipulus,
682 2560 794 2643 qui
831 2559 1023 2623 hodie
1060 2559 1225 2643 apud
1264 2581 1368 2622 me
1404 2565 1604 2642 cenat,
1650 2559 1833 2623 valde
1871 2563 2042 2623 amat
2077 2559 2280 2645 illum,

183 2674 236 2714 25
268 2670 457 2731 quem
510 2647 753 2711 Brutus
817 2652 1037 2711 noster
1098 2647 1423 2711 sauciavit.
1513 2647 1628 2732 Et,
1694 2648 1751 2711 si
1806 2648 2059 2731 quaeris
2114 2646 2278 2731 (per-

266 2736 447 2818 spexi
510 2736 679 2800 enim
740 2734 985 2822 plane),
1056 2736 1286 2799 timent
1353 2735 1587 2820 otium3
1660 2737 1991 2800 ὑπόθεσιν
2064 2741 2278 2800 autem

264 2823 430 2887 hanc
464 2823 705 2888 habent
742 2846 1005 2908 eamque
1041 2846 1194 2908 prae
1232 2846 1298 2887 se
1337 2825 1570 2909 ferunt,
1614 2824 2038 2888 clarissimum
2074 2826 2279 2889 virum

266 2912 691 2998 interfectum,
734 2917 942 2977 totam
970 2934 1115 2975 rem
1152 2912 1476 2995 publicam
1512 2913 1687 2977 illius
1724 2912 1997 2977 interitu
2034 2918 2280 2995 pertur-

266 3000 501 3084 batam,
546 3001 742 3065 inrita
786 3002 942 3085 fore,
997 3022 1159 3083 quae
1204 3001 1312 3063 ille
1360 3001 1614 3084 egisset,
1662 3001 1854 3065 simul
1900 3023 1973 3065 ac
2020 3001 2279 3065 desiste-

182 3117 239 3156 30
266 3110 479 3152 remus
517 3089 770 3172 timere3
816 3090 1217 3154 clementiam
1253 3089 1350 3152 illi
1386 3090 1557 3154 malo
1594 3090 1818 3175 fuisse3
1865 3111 1993 3172 qua
2030 3089 2086 3152 si
2123 3112 2278 3153 usus

264 3198 398 3241 non
441 3180 628 3263 esset,
670 3176 836 3241 nihil
880 3178 940 3241 ei
983 3178 1112 3240 tale
1158 3176 1438 3242 accidere
1472 3178 1780 3262 potuisse.
1861 3177 2025 3241 Mihi
2064 3181 2279 3241 autem

262 3265 440 3330 venit
484 3265 554 3329 in
597 3269 895 3350 mentem,
940 3266 996 3328 si
1031 3264 1374 3349 Pompeius
1419 3287 1565 3331 cum
1612 3266 1894 3330 exercitu
1940 3266 2126 3328 firmo
2173 3287 2279 3328 ve-

262 3354 419 3437 niat,
476 3353 647 3437 quod
694 3358 792 3418 est
839 3356 1149 3436 εὔλογον,
1206 3358 1376 3417 certe
1420 3354 1560 3418 fore
1605 3355 1862 3418 bellum.
1954 3352 2130 3418 Haec
2174 3375 2279 3417 me

265 3444 505 3527 species
544 3442 978 3526 cogitatioque
1015 3442 1368 3524 perturbat.
1441 3441 1668 3526 Neque
1706 3442 1875 3505 enim
1913 3441 2059 3521 iam,
2108 3442 2280 3523 quod

182 3557 236 3599 ³5
265 3531 390 3595 tibi
437 3535 584 3595 ,tum
637 3531 849 3616 licuit,
903 3530 1091 3594 nobis
1136 3551 1306 3596 nunc
1350 3530 1585 3594 licebit.
1675 3528 1845 3593 Nam
1891 3533 2108 3611 aperte
2153 3529 2280 3592 lae-
