2642 3923
282 812 315 861 3

285 1165 319 1213 4

288 1429 319 1477 ὅ

293 2224 324 2273 6

301 3370 323 3418 1

360 213 487 277 146
1007 211 1079 265 M.
1119 210 1213 266 TU
1216 211 1332 266 LLI
1367 209 1743 267 CICERONIS

355 355 684 440 provincia
727 375 848 420 nos
894 356 1202 440 gerimuS,
1260 354 1434 438 quod
1479 355 1560 419 ad
1614 354 2071 420 abstinentiam
2118 354 2369 439 attinet,

355 448 430 509 ut
464 443 682 507 nullus
729 444 1088 507 terruncius
1149 443 1512 507 insumatur
1564 442 1633 506 in
1681 464 2083 527 quemquam.
2171 439 2249 507 Id
2291 443 2368 507 fit

356 532 548 596 etiam
578 536 643 596 et
678 530 1040 615 legatorum
1077 535 1143 595 et
1178 529 1588 595 tribunorum
1626 535 1690 595 et
1725 530 2193 614 praefectorum
2232 531 2368 594 dili·

357 620 599 705 gentia3
657 641 807 683 nam
867 640 1086 684 omnes
1144 619 1412 682 mirifice
1466 619 2073 703 συμφιλοδοξοῦσιν
2125 619 2369 704 gloriae

354 729 544 772 meae.
627 706 830 790 Lepta
873 711 1094 772 noster
1138 707 1447 771 mirificus
1494 712 1608 772 est.
1692 704 1814 771 Sed
1859 728 2029 772 nunc
2074 727 2366 792 propero.
2425 734 2453 773 s

353 795 748 861 Perscribam
797 794 876 859 a'd
920 800 985 859 te
1031 796 1252 879 paucis
1290 795 1513 859 diebus
1554 795 1783 859 omnia.
1875 793 2213 861 Cicerones
2256 816 2367 860 no-

356 888 524 949 stros
563 883 905 948 Deiotarus
947 884 1138 967 filius,
1183 883 1296 967 qui
1331 904 1443 947 rex
1477 883 1556 948 ab
1595 887 1818 948 senatu
1857 883 2215 967 appellatus
2252 888 2368 968 est,

355 993 569 1037 secum
605 973 675 1036 in
706 991 992 1057 regnum.
1052 969 1225 1036 Dum
1267 972 1338 1034 in
1374 971 1633 1035 aestivis
1670 993 1789 1035 nos
1836 993 2138 1057 essemus,
2181 971 2369 1036 illum

357 1061 572 1144 pueris
617 1060 830 1124 locum
876 1081 1015 1124 esse
1060 1058 1486 1125 bellissimum
1532 1059 1845 1124 duximus.

492 1146 737 1213 Sestius
785 1148 865 1213 ad
910 1169 1010 1212 me
1057 1148 1340 1230 scripsit,
1399 1168 1561 1231 quae
1619 1152 1831 1213 tecum
1890 1152 2060 1212 esset
2106 1148 2181 1213 de
2227 1169 2368 1213 mea
2397 1174 2452 1213 10

357 1236 709 1302 domestica
753 1241 819 1300 et
862 1236 1142 1301 maxima
1186 1257 1339 1300 cura
1383 1234 1664 1319 locutus,
1719 1240 1785 1301 et
1829 1235 1987 1320 quid
2032 1236 2155 1301 tibi
2202 1241 2368 1301 esset

357 1325 582 1389 visum.
673 1323 924 1389 Amabo
985 1327 1076 1407 te,
1136 1323 1433 1388 incumbe
1495 1323 1564 1388 in
1624 1346 1762 1389 eam
1819 1345 1955 1389 rem
2015 1327 2081 1388 et
2135 1323 2215 1388 ad
2269 1346 2370 1389 me

358 1412 593 1498 scribe,
653 1412 805 1496 quid
859 1416 935 1476 et*
977 1412 1210 1496 possit,
1269 1416 1335 1477 et
1387 1415 1462 1476 tu
1516 1433 1787 1477 censeas.
1878 1410 2053 1477 Idem
2111 1413 2369 1495 scripsit

357 1500 775 1565 Hortensium
844 1501 920 1565 de
983 1499 1387 1584 proroganda
1453 1505 1678 1565 nostra
1741 1500 2070 1584 provincia
2133 1501 2369 1565 dixisse

355 1590 568 1655 nescio
625 1589 794 1673 quid.
897 1587 1060 1653 Mihi
1112 1589 1184 1653 in
1237 1585 1526 1653 Cumano
1582 1588 2071 1674 diligentissime
2138 1610 2230 1673 se,
2294 1593 2370 1653 ut
2399 1614 2452 1654 15

357 1679 553 1742 annui
617 1698 929 1763 essemus,
994 1667 1401 1742 defensurum
1456 1680 1793 1761 receperat.
1895 1673 1964 1741 Si
2028 1678 2369 1761 quicquam

357 1787 460 1830 me
505 1787 707 1851 amas,
749 1764 920 1830 bunc
961 1765 1174 1830 locum
1218 1765 1416 1829 muni
1508 1762 1650 1829 Dici
1698 1786 1830 1829 non
1874 1769 2118 1850 potest,
2177 1786 2368 1850 quam

360 1854 601 1919 invitus
648 1877 685 1918 a
721 1853 903 1919 vobis
949 1853 1181 1934 absim3
1229 1856 1293 1917 et
1341 1852 1534 1917 simul
1574 1853 1737 1918 hanc
1772 1852 2045 1955 gloriam
2081 1852 2369 1918 iustitiae

360 1947 426 2009 et
462 1941 886 2008 abstinentiae
922 1941 1056 2007 fore
1101 1940 1542 2006 inlustriorem
1582 1963 1787 2026 spero,
1835 1941 1890 2006 si
1926 1941 2055 2007 cito
2095 1941 2369 2007 decesse-

360 2033 589 2115 rimus,
643 2031 710 2095 id
766 2030 939 2115 quod
993 2028 1332 2095 Scaevolae
1385 2030 1686 2115 contigit,
1742 2030 1854 2114 qui
1912 2030 2086 2095 solos
2139 2051 2370 2095 novem
2398 2055 2454 2095 zo

365 2141 615 2185 menses
662 2119 856 2183 Asiae
900 2118 1193 2202 praefuit.

494 2207 746 2292 Appius
790 2211 1036 2289 noster,
1091 2227 1235 2270 cum
1281 2226 1383 2269 me
1429 2205 1768 2270 adventare
1814 2205 2085 2285 videret,
2132 2206 2372 2290 profec-

362 2299 470 2360 tus
515 2299 613 2359 est
657 2294 928 2359 Tarsum
971 2315 1175 2378 usque
1221 2292 1547 2359 Laodicea.
1622 2293 1720 2358 Ibi
1767 2294 1980 2358 forum
2027 2294 2181 2379 agit,
2227 2315 2370 2358 cum

364 2403 483 2468 ego
531 2384 654 2447 sim
699 2384 768 2447 in
811 2382 1152 2467 provincia
1228 2381 1432 2458 Quam
1479 2383 1616 2445 eius
1661 2381 1963 2446 iniuriam
1998 2403 2129 2445 non
2175 2382 2371 2447 insec-

364 2475 483 2536 tor.
575 2469 747 2536 Satis
793 2472 963 2534 enim
1007 2469 1211 2535 habeo
1247 2470 1496 2555 negotii
1538 2470 1608 2533 in
1646 2469 1944 2535 sanandis
1982 2469 2373 2555 vulneribus,
2400 2495 2452 2535 25

367 2582 528 2644 quae
574 2564 725 2624 sunt
778 2559 1084 2642 imposita
1141 2558 1531 2643 provinciae3
1596 2558 1769 2643 quod
1833 2558 1913 2622 do
1978 2580 2237 2641 operam
2300 2563 2374 2622 ut

365 2649 594 2713 faciam
641 2669 830 2732 quam
876 2648 1143 2711 minima
1188 2667 1333 2710 cum
1379 2645 1553 2711 illius
1591 2644 1993 2710 contumelia.
2084 2643 2209 2711 Sed
2251 2645 2374 2710 hoc

364 2736 569 2801 Bruto
614 2740 838 2800 nostro
885 2735 1078 2799 velim
1123 2735 1313 2818 dicas,
1358 2734 1543 2798 illum
1588 2734 1814 2798 fecisse
1857 2755 1990 2798 non
2033 2734 2217 2818 belle,
2262 2734 2373 2818 qui

366 2825 644 2890 adventu
687 2845 857 2909 meo,
904 2845 1096 2908 quam
1140 2823 1518 2907 longissime
1565 2823 1863 2909 potuerit,
1909 2821 2285 2887 discesserit.

1255 2995 1493 3063 XVIII.
2402 3024 2454 3064 so

364 3121 477 3178 Ser.
507 3122 571 3175 in
605 3121 800 3176 castris
836 3120 911 3174 ad
950 3119 1201 3190 Cybistra
1233 3118 1613 3188 Cappadociae
1642 3119 1745 3173 XI
1764 3118 1838 3174 K.
1874 3117 1984 3174 Oct.
2016 3136 2067 3174 a.
2102 3122 2209 3174 703
2239 3121 2375 3187 (51).

1002 3240 1258 3298 CICERO
1295 3239 1557 3296 ATTICO
1599 3241 1745 3296 SAL.

499 3349 702 3426 Quam
747 3350 975 3414 vellem
1010 3350 1255 3416 Romae
1301 3371 1490 3433 esses,
1538 3350 1594 3414 si
1639 3350 1805 3415 forte
1849 3372 1981 3415 non
2027 3352 2121 3414 es!
2194 3347 2378 3414 Nihil

369 3440 539 3503 enim
584 3439 739 3502 certi
786 3437 1179 3503 habebamus
1223 3439 1353 3502 nisi
1408 3438 1726 3522 accepisse
1768 3459 1891 3502 nos
1936 3443 2081 3502 tuas
2125 3437 2377 3502 litteras

366 3548 418 3590 a.
467 3527 522 3590 d.
570 3543 723 3590 xlm
769 3525 910 3590 Kal.
952 3523 1170 3590 Sextil.
1214 3526 1415 3609 datas,
1462 3527 1530 3590 in
1575 3526 1808 3610 quibus
1857 3526 2167 3609 scriptum
2214 3531 2379 3591 esset
2406 3553 2457 3593 35
