2642 3923
247 365 279 413 ὅ

317 207 451 271 494
956 206 1030 260 Μ.
1071 205 1284 261 TULLI
1321 204 1700 261 CICERONIS

441 348 538 415 De
602 352 745 413 cci
813 348 1072 432 optime.
1181 346 1508 413 Ciceronis
1572 349 1857 413 rationes
1922 348 2340 431 explicentur.

319 435 518 502 Ovius
566 438 735 501 enim
779 459 1015 502 recens.
1106 435 1172 501 Is
1217 437 1453 521 multa,
1509 457 1672 519 quae
1715 437 1967 521 vellem,
2020 436 2091 500 in
2132 436 2213 499 iis
2259 458 2344 501 ne

253 602 259 608 ⁶
315 526 438 591 hoc
477 526 733 611 quidem
768 526 1008 589 malum
1043 525 1170 608 †in
1205 524 1523 589 mandatis
1564 529 1666 588 sat
1702 525 1955 589 abunde
1990 522 2102 587 HS
2140 527 2344 589 'siin

319 614 476 679 satis
523 636 681 700 esse,
727 613 992 678 adfatim
1040 635 1325 698 prorsuS,
1371 613 1485 677 sed
1520 612 1853 677 Xenonem
1892 614 2235 698 perexiguo
2273 617 2340 676 et

317 706 642 788 γλίσχρως
686 703 989 785 praebere
1038 702 1133 786 [id
1179 707 1278 765 est
1321 702 1738 783 minutatim}
1823 700 1962 777 Quo
2008 701 2154 783 plus
2201 723 2340 785 per·
2401 729 2432 768 5

317 791 586 855 mutasti
653 812 843 874 quam
909 791 989 854 ad
1050 791 1333 854 fructum
1395 789 1779 872 insularum,
1843 790 1909 853 id
1966 790 2078 853 ille
2131 812 2337 853 annus

316 879 552 943 habeat
559 929 577 963 ,
640 879 711 943 in
764 900 954 962 quem
1007 878 1260 943 itineris
1317 882 1616 962 sumptus
1672 878 1953 942 accessit.
2043 877 2213 941 Hinc
2260 900 2338 942 ex

318 968 461 1031 Kal.
511 966 667 1051 Apr.
722 966 801 1030 ad
865 964 976 1030 HS
1042 984 1234 1031 Lxxx
1297 966 1828 1030 accommodetur.
1919 963 2108 1030 Nunc
2167 968 2339 1029 enim

316 1056 566 1120 insulae
610 1059 883 1120 tantum.
973 1053 1336 1120 Videndum
1385 1054 1554 1119 enim
1600 1058 1726 1141 est,
1778 1054 1962 1139 quid,
2020 1076 2165 1119 cum
2210 1053 2337 1118 Ro-

318 1165 458 1208 mae
521 1144 660 1208 erit.
765 1141 918 1208 Non
981 1144 1151 1208 enim
1210 1147 1372 1227 puto
1437 1164 1690 1208 socrum
1752 1143 1931 1206 illam
1993 1143 2338 1207 ferendam.
2369 1170 2429 1209 ιο

316 1232 594 1296 Pindaro
643 1233 722 1296 de
767 1229 1055 1296 Cumano
1099 1253 1422 1316 negaram.
1512 1229 1728 1314 Nunc,
1782 1231 1964 1294 cuius
2008 1231 2102 1295 rei
2147 1253 2341 1295 causa

318 1321 724 1385 tabellarium
770 1320 1070 1404 miserim,
1118 1321 1346 1403 accipe.
1422 1317 1700 1395 Quintus
1745 1319 1918 1383 filius
1954 1319 2117 1383 miln·
2152 1320 2340 1403 polli-

318 1414 496 1473 cetur
558 1430 625 1472 se
674 1407 1000 1473 Catonem.
1089 1408 1251 1493 Egit
1296 1412 1513 1471 autem
1558 1411 1624 1472 et
1668 1412 1851 1491 pater
1897 1411 1961 1472 et
2007 1407 2209 1492 filius,
2264 1412 2342 1471 ut

195 1506 204 1515 '
316 1497 441 1561 tibi
496 1496 901 1581 sponderem,
964 1496 1074 1561 sed
1132 1497 1251 1581 ita,
1306 1500 1380 1560 ut
1436 1499 1576 1559 tum
1632 1495 1915 1561 crederes
1927 1548 1945 1582 ,
1999 1517 2144 1560 cum
2198 1498 2342 1579 ipse

317 1606 678 1670 cognosseS.
771 1583 941 1648 Huic
1003 1605 1123 1670 ego
1187 1585 1441 1649 litteras
1504 1585 1709 1668 ipsius
1774 1584 2092 1649 arbitratu
2151 1583 2339 1648 dabo,
2368 1611 2424 1651 15

317 1673 452 1737 Eae
507 1677 574 1738 te
616 1694 700 1737 ne
741 1673 1078 1737 moverint.
1168 1672 1306 1737 Has
1354 1673 1583 1756 scripsi
1625 1673 1696 1736 in
1742 1694 1880 1736 eam
1927 1677 2202 1758 partem,
2255 1694 2340 1736 ne

315 1784 421 1827 me
463 1766 715 1826 motum
761 1764 1037 1845 putares.
1111 1760 1198 1825 Di
1243 1761 1469 1844 faxint,
1514 1765 1589 1824 ut
1626 1761 1819 1824 faciat
1858 1783 1949 1844 ea,
1995 1781 2156 1844 quae
2194 1783 2341 1844 pro·

317 1851 548 1915 mittit!
625 1848 979 1916 Commune
1033 1850 1203 1915 enim
1258 1849 1580 1935 gaudium.
1674 1847 1799 1913 Sed
1854 1870 1972 1933 ego
2031 1886 2115 1895 —
2170 1849 2340 1913 m‘hil

321 1939 460 2003 dico
522 1939 813 2024 amplius.
904 1936 970 2003 Is
1032 1938 1184 2003 hinc
1246 1955 1347 2002 VII
1400 1937 1569 2003 Idus.
1661 1937 1776 2002 Ait
1832 1938 2002 2003 enim
2058 1937 2339 2002 attribu-

318 2029 564 2093 tionem
610 2028 678 2091 in
722 2025 895 2112 Idus,
939 2048 1008 2092 se
1053 2032 1269 2092 autem
1314 2027 1530 2111 urgeri
1576 2027 1822 2092 acriter.
1910 2026 2009 2090 Tu
2054 2048 2131 2090 ex
2176 2026 2335 2089 meis
2366 2052 2424 2091 20

318 2116 576 2201 litteris,
613 2137 741 2199 quo
778 2116 969 2181 modo
1006 2116 1410 2199 respondeas,
1446 2115 1870 2180 moderabere.
1943 2113 2156 2199 Plura,
2191 2136 2339 2179 cum

320 2209 387 2268 et
429 2204 706 2269 Brutum
751 2204 969 2269 videro
1017 2208 1081 2267 et
1125 2203 1395 2268 Erotem
1441 2204 1782 2268 remittam.
1857 2202 2114 2267 Atticae
2159 2225 2341 2267 meae

318 2293 794 2445 {xcusatiplnem
857 2292 1098 2376 accipio
1155 2314 1422 2375 eamque
1476 2314 1620 2357 amo
1676 2291 2051 2376 plurimum3
2114 2292 2217 2356 cui
2273 2296 2342 2355 et

370 2381 518 2445 iliae
564 2403 594 2444 s
662 2385 851 2445 utem.

1282 2519 1364 2585 Π.

615 2623 727 2679 Ser.
757 2626 821 2678 in
858 2625 1162 2680 Puteozam
1206 2624 1260 2678 V
1289 2624 1429 2678 Idus
1459 2623 1645 2693 Quint.
1674 2643 1724 2679 a.
1759 2628 1866 2680 710
1905 2627 2040 2693 (44).
2368 2547 2424 2587 ²⁵
2505 2590 2514 2598 ’

928 2729 1216 2785 CICERO
1252 2729 1543 2785 ATTICO
1579 2730 1742 2784 SAL.

454 2839 528 2884 VI
572 2820 724 2885 Idus
770 2821 927 2885 duas
974 2822 1282 2906 epistulas
1331 2820 1569 2905 accepi,
1628 2843 1823 2884 unam
1870 2842 1908 2884 a
1950 2841 2093 2884 meo
2140 2820 2344 2884 tabel-

319 2909 505 2994 lario,
550 2909 819 2973 alteram
863 2931 906 2975 a
949 2909 1155 2974 Bruti.
1229 2908 1329 2974 De
1373 2908 1738 2973 Buthrotiis
1774 2909 1968 2994 longe
2005 2909 2132 2973 alia
2166 2910 2343 2973 fama

321 2998 392 3061 in
435 2996 538 3061 his
584 2997 742 3062 locis
783 2999 1010 3083 fuerat,
1057 2998 1169 3064 sed
1205 3020 1348 3062 cum
1387 2997 1530 3061 aliis
1567 2996 1792 3061 multis
1828 2996 1953 3061 hoc
1988 2996 2342 3061 ferendum.
2370 3025 2427 3064 ω

321 3086 591 3150 Erotem
627 3086 846 3151 remisi
883 3087 1093 3171 citius,
1140 3108 1334 3171 quam
1369 3085 1850 3168 constitueram,
1886 3089 1962 3150 ut
2000 3089 2188 3169 esset,
2229 3085 2343 3168 qui

323 3174 674 3239 Hortensio
741 3178 806 3238 et
868 3176 914 3258 ’1-
952 3175 1103 3258 quia
1157 3196 1192 3238 e
1246 3174 1482 3258 quibus
1539 3173 1795 3257 quidem
1848 3174 1940 3238 ait
1996 3195 2064 3238 se
2115 3171 2342 3238 Idibus

323 3262 751 3328 constituisse.
826 3262 1214 3327 Hortensius
1260 3283 1413 3326 vero
1457 3262 1876 3345 impudenter.
1948 3259 2134 3325 Nihil
2171 3261 2344 3325 enim

324 3349 591 3414 debetur
637 3350 696 3415 ei
739 3350 867 3414 nisi
914 3373 991 3415 ex
1028 3352 1224 3415 tertia
1257 3350 1584 3435 pensione,
1630 3370 1793 3433 quae
1829 3354 1929 3414 est
1964 3350 2106 3413 Kal.
2139 3348 2342 3436 Sext.;

325 3459 400 3500 ex
467 3459 595 3520 qua
656 3439 961 3521 pensione
1025 3440 1165 3522 ipsa
1217 3440 1423 3503 maior
1478 3459 1627 3522 pars
1684 3443 1782 3503 est
1838 3438 1897 3504 ei
1955 3439 2170 3503 soluta
2229 3438 2343 3502 ali-
2370 3465 2425 3505 ss

326 3529 566 3606 quanto
614 3529 761 3589 ante
807 3527 989 3591 diem.
1084 3525 1207 3591 Sed
1250 3527 1408 3591 haec
1452 3526 1620 3592 Eros
1666 3527 1911 3591 videbit
1954 3526 2195 3590 Idibus.
