2642 3923
598 198 1111 253 EPISTULARUM
1146 199 1247 252 AD
1284 197 1611 253 ATTICUM
1650 199 1696 252 X
1739 204 1821 267 11,
1863 207 1944 254 12.
2158 164 2287 263 313

271 343 447 408 tam?
521 341 687 419 Quid
731 343 892 407 mihi
931 342 1128 406 animi
1163 343 1234 406 in
1267 342 1630 427 navigando
1670 363 1887 407 censes
1924 343 2106 407 fore?
2168 342 2288 407 Re-

272 432 497 496 cordor
534 433 721 516 enim,
749 436 991 495 aestate
1029 453 1172 496 cum
1210 432 1343 495 illis
1382 431 1495 495 illo
1535 430 1936 495 Rhodiorum
1975 431 2285 518 ἀφράκτῳ

269 522 583 605 navigans
641 543 832 603 quam
888 520 1120 583 fuerim
1176 520 1521 604 sollicitus3
1587 520 1741 603 quid
1795 520 1953 584 duro
2001 525 2288 604 tempore

272 610 421 673 anni
469 608 818 672 actuariola
864 609 1001 672 fore
1047 609 1308 672 censes?
1375 606 1428 671 O
1474 630 1609 671 rem
1646 608 1926 709 undique
1962 609 2286 672 miseram!

222 723 244 762 5
404 697 743 761 Trebatius
800 702 936 761 erat
991 719 1265 779 mecum,
1319 697 1419 760 vir
1478 696 1665 780 plane
1721 701 1787 760 et
1842 698 1999 761 civis
2059 698 2286 761 bonuS.

272 785 444 862 Quae
506 786 616 849 ille
680 789 988 871 monstra,
1051 786 1115 848 di
1178 748 1600 849 inimortales!
1681 784 1981 849 Etiamne
2045 785 2287 850 Balbus

270 875 339 938 in
386 878 679 938 senatum
726 873 939 938 venire
986 874 1270 958 cogitet?
1339 872 1463 937 Sed
1509 874 1565 936 ei
1613 873 1739 957 ipsi
1784 895 1922 938 cras
1968 874 2045 937 ad
2082 878 2148 937 te
2184 874 2287 938 lit-

271 968 439 1026 teras
496 962 678 1027 dabo·
769 961 1145 1026 Vettienum
1199 962 1359 1025 mihi
1407 962 1708 1045 amicum,
1763 966 1837 1025 ut
1885 962 2141 1047 scribis,
2196 963 2288 1026 ita
2325 980 2356 1026 5

270 1056 428 1135 puto
476 1072 631 1116 esse.
722 1047 885 1115 Cum
930 1072 1025 1136 e0,
1070 1051 1242 1134 quod
1287 1050 1631 1135 ἀποτόμως
1676 1051 1755 1115 ad
1797 1073 1899 1114 me
1947 1051 2289 1134 scripserat

206 1167 253 1206 ιο
280 1141 355 1203 de
408 1140 691 1204 nummis
746 1139 1041 1204 curandis
1050 1192 1068 1224 ,
1123 1140 1584 1223 θυμικώτερον
1638 1161 1810 1202 eram
1868 1139 2130 1203 iocatus,
2213 1137 2285 1203 Id

270 1232 363 1312 tu,
392 1228 447 1292 si
484 1228 594 1292 ille
632 1228 818 1291 aliter
855 1228 1166 1310 acceperit
1205 1249 1277 1291 ac
1315 1226 1555 1312 debuit,
1582 1227 1798 1292 lenies.
1859 1226 2286 1292 ‘MONETALI'

271 1320 485 1381 autem
546 1316 883 1399 adscripsi,
946 1316 1118 1399 quod
1182 1316 1290 1379 ille
1352 1316 1431 1379 ad
1489 1337 1591 1380 me
1648 1316 1808 1381 ‘PRO
1868 1316 2054 1382 COS.’.
2148 1314 2289 1402 Sed,

272 1404 576 1489 quoniam
623 1409 720 1469 est
765 1405 958 1468 homo
1006 1408 1070 1468 et
1114 1425 1233 1467 nos
1281 1404 1515 1489 diligit,
1560 1405 1699 1488 ipse
1736 1426 1989 1488 quoque
2027 1428 2064 1469 a
2099 1405 2287 1469 nobis

272 1495 597 1579 diligatur.
688 1490 866 1557 Vale.

191 1697 241 1738 15
1211 1667 1355 1733 ΧΠ.

585 1790 697 1845 Ser.
725 1792 789 1843 i‘n
827 1788 1073 1844 Cumano
1108 1790 1221 1843 III
1248 1790 1396 1844 Non.
1428 1790 1573 1844 Mai.
1604 1807 1657 1844 a.
1689 1793 1798 1846 705
1836 1793 1972 1859 (49).

876 1912 1165 1969 CICERO
1198 1913 1490 1969 ATTICO
1527 1914 1692 1970 SAL.

405 2021 721 2098 Quidnam
772 2022 932 2085 mihi
986 2023 1279 2087 futurum
1335 2029 1462 2109 est,
1515 2028 1628 2088 aut
1675 2025 1820 2108 quis
1865 2045 1966 2087 me
2009 2045 2143 2088 non
2190 2046 2286 2089 so·
2326 2040 2356 2089 1

270 2112 407 2176 lum
454 2110 787 2195 infelicior,
832 2111 942 2175 sed
986 2111 1116 2175 iam
1163 2112 1359 2176 etiam
1403 2113 1699 2196 turpior?
1771 2109 1836 2175 N
1839 2112 2174 2177 ominatim
2211 2113 2289 2178 de

190 2229 243 2266 20
270 2222 372 2264 me
420 2199 545 2263 sibi
591 2199 974 2283 imperatum
1020 2199 1175 2264 dicit
1220 2198 1548 2265 Antonius
1593 2222 1709 2264 nec
1754 2223 1856 2265 me
1902 2205 2118 2264 tamen
2151 2202 2287 2284 ipse

272 2288 477 2353 adhuc
522 2287 787 2373 viderat,
832 2287 942 2351 sed
986 2287 1110 2352 hoc
1155 2288 1458 2352 Trebatio
1504 2289 1806 2354 narravit.
1898 2288 2064 2364 Quid
2103 2310 2287 2374 agam

268 2399 467 2461 nune,
504 2377 656 2459 quoi
702 2375 869 2439 nihil
913 2377 1216 2461 procedit,
1274 2376 1634 2460 caduntque
1680 2399 1773 2463 ea,
1818 2399 1978 2461 quae
2025 2377 2287 2462 diligen·

270 2466 517 2530 tissime
554 2469 706 2529 sunt
742 2465 1041 2549 cogitata,
1086 2465 1495 2529 taeterrime?
1554 2465 1698 2550 Ego
1737 2465 1907 2530 enim
1944 2463 2288 2530 Curionem

269 2557 496 2618 nactus
560 2553 774 2617 omnia
836 2574 938 2616 me
1002 2557 1412 2617 consecutum
1466 2554 1705 2638 putavi.
1797 2552 1863 2618 Is
1918 2554 1995 2617 de
2048 2576 2150 2619 me
2209 2556 2288 2619 ad

189 2669 242 2709 25
271 2641 696 2706 Hortensium
768 2641 1127 2724 scripserat.
1227 2641 1514 2726 Reginus
1589 2647 1726 2706 erat
1799 2646 1978 2706 totus
2049 2647 2286 2707 noster.

271 2730 441 2795 Huic
492 2729 660 2793 nihil
715 2729 1199 2813 suspicabamur
1252 2751 1398 2794 cum
1450 2730 1573 2795 hoc
1626 2731 1788 2795 mari
1841 2732 2088 2815 negotii
2134 2731 2285 2796 fore.

273 2817 412 2894 Quo
458 2839 562 2881 me
606 2840 777 2882 nunc
821 2818 1109 2882 vertam?
1182 2815 1483 2902 Undique
1529 2819 1870 2884 custodior.
1957 2818 2079 2883 Sed
2129 2821 2286 2883 satis
2325 2838 2356 2885 2

268 2906 568 2970 lacrimis,
660 2906 1175 2990 Παρακλεπτέον
1228 2907 1432 2991 igitur
1491 2910 1555 2971 et
1604 2909 1848 2973 occulte
1894 2907 1964 2970 in
2009 2908 2289 2991 aliquam

272 2995 628 3059 onerariam
676 2994 1157 3079 corrependum,
1203 3017 1338 3059 non
1381 2996 1926 3080 committendum,
1973 3000 2047 3060 ut
2095 2999 2289 3061 etiam

186 3111 244 3151 ao
275 3087 605 3166 compacto
652 3083 966 3166 prohibiti
1013 3084 1357 3147 videamur.
1450 3083 1669 3148 Sicilia
1715 3084 2003 3167 petenda.
2087 3083 2290 3160 Quam

273 3172 330 3236 si
395 3171 632 3237 erimus
687 3172 887 3256 nacti,
950 3171 1195 3235 maiora
1250 3172 1559 3255 quaedam
1615 3194 2090 3256 consequemur.
2193 3171 2293 3238 Sit

272 3260 460 3324 modo
518 3263 687 3323 recte
743 3260 811 3323 in
869 3258 1223 3343 Hispaniis!
1308 3259 1707 3344 Quamquam
1763 3262 1840 3325 de
1885 3262 2027 3345 ipsa
2074 3259 2292 3326 Sicilia

271 3349 521 3412 utinam
585 3348 671 3412 sit
735 3350 982 3412 verum!
1067 3346 1192 3413 Sed
1256 3349 1465 3412 adhuc
1521 3349 1687 3413 nihil
1752 3350 2024 3413 secundi.
2132 3347 2290 3412 Con·

272 3458 496 3501 cursus
562 3434 925 3501 Siculorum
985 3437 1064 3500 ad
1119 3435 1432 3502 Catonem
1477 3438 1711 3501 dicitur
1755 3438 1990 3521 factus,
2057 3458 2292 3521 orasse,

184 3551 241 3593 :³5
271 3529 348 3590 ut
390 3525 736 3611 resisteret,
782 3525 996 3589 omnia
1040 3525 1390 3610 pollicitos3
1442 3530 1831 3590 commotum
1877 3525 2059 3588 illum
2107 3525 2289 3588 dilec-
