2642 3923
279 102 366 181 56
916 107 990 173 M.
1030 109 1244 173 'TULLI
1280 117 1658 173 01cERoN1s

1197 346 1373 413 XIII.

278 470 391 525 Ser.
430 471 494 524 in
529 470 836 527 Formiano
870 488 939 526 m.
967 470 1107 540 Apr.
1145 471 1271 525 circ.
1305 487 1358 525 a.
1387 470 1438 524 d.
1470 469 1632 523 VIII
1651 469 1725 525 K.
1756 469 1903 525 Mai.
1931 487 1983 525 a.
2015 473 2126 525 695
2154 472 2294 537 (59).

914 591 1169 648 CICERO
1209 592 1471 648 ATTICO
1511 592 1658 648 SAL.

409 701 682 766 Facinus
720 702 1080 787 indignum!
1118 702 1464 786 epistulam
1502 700 1797 788 αὐθωρεὶ
1834 700 1958 766 tibi
1986 725 2023 765 a
2059 701 2296 766 Tribus

277 789 587 855 Tabernis
632 791 1007 875 rescriptam
1055 791 1135 854 ad
1179 794 1325 854 tuas
1375 790 1787 855 suavissimas
1834 790 2144 874 epistulas
2189 812 2296 854 ne—
2352 819 2384 858 ο

277 879 515 943 minem
550 878 922 944 reddidisse!
986 879 1078 943 At
1115 880 1274 943 scito
1314 901 1458 948 eum
1502 879 1892 964 fasciculum,
1938 900 2067 962 quo
2114 878 2294 942 illam

277 967 695 1053 conieceram,
748 967 1009 1032 domum
1064 989 1139 1032 eo
1185 968 1328 1051 ipso
1375 968 1477 1031 die
1520 967 1725 1031 latum
1772 988 1938 1053 esse,
1997 988 2125 1051 quo
2173 988 2292 1053 ego

277 1054 596 1141 dederam,
649 1060 715 1120 et
760 1056 841 1120 ad
859 1052 866 1057 ’
884 1077 986 1121 me
1031 1056 1100 1120 in
1145 1055 1558 1120 Formianum
1605 1055 1882 1121 relatum
1926 1075 2078 1120 esse.
2168 1053 2295 1119 Ita-

277 1165 402 1227 que
455 1144 579 1209 tibi
632 1148 813 1208 tuam
858 1144 1201 1228 epistulam
1246 1144 1407 1208 iussi
1452 1144 1699 1229 referri,
1756 1165 1831 1207 ex
1879 1166 2005 1229 qua
2050 1144 2294 1208 intelle-

277 1252 459 1317 geres
466 1284 485 1318 ,
542 1254 735 1316 quam
796 1232 956 1297 mihi
1015 1237 1155 1297 tum
1211 1232 1360 1296 illae
1406 1236 1628 1316 gratae
1671 1232 1960 1296 fuissent.
2051 1231 2294 1298 Romae
2327 1262 2380 1301 m

279 1320 451 1405 quod
506 1321 734 1386 scribis
789 1321 992 1407 sileri,
1045 1322 1139 1385 ita
1192 1321 1528 1404 putabam3
1583 1324 1651 1384 at
1701 1318 1958 1386 hercule
2004 1321 2075 1385 in
2119 1322 2293 1406 agris

275 1429 408 1473 non
463 1410 717 1494 siletur,
768 1431 886 1474 nec
939 1409 1068 1474 iam
1121 1409 1249 1492 ipsi
1295 1409 1433 1493 agri
1480 1428 1751 1493 regnum
1795 1414 2083 1474 vestrum
2129 1409 2294 1476 ferre

276 1502 565 1580 possunt.
642 1496 711 1562 Si
748 1520 899 1562 vero
936 1498 1005 1562 in
1049 1498 1214 1562 hanc
1257 1497 1640 1580 Τηλέπυλον
1677 1497 1927 1562 veneris
1965 1501 2294 1584 Λαιστρυ-

277 1588 542 1669 γονίην,
598 1584 888 1651 Formias
943 1587 1084 1651 dico
1093 1639 1111 1671 ‚
1167 1586 1278 1670 qui
1332 1585 1629 1650 fremitus
1682 1584 2045 1650 hominum!
2103 1608 2289 1670 quam

279 1674 432 1738 irati
495 1674 716 1738 animi!
782 1679 1024 1759 quanto
1088 1675 1159 1739 in
1220 1673 1367 1738 odio
1422 1677 1645 1739 noster
1697 1675 1938 1739 amicus
1991 1674 2292 1760 Magnus!
2324 1702 2375 1743 16

277 1762 458 1827 cuius
523 1784 879 1847 cognomen
939 1784 1067 1828 una
1129 1784 1273 1828 cum
1338 1761 1549 1827 Crassi
1597 1761 1855 1827 Divitis
1917 1765 2295 1848 cognomine

278 1852 686 1916 consenescit.
790 1849 1026 1916 Credas
1083 1851 1245 1916 mihi
1299 1850 1518 1937 velim,
1573 1852 1891 1915 neminem
1945 1852 2150 1916 adhuc
2204 1852 2293 1916 of-

277 1939 477 2025 fendi,
542 1940 654 2025 qui
715 1937 873 2006 haec
934 1944 1068 2005 tam
1130 1939 1331 2025 lente,
1403 1961 1596 2023 quam
1659 1959 1779 2025 ego
1844 1940 1979 2006 fero
1990 1993 2007 2026 ,
2080 1940 2293 2007 ferret.

279 2026 504 2114 Quare,
549 2029 710 2093 mihi
747 2030 947 2114 crede,
994 2033 1485 2114 φιλοσοφῶμεν.
1556 2027 1815 2093 Iuratus
1862 2029 1986 2093 tibi
2030 2051 2292 2113 possum

278 2116 484 2181 dicere
535 2116 702 2181 nihil
755 2138 895 2183 esse
957 2117 1137 2181 tanti.
1240 2116 1338 2180 Tu
1404 2117 1460 2180 si
1513 2116 1766 2181 litteras
1821 2117 1899 2181 ad
1958 2116 2292 2201 Sicyonios
2320 2146 2373 2186 20

276 2202 500 2289 habes,
554 2205 780 2270 advola
833 2206 901 2269 in
946 2204 1389 2289 Formianum,
1442 2205 1610 2274 unde
1654 2226 1774 2270 nos
1820 2206 2026 2289 pridie
2070 2204 2293 2272 Nonas

276 2292 482 2358 Maias
527 2294 905 2379 cogitamus.

1200 2468 1373 2534 XIV.

382 2590 494 2646 Ser.
533 2581 597 2644 in
632 2589 938 2645 Formiano
973 2592 1117 2645 inter
1154 2590 1257 2644 XI
1285 2596 1337 2644 et
1371 2591 1483 2644 III
1512 2591 1586 2646 K.
1627 2591 1774 2645 Mai.
1811 2559 1861 2647 α’.
1903 2596 2011 2646 695
2050 2595 2188 2661 (59).

909 2711 1164 2768 CICERO
1203 2713 1466 2769 ATT1co
1507 2714 1654 2769 sAL.
2147 2769 2164 2788 x
2320 2745 2369 2787 2⁵

409 2821 727 2898 Quantam
766 2828 839 2887 tu
875 2821 1035 2887 mihi
1072 2844 1290 2887 moves
1325 2824 1867 2907 exspectationem
1895 2823 1972 2887 de
2001 2845 2293 2889 sermone

276 2911 515 2996 Bibuli,
554 2915 861 2994 quantam
888 2910 964 2974 de
1000 2909 1323 2994 colloquio
1362 2913 1714 2994 βοώπιὸος,
1755 2915 2061 2996 quantam
2099 2913 2291 2977 etiam

276 3000 352 3064 de
387 3000 501 3064 illo
540 2998 813 3065 delicato
852 3000 1171 3064 convivio!
1243 2997 1522 3065 Proinde
1567 3000 1659 3064 ita
1702 3001 1803 3064 fac
1847 3000 2065 3065 venias
2110 3003 2293 3083 quasi

278 3088 355 3151 ad
412 3088 703 3152 sitientes
759 3109 958 3152 aures
1060 3086 1459 3171 Quamquam
1520 3087 1685 3152 nihil
1750 3094 1846 3154 est
1901 3090 2057 3175 iam,
2121 3090 2289 3174 quod

276 3176 480 3260 magis
544 3175 899 3241 timendum
962 3175 1152 3241 nobis
1216 3179 1464 3261 putem,
1526 3198 1718 3260 quam
1770 3199 1849 3241 ne
1908 3176 2019 3242 ille
2068 3182 2290 3242 noster
2317 3205 2365 3244 πο

277 3262 845 3348 Sampsiceramus,
901 3286 1096 3349 quom
1150 3285 1220 3329 se
1275 3265 1559 3328 omnium
1608 3265 2010 3330 sermonibus
2058 3266 2290 3330 sentiet

275 3352 595 3436 vapulare,
640 3356 705 3416 et
742 3373 938 3435 quom
973 3352 1089 3416 has
1135 3353 1419 3418 actiones
1466 3353 1988 3440 εὐανατρέπτους
2031 3354 2291 3440 videbit,

276 3461 458 3503 ruere
511 3440 801 3523 incipiat.¹
883 3439 1028 3526 Ego
1084 3445 1297 3505 autem
1355 3463 1559 3527 usque
1612 3463 1686 3507 eo
1744 3465 1884 3507 sum
1938 3446 2289 3526 enervatuS,
