2642 3923
323 176 448 240 428
957 176 1032 229 Μ.
1072 175 1285 229 TULLI
1321 173 1697 229 CICERONIS

314 341 430 384 nec
493 319 851 383 mehercule
914 318 1126 383 nostri
1190 317 1643 382 studiosiorem
1707 318 1893 383 facile
1958 319 2336 404 delegissem

313 407 648 492 Vestori03
707 407 785 470 ad
841 429 1032 491 quem
1079 407 1591 471 accuratissimas
1636 407 1889 471 litteras
1937 408 2109 493 dedi3
2165 408 2335 491 quod

313 497 482 560 idem
526 499 592 559 te
638 495 862 560 fecisse
911 497 1208 560 arbitror.
1290 494 1455 559 Mihi
1505 495 1761 578 quidem
1807 496 1930 560 hoc
1976 498 2133 561 satis
2170 497 2339 560 vide-

313 589 437 649 tur.
528 584 628 648 Tu
685 584 840 668 quid
892 584 1097 648 dicis?
1169 582 1388 648 Unum
1443 584 1615 647 enim
1668 584 1928 668 pungit,
1990 606 2072 648 ne
2124 585 2339 669 negle-

312 673 638 758 gentiores
694 694 831 736 esse
886 673 1229 737 videamur.
1321 671 1733 755 Exspectabo
1788 673 1992 756 igitur
2036 677 2184 737 tuas
2229 674 2336 737 lit-
2398 703 2426 742 5

311 765 501 826 teraS.

1208 937 1437 1002 XLVI.

606 1059 718 1115 Ser.
749 1060 813 1113 im
855 1059 1167 1113 Tusculano
1197 1060 1349 1128 prid.
1378 1060 1466 1113 Id.
1498 1058 1642 1114 Seoet.
1671 1076 1722 1113 a.
1756 1062 1867 1113 709
1906 1061 2044 1127 (45).

922 1181 1211 1237 CICERO
1245 1182 1538 1237 ATTICO
1574 1181 1738 1237 SAL.

446 1289 670 1356 Pollex
736 1291 1018 1374 quidem,
1082 1295 1156 1354 ut
1221 1290 1470 1354 dixerat
1530 1290 1611 1354 ad
1663 1290 1816 1354 Idus
1874 1288 2151 1355 Sextiles
2161 1344 2179 1376 ,
2241 1293 2338 1356 ita
2364 1322 2423 1361 ιο

314 1379 475 1443 mihi
521 1378 769 1444 Lanuvi
806 1379 1012 1463 pridie
1049 1378 1201 1443 Idus
1238 1383 1497 1462 praesto
1536 1379 1680 1462 fuit,
1729 1379 1839 1444 sed
1877 1379 2067 1462 plane
2103 1380 2338 1465 pollex,

312 1490 444 1531 non
498 1467 706 1532 index.
798 1465 1162 1552 Cognosces
1219 1468 1424 1552 igitur
1472 1489 1547 1531 ex
1594 1468 1755 1550 ipso,
1869 1467 2143 1532 Balbum
2192 1490 2338 1533 con-

314 1556 478 1620 veni.
551 1556 756 1639 Lepta
804 1557 976 1619 enim
1012 1556 1087 1619 de
1125 1578 1242 1619 sua
1282 1556 1330 1639 †
1349 1556 1414 1619 vi
1457 1557 1857 1619 incuratione
1892 1556 2197 1620 laborans
2234 1579 2336 1621 me

316 1645 395 1708 ad
442 1666 586 1708 eum
632 1644 1033 1728 perduxerat.
1105 1642 1183 1708 In
1226 1665 1301 1707 eo
1351 1647 1566 1708 autem
1612 1642 1967 1731 Lanuvino,
2014 1645 2188 1727 quod
2223 1645 2337 1709 Le-

314 1733 464 1815 pido
510 1733 792 1796 tradidit.
883 1732 987 1796 Ex
1035 1754 1108 1797 eo
1153 1732 1277 1796 hoc
1323 1732 1631 1815 primum:
1699 1731 1922 1797 ‘Paulo
1970 1737 2119 1796 ante
2165 1756 2335 1798 acce-
2361 1761 2416 1802 ιε

312 1843 530 1905 peram
586 1843 693 1886 eas
748 1820 1026 1905 litteras,
1082 1821 1151 1884 in
1198 1820 1434 1904 quibus
1481 1841 1715 1905 magno
1763 1843 1954 1904 opere
2000 1822 2333 1887 confirmat

314 1914 462 1974 ante
506 1910 693 1975 ludos
739 1908 1109 1974 Romanos?
1174 1907 1333 1995 Legi
1379 1910 1739 1994 epistulam.
1814 1909 2022 1973 Multa
2070 1911 2147 1976 de
2190 1915 2327 1976 meo

315 1997 586 2082 Catone,
647 2020 773 2082 quo
832 1999 1198 2082 saepissime
1251 1998 1520 2082 legendo
1578 2020 1644 2062 se
1700 1998 1857 2062 dicit
1912 1999 2330 2082 copiosiorem

313 2088 573 2171 factum,
630 2087 818 2152 Bruti
883 2085 1123 2151 Catone
1184 2087 1350 2151 lecto
1416 2108 1484 2150 se
1545 2087 1672 2150 sibi
1736 2087 1947 2151 visum
2007 2088 2328 2152 disertum.

317 2177 481 2241 Tum
548 2198 625 2240 ex
695 2198 769 2239 eo
835 2177 1106 2260 cognovi
1170 2176 1516 2239 cretionem
1582 2173 1770 2239 Cluvi
1831 2173 1899 2261 (o
1962 2175 2332 2241 Vestorium
2363 2205 2416 2244 πο

313 2265 759 2350 neglegentem
772 2262 815 2351 1)
860 2264 1125 2327 liberam
1176 2264 1527 2328 cretionem
1572 2264 1850 2327 testibus
1888 2266 2332 2348 praesentibus

316 2354 651 2437 sexaginta
688 2352 927 2417 diebus
1000 2351 1388 2437 Metuebam,
1430 2373 1513 2416 ne
1549 2352 1660 2416 ille
1697 2352 2111 2417 arcessendus
2150 2359 2331 2418 esset.

313 2439 504 2505 Nunc
548 2441 933 2505 mittendum
979 2445 1094 2523 est,
1137 2444 1214 2503 ut
1258 2462 1401 2505 meo
1450 2441 1630 2505 iussu
1676 2445 1909 2506 cernat.
1995 2439 2172 2505 Idem
2217 2443 2334 2527 igi-

313 2534 422 2593 tur
466 2528 706 2594 Pollex.
780 2529 1002 2593 Etiam
1047 2529 1123 2592 de
1166 2528 1376 2593 hortis
1416 2528 1746 2592 Cluvianis
1785 2530 1889 2613 egi
1927 2551 2071 2593 cum
2110 2529 2333 2596 Balbo.

313 2616 430 2681 Nil
483 2617 833 2681 liberalius,
928 2615 1011 2681 Se
1057 2618 1229 2681 enim
1284 2618 1508 2681 statim
1554 2618 1634 2681 ad
1684 2616 2022 2683 Caesarem
2068 2620 2335 2703 scriptu·
2363 2645 2418 2686 25

313 2728 477 2790 rum,
524 2703 825 2770 Cluvium
871 2709 1085 2770 autem
1135 2728 1172 2769 a
1220 2705 1288 2769 T.
1328 2704 1700 2769 Hordeonio
1745 2706 1960 2790 legare
2006 2711 2070 2770 et
2107 2707 2337 2772 Teren·

313 2795 441 2858 tiae
470 2793 581 2859 HS
611 2814 765 2861 1000
805 2798 869 2858 et
908 2794 1197 2877 sepulcro
1237 2794 1589 2877 multisque
1623 2794 1832 2878 rebuS,
1859 2794 2026 2858 nihil
2059 2818 2096 2859 a
2128 2797 2335 2862 nobiS.

316 2882 706 2968 Subaccusa,
762 2904 1029 2966 quaesO,
1084 2881 1476 2946 Vestorium.
1579 2881 1746 2958 Quid
1799 2883 2012 2947 minus
2066 2885 2339 2967 proban-

314 2971 465 3035 dum
539 2993 731 3055 quam
795 2970 1082 3035 Plotium
1147 2971 1645 3055 unguentarium
1708 2992 1822 3054 per
1888 2993 2040 3035 suos
2103 2995 2336 3057 pueros

316 3059 531 3123 omnia
585 3063 771 3123 tanto
831 3064 979 3123 ante
1024 3059 1260 3143 Balbo,
1314 3060 1500 3122 illum
1554 3060 1643 3122 mi
1688 3082 1768 3123 ne
1815 3081 1927 3143 per
1972 3081 2150 3125 meos
2198 3063 2337 3146 qui·
2367 3090 2421 3129 so

243 3166 278 3212 4
316 3148 503 3212 dem?
576 3147 673 3211 De
720 3146 1016 3212 Cossinio
1064 3148 1274 3233 doleo3
1323 3147 1513 3211 dilexi
1560 3147 1900 3211 hominem.

246 3515 276 3560 5

452 3235 692 3312 Quinto
741 3236 1066 3321 delegabO,
1115 3236 1170 3298 si
1217 3236 1372 3320 quid
1409 3237 1541 3299 aeri
1578 3258 1720 3299 meo
1760 3236 1967 3301 alieno
2008 3239 2339 3321 superabit

317 3329 380 3387 et
442 3324 903 3408 emptionibus,
960 3347 1036 3388 ex
1093 3325 1329 3407 quibus
1383 3325 1475 3387 mi
1531 3326 1724 3388 etiam
1772 3347 1877 3388 aes
1925 3325 2203 3390 alienum
2248 3327 2337 3391 fa-

316 3412 608 3475 ciendum
653 3417 830 3494 puto.
922 3411 1019 3475 De
1066 3412 1253 3476 domo
1301 3412 1535 3495 Arpini
1579 3413 1675 3476 nil
1721 3414 1868 3477 scio,

447 3499 822 3563 Vestorium
885 3500 980 3563 nil
1046 3504 1143 3563 est
1210 3501 1382 3584 quod
1439 3523 1707 3565 accuses,
1809 3500 1945 3565 Iam
2000 3503 2169 3566 enim
2228 3504 2335 3567 ob-
2364 3529 2416 3573 35
