2642 3923
313 199 442 265 266
952 200 1026 254 Μ.
1065 199 1277 254 TULLI
1314 198 1692 257 CICERONIS

446 342 524 408 In
578 343 856 428 Epirum
921 343 1093 428 quod
1150 365 1253 407 me
1314 365 1448 408 non
1510 344 1775 430 invitas,
1837 344 2136 409 comitem
2197 364 2331 407 non

313 433 676 514 molestum,
725 432 1106 497 subirascor.
1182 431 1307 497 Sed
1352 433 1507 497 vale.
1591 432 1779 514 Nam,
1823 436 1898 496 ut
1944 432 2067 496 tibi
2113 431 2330 496 ambu-

313 521 602 607 landum,
669 521 1063 606 ungendum,
1135 520 1227 585 sic
1284 520 1448 584 mihi
1507 520 1964 585 dormiendum.
2066 519 2330 584 Etenim

312 609 568 674 litterae
610 613 760 672 tuae
806 608 966 672 mihi
1013 630 1311 674 somnum
1357 609 1732 673 attulerunt.

1285 783 1362 848 A.
2387 811 2411 850 5

590 905 702 960 Ser.
744 904 951 959 Romae
995 905 1085 959 VI
1114 911 1212 960 aut
1256 905 1311 959 V
1340 905 1428 959 Id.
1468 905 1642 960 Mart.
1680 922 1733 960 a.
1774 909 1884 961 705
1922 909 2060 974 (49).

623 1027 902 1083 BALBUs
938 1027 1032 1082 ET
1071 1028 1324 1083 OPPIUS
1362 1028 1415 1084 S.
1453 1027 1519 1083 D.
1556 1028 1632 1082 M.
1673 1027 2026 1083 CICERONI.

247 1156 276 1204 1
447 1134 764 1222 †Nedum
810 1136 1148 1200 hominum
1189 1135 1565 1221 humilium,
1627 1140 1700 1200 ut
1743 1158 1864 1202 nos
1910 1158 2132 1201 sumus
2141 1186 2159 1220 ‚
2223 1137 2331 1201 sed

319 1226 514 1290 etiam
561 1224 1107 1309 amplissimorum
1143 1224 1431 1288 virorum
1478 1225 1745 1289 consilia
1782 1247 1858 1289 ex
1904 1229 2160 1309 eventu,
2200 1246 2331 1288 non

318 1336 394 1379 ex
439 1313 771 1378 voluntate
817 1336 854 1377 a
896 1313 1218 1397 plerisque
1262 1312 1523 1395 probari
1578 1314 1803 1377 solent.
1894 1312 2134 1378 Tamen
2178 1313 2332 1377 freti
2360 1339 2413 1378 10

317 1407 431 1466 tua
475 1401 900 1486 humanitate,
960 1401 1132 1485 quod
1176 1401 1583 1465 verissimum
1630 1402 1816 1466 nobis
1861 1401 2202 1487 videbitur,
2256 1402 2332 1488 de

292 1512 422 1575 eo,
482 1489 654 1573 quod
713 1489 793 1553 ad
849 1510 969 1553 nos
1030 1488 1373 1572 scripsisti,
1430 1489 1555 1553 tibi
1615 1490 1955 1554 consilium
2019 1489 2329 1553 dabimus,

320 1577 503 1653 Quod
562 1578 617 1641 si
674 1599 807 1641 non
851 1577 1047 1641 fuerit
1093 1578 1400 1662 prudenS,
1457 1581 1526 1641 at
1572 1581 1743 1642 certe
1788 1578 1868 1641 ab
1917 1577 2162 1661 optima
2207 1578 2332 1642 fide

320 1672 383 1731 et
431 1666 677 1750 optimo
723 1665 936 1729 animo
982 1666 1437 1749 proficiscetur.

451 1753 617 1838 Nos,
678 1755 732 1818 si
778 1754 874 1835 id,
934 1753 1103 1838 quod
1160 1757 1386 1817 nostro
1446 1753 1682 1818 iudicio
1744 1751 2078 1818 Caesarem
2124 1753 2333 1818 facere
2359 1778 2415 1818 ιε

320 1848 614 1927 oportere
659 1843 1118 1924 existimamus,
1161 1846 1254 1924 ut,
1301 1840 1495 1905 simul
1539 1841 1815 1905 Romam
1860 1842 2136 1927 venerit,
2181 1847 2332 1927 agat

319 1932 395 1997 de
440 1930 954 1996 reconciliatione
1000 1930 1244 2015 gratiae
1290 1951 1441 1995 suae
1487 1935 1552 1995 et
1587 1929 1871 2016 Pompei,
1914 1929 1981 1995 id
2018 1952 2163 1995 eum
2207 1930 2334 1995 fac-

319 2025 538 2085 turum
594 2041 670 2084 ex
728 2020 870 2103 ipso
931 2019 1454 2105 cognovissemus
1463 2069 1481 2101 ‚
1540 2019 1885 2084 deberemus
1941 2023 2007 2082 te
2064 2018 2331 2104 hortari,

319 2112 393 2173 ut
437 2109 633 2174 velles
688 2107 769 2171 iis
828 2107 1018 2173 rebus
1076 2108 1411 2191 interesse,
1472 2128 1599 2191 quo
1657 2107 1908 2171 facilius
1967 2111 2032 2171 et
2090 2108 2332 2172 maiore

320 2219 465 2261 cum
511 2196 823 2282 dignitate
868 2216 982 2279 per
1026 2200 1119 2280 te,
1177 2194 1290 2278 qui
1336 2195 1593 2279 utrique
1652 2217 1719 2261 es
1766 2195 2171 2279 coniunctuS,
2228 2217 2330 2259 res
2360 2220 2415 2260 20

320 2289 460 2349 tota
505 2285 833 2369 confieret,
889 2287 1027 2369 aut,
1083 2282 1137 2347 si
1193 2304 1269 2347 ex
1315 2282 1637 2348 contrario
1693 2288 2062 2366 putaremus
2112 2282 2333 2347 Caesa-

320 2396 455 2439 rem
514 2373 585 2436 id'
628 2393 770 2436 non
825 2372 1147 2436 facturum
1215 2376 1280 2436 et
1341 2371 1535 2435 etiam
1593 2372 1754 2435 velle
1818 2392 1964 2436 cum
2021 2370 2330 2455 Pompeio

319 2461 560 2526 bellum
621 2481 838 2544 gerere
897 2460 1228 2543 sciremuS,
1294 2481 1648 2543 numquam
1715 2459 1839 2524 tibi
1905 2460 2333 2545 suaderemus,

323 2554 546 2614 contra
589 2548 916 2612 hominem
976 2548 1217 2631 optime
1276 2546 1354 2611 de
1411 2551 1477 2611 te
1536 2547 1836 2612 meritum
1891 2569 2068 2612 arma
2111 2548 2332 2630 ferree,

322 2638 511 2702 sicuti
556 2641 622 2700 te
661 2658 908 2720 semper
947 2636 1287 2718 oravimuS,
1330 2656 1412 2700 ne
1449 2640 1672 2699 contra
1712 2634 2045 2700 Caesarem
2090 2658 2332 2722 pugna-
2359 2661 2415 2701 85

251 2744 284 2794 2
319 2748 438 2790 res.
531 2723 683 2809 Sed,
727 2746 871 2789 cum
919 2724 1113 2787 etiam
1156 2744 1353 2807 nunc,
1408 2723 1565 2806 quid
1616 2724 1902 2788 facturus
1951 2723 2183 2789 Caesar
2228 2725 2332 2807 sit,

319 2814 527 2898 magis
576 2812 826 2897 opinari
873 2834 1064 2897 quam
1111 2811 1272 2876 scire
1309 2813 1647 2894 possimus,
1701 2812 1959 2878 scribere
2010 2823 2145 2877 non
2189 2834 2332 2896 pos-

323 2924 543 2966 sumus
587 2901 717 2965 nisi
760 2899 901 2985 hoc,
923 2921 1076 2964 *non
1120 2899 1323 2963 videri
1368 2921 1508 2964 eam
1552 2904 1733 2964 tuam
1780 2922 1915 2965 esse
1952 2900 2331 2984 dignitatem

318 3012 525 3075 neque
569 2989 760 3053 fidem
807 2989 1104 3052 omnibus
1150 2988 1502 3073 cognitam,
1547 2992 1623 3052 ut
1668 2992 1892 3053 contra
1937 2988 2334 3072 alterutrum,

321 3101 464 3144 cum
510 3078 769 3161 utrique
822 3077 912 3141 sis
969 3076 1248 3140 maxime
1299 3076 1719 3160 necessarius,
1781 3099 1956 3141 arma
2013 3077 2181 3142 feras
2192 3129 2210 3160 ,
2268 3082 2333 3140 et
2360 3102 2417 3142 30

319 3167 442 3232 hoc
497 3187 630 3230 non
690 3165 1058 3229 dubitamus
1115 3164 1272 3248 quin
1320 3162 1553 3229 Caesar
1606 3187 1724 3248 pro
1772 3185 1889 3229 sua
1932 3165 2334 3229 humanitate

320 3255 592 3319 maxime
642 3253 728 3317 sit
772 3253 1178 3336 probaturus
1261 3250 1400 3316 Nos
1448 3257 1682 3337 tamen,
1729 3253 1784 3317 si
1830 3253 1953 3318 tibi
1985 3253 2335 3337 ¹videbitur,

319 3343 398 3406 ad
447 3341 779 3406 Caesarem
827 3340 1204 3423 scribemus,
1264 3344 1338 3404 ut
1383 3362 1502 3405 nos
1550 3342 1853 3406 certiores
1899 3342 2122 3427 faciat,
2181 3341 2336 3425 quid

315 3428 437 3492 hac
482 3450 550 3493 re
598 3432 855 3492 acturus
904 3429 1006 3493 sit.
1097 3428 1157 3491 A
1205 3449 1332 3512 quo
1396 3428 1449 3492 si
1510 3429 1633 3493 erit
1686 3430 1877 3494 nobis
1933 3430 2337 3513 rescriptum,

320 3517 557 3600 statim,
603 3536 766 3598 quae
813 3515 1179 3597 sentiemuS,
1225 3517 1302 3579 ad
1350 3520 1416 3580 te
1463 3517 1815 3583 scribemus
1863 3522 1928 3583 et
1973 3517 2097 3582 tibi
2144 3519 2333 3582 fidem
2363 3543 2417 3585 ³5
