2642 3923
643 198 1151 255 EPISTULARUM
1187 200 1285 257 AD
1325 199 1648 256 ATTICUM
1684 200 1735 254 H
1776 206 1859 270 19,
1899 206 1982 255 20.
2237 200 2323 264 65

301 341 583 408 alienam
629 341 1142 426 adsumpsissem.
1237 340 1471 408 Caesar
1517 363 1620 407 me
1674 342 1799 406 sibi
1853 343 1994 408 vult
2049 365 2186 409 esse
2238 344 2324 408 le-
2362 358 2393 406 5

309 433 549 513 gatum.
647 428 1000 495 Honestior
1053 431 1393 496 declinatio
1458 430 1613 495 haec
1675 431 1967 515 periculi3
2031 432 2141 496 sed
2204 453 2322 516 ego

306 517 431 583 hoc
465 539 595 582 non
630 519 913 602 repudio.
983 517 1150 594 Quid
1187 539 1340 604 ergo
1379 520 1520 584 est‘?
1566 539 1854 603 pugnare
1888 520 2074 584 malo.
2140 518 2323 585 Nihil

309 609 524 671 tamen
560 606 733 672 certi.
797 606 1041 672 Iterum
1079 606 1219 671 dico
1258 606 1530 671 ‘utinam
1568 607 1869 672 adesses?
1931 605 2056 673 Sed
2090 612 2324 691 tamen,

257 722 282 761 ⁶
312 694 368 758 si
413 695 536 759 erit
579 716 852 780 necesse,
896 716 1302 760 arcessemus.
1391 693 1558 770 Quid
1603 695 1819 759 aliud?
1903 695 2100 779 quid?
2182 695 2323 760 Hoc

313 782 556 866 opinor.
621 780 797 848 Certi
843 805 1063 849 sumus
1109 783 1352 868 perisse
1389 783 1628 869 omnia3
1675 784 1831 866 quid
1867 784 2038 848 enim
2074 783 2325 863 ἀκκιζό-

310 877 485 954 μεθα
528 874 664 935 tam
711 870 862 935 diu?

445 955 571 1024 Sed
620 958 777 1023 haec
840 958 1067 1042 scripsi
1119 979 1471 1043 properans
1536 962 1601 1025 et
1662 958 2022 1024 mehercule
2083 958 2323 1025 timide.

308 1044 588 1111 Posthac
646 1046 726 1112 ad
787 1051 854 1112 te
911 1052 1050 1132 aut,
1113 1047 1167 1111 si
1227 1047 1592 1131 perfidelem
1653 1046 1933 1132 habeb0‚
1998 1048 2099 1112 cui
2165 1047 2325 1132 dem,

231 1162 283 1201 ιο
314 1134 587 1199 scribam
624 1135 813 1219 plane
850 1135 1081 1220 omnia,
1119 1139 1248 1220 aut,
1286 1135 1342 1198 si
1372 1136 1640 1200 obscure
1668 1135 1961 1220 scribam,
1997 1140 2072 1200 tu
2109 1140 2325 1201 tamen

314 1223 661 1308 intelleges.
761 1221 840 1289 In
902 1224 982 1287 iis
1047 1223 1344 1307 epistulis
1403 1244 1506 1288 me
1558 1223 1847 1288 Laelium
1932 1227 1999 1287 te
2057 1222 2323 1288 Furium

315 1310 568 1396 faciam3
617 1314 826 1376 cetera
871 1315 1059 1375 erunt
1106 1310 1179 1376 ἐν
1225 1314 1572 1396 αἰνιγμοῖς.
1664 1311 1788 1376 Hic
1835 1275 2178 1376 Caecilium
2225 1332 2325 1377 co·

314 1399 505 1463 limus
562 1403 626 1464 et
681 1400 1092 1464 observamus
1149 1399 1503 1485 diligenter.
1595 1399 1824 1464 Edicta
1869 1398 2088 1463 Bibuli
2135 1400 2322 1465 audio

313 1487 394 1552 ad
438 1491 505 1552 te
549 1488 761 1552 missa.
834 1486 924 1552 Iis
971 1487 1150 1552 ardet
1195 1488 1415 1553 dolore
1462 1492 1525 1552 et
1570 1488 1666 1551 ira
1709 1493 1930 1552 noster
1964 1486 2321 1571 Pompeius.

233 1692 255 1730 1
1246 1662 1384 1728 XX.

258 1691 284 1731 ὅ
766 1782 880 1839 Ser.
919 1783 1126 1839 Romae
1159 1801 1227 1837 m.
1270 1783 1455 1853 Quim.
1495 1801 1546 1838 a.
1587 1787 1698 1839 695
1735 1787 1874 1853 (59).

948 1905 1203 1963 CICERO
1242 1904 1503 1961 ATTICO
1544 1905 1692 1961 SAL.

442 2013 738 2101 Anicato,
781 2020 855 2080 ut
901 2020 968 2080 te
1012 2016 1174 2081 velle
1217 2016 1676 2100 intellexeram,
1718 2015 1898 2080 nullo
1944 2014 2085 2080 loco
2135 2016 2321 2080 defui.
2365 2033 2388 2078 1

310 2100 724 2168 Numestium
788 2125 863 2167 ex
918 2104 1155 2169 litteris
1210 2104 1342 2168 tuis
1398 2104 1684 2168 studiose
1738 2104 1995 2188 scriptis
2048 2103 2324 2168 libenter

234 2219 285 2258 20
312 2191 383 2255 in
426 2191 774 2256 amicitiam
818 2193 1041 2274 recepi.
1115 2188 1484 2277 Caecilium,
1528 2191 1763 2275 quibus
1808 2191 1999 2257 rebus
2040 2213 2323 2277 possum,

315 2282 496 2344 tueor
549 2278 907 2366 diligenter.
998 2278 1208 2344 Varro
1263 2281 1423 2346 satis
1476 2280 1631 2345 facit
1682 2280 1888 2345 nobis.
1980 2278 2321 2364 Pompeius

314 2371 485 2431 amat
527 2388 648 2432 nos
694 2388 1002 2451 carosque
1044 2367 1256 2433 habet.
1340 2366 1652 2434 ‘Credis‘P'
1734 2367 2002 2451 inquies.
2091 2366 2323 2451 Cred03

309 2476 573 2539 prorsus
630 2454 793 2520 mihi
853 2455 1220 2541 persuadet3
1280 2456 1419 2542 sed,
1481 2456 1633 2540 quia
1694 2456 1886 2541 volgo
1941 2456 2324 2540 pragmatici

308 2542 602 2609 homines
659 2542 958 2608 omnibus
1004 2543 1324 2630 historiis,
1378 2544 1759 2629 praeceptis,
1812 2545 2105 2608 versibus
2153 2544 2322 2608 deni-

229 2660 280 2699 35
313 2653 435 2715 que
480 2652 700 2696 cavere
743 2632 969 2697 iubent
1014 2635 1081 2696 et
1123 2637 1346 2696 vetant
1386 2633 1656 2716 credere,
1701 2632 1976 2696 alterum
2020 2632 2204 2717 facio,
2248 2637 2322 2697 ut

308 2741 590 2805 caveam,
634 2718 937 2806 alterum,
981 2723 1054 2784 ut
1103 2741 1233 2784 non
1279 2720 1558 2805 credam,
1613 2720 1820 2784 facere
1862 2741 1997 2784 non
2038 2742 2318 2803 possum.

310 2804 572 2872 Clodius
629 2806 834 2872 adhuc
892 2807 1051 2871 mihi
1115 2807 1452 2872 denuntiat
1510 2808 1879 2892 periculum.
1977 2806 2321 2892 Pompeius
2361 2824 2390 2870 2

308 2895 605 2960 adfirmat
657 2917 790 2960 non
843 2917 980 2961 esse
1024 2895 1407 2981 periculum,
1460 2895 1731 2980 adiurat3
1792 2895 1968 2960 addit
2015 2897 2208 2961 etiam
2255 2918 2323 2962 se

307 2982 487 3067 prius
526 2984 805 3049 occisum
841 2984 924 3049 iri
960 2985 1041 3049 ab
1079 3005 1153 3048 eo
1192 3005 1386 3068 quam
1423 3005 1525 3048 me
1560 2984 1872 3049 violatum
1908 2983 2006 3047 iri.
2066 2983 2322 3049 Tracta-

226 3099 280 3139 so
307 3074 417 3136 tur
469 3093 586 3137 res.
678 3068 887 3137 Simul
930 3072 1178 3156 aliquid
1223 3073 1346 3137 erit
1391 3071 1577 3156 certi,
1632 3071 1905 3137 scribam
1952 3071 2033 3135 ad
2076 3076 2157 3137 te.
2252 3071 2317 3137 Si

310 3160 433 3224 erit
487 3160 926 3244 pugnandum,
991 3182 1304 3225 arcessam
1371 3161 1452 3225 ad
1506 3160 1875 3224 societatem
1930 3159 2199 3246 laboris3
2265 3162 2317 3226 si

309 3247 490 3333 quies
537 3247 820 3333 dabitur,
866 3248 947 3314 ab
991 3248 1337 3314 Amalthea
1380 3254 1446 3313 te
1489 3269 1620 3314 non
1666 3247 2098 3313 commovebo,

440 3334 540 3400 De
592 3356 662 3400 re
702 3336 956 3417 publica
1009 3337 1289 3402 breviter
1344 3337 1425 3401 ad
1482 3340 1548 3401 te
1593 3336 1893 3420 scribam3
1945 3336 2076 3400 iam
2132 3336 2320 3419 enim,
2358 3352 2389 3400 3

305 3422 529 3489 charta
584 3423 723 3507 ipsa
774 3446 858 3490 ne
907 3446 1027 3490 nos
1071 3424 1328 3509 prodat,
1384 3425 1781 3508 pertimesco.
1871 3423 2101 3507 Itaque
2145 3427 2315 3508 post-

225 3537 278 3578 ⁸5
302 3511 442 3598 hac,
487 3512 544 3578 si
590 3516 778 3578 erunt
821 3512 982 3580 mihi
1026 3512 1214 3597 plura
1260 3514 1342 3579 ad
1386 3518 1452 3579 te
1497 3512 1849 3597 scribenda,
1895 3511 2317 3596 ἀλληγορίαις

412 3626 504 3667 Cio.
533 3626 667 3676 epist.
696 3627 757 3667 11.
1968 3621 1998 3666 ὃ
