2642 3923
332 185 373 248 2
378 184 461 248 88
744 248 749 253 ,
970 182 1047 237 Μ.
1078 182 1293 238 TULLI
1330 180 1710 237 CICERONIS

332 327 519 395 tiam
590 327 744 412 illi;
823 347 1067 410 neque
1141 325 1337 390 enim
1413 325 1645 389 aliter
1717 325 1974 388 facere
2046 324 2360 407 poterit.

332 415 577 481 Tanta
633 416 796 480 eius
851 414 1318 500 humanitas,
1375 414 1440 478 is
1488 434 1777 499 sensus,
1832 434 1915 477 ea
1961 413 2040 477 in
2083 433 2197 477 me
2246 415 2362 476 est

333 502 925 569 benevolentia.'

1243 677 1452 745 XVII.

666 801 780 858 Ser.
808 802 873 856 in
910 801 1214 856 Formiano
1261 801 1351 855 VI
1381 800 1456 854 K.
1488 800 1626 869 Apr.
1656 818 1708 854 a.
1740 803 1849 854 705
1889 802 2028 867 (49).
2422 809 2450 850 6

939 924 1230 980 CICERO
1267 922 1561 979 ATTICO
1598 923 1762 978 SAL.

468 1033 846 1099 Trebatium
904 1051 979 1098 VI
1022 1031 1165 1097 Kal.
1178 1084 1196 1117 ,
1252 1055 1380 1117 quo
1429 1033 1531 1097 die
1572 1031 1691 1096 has
1738 1031 1988 1096 litteras
2034 1031 2206 1117 dedi,
2260 1052 2363 1095 ex·

337 1121 721 1206 spectabam.
820 1122 923 1186 Ex
980 1122 1117 1186 eius
1172 1123 1405 1186 nuntio
1462 1121 1752 1203 Matique
1807 1120 2046 1184 litteris
2100 1120 2364 1184 medita·

335 1211 473 1295 bor,
520 1233 646 1295 quo
694 1211 883 1275 modo
931 1232 1077 1274 cum
1122 1209 1235 1273 illo
1280 1210 1529 1293 loquar.
1622 1207 1676 1273 Ο
1723 1213 1978 1292 tempus
2024 1209 2361 1275 miserum!

335 1296 473 1364 Nec
518 1299 778 1384 dubito,
833 1300 992 1382 quin
1037 1321 1074 1363 a
1118 1320 1221 1362 me
1267 1298 1639 1381 contendat,
1699 1298 1777 1361 ad
1822 1297 2048 1361 urbem
2091 1297 2359 1362 veniam.
2391 1323 2448 1364 10

338 1387 644 1453 Senatum
711 1387 882 1452 enim
944 1386 1253 1451 Kalendis
1318 1388 1481 1451 velle
1548 1408 1614 1450 se
1678 1386 2081 1469 frequentem
2144 1385 2363 1450 adesse

337 1477 531 1540 etiam
594 1474 873 1540 Formiis
937 1475 1256 1559 proscribi
1319 1475 1529 1539 iussit.
1635 1473 1814 1558 Ergo
1880 1475 1939 1538 ei
2001 1474 2363 1559 negandum

338 1565 478 1629 est?
571 1561 696 1628 Sed
755 1564 910 1648 quid
971 1564 1340 1648 praeripio?
1414 1561 1651 1627 Statim
1712 1563 1791 1627 ad
1848 1567 1914 1627 te
1971 1563 2363 1646 perscribam

339 1653 568 1718 omnia.
660 1652 766 1717 Ex
819 1652 995 1716 illius
1056 1673 1349 1717 sermone
1394 1656 1704 1735 statuam,
1758 1650 2157 1734 Arpinumne
2203 1651 2364 1715 mihi

337 1742 615 1806 eundum
679 1741 766 1805 sit
823 1764 905 1805 an
959 1763 1086 1825 quo
1142 1741 1286 1806 alio.
1377 1740 1547 1804 Volo
1607 1739 1897 1804 Ciceroni
1951 1761 2093 1803 meo
2138 1744 2361 1824 togam
2388 1766 2443 1808 ιε

339 1852 568 1914 puram
634 1830 809 1913 dare,
880 1830 1029 1894 istic
1092 1834 1269 1913 puto.
1372 1828 1497 1912 Tu,
1575 1849 1839 1912 quaes0,
1904 1828 2143 1913 cogita,
2177 1828 2364 1913 ,quid

341 1919 580 1984 deinde.
671 1915 842 1983 Nam
900 1940 1002 1983 me
1055 1917 1354 1983 hebetem
1397 1917 1731 1982 molestiae
1777 1916 2205 1981 reddiderunt.
2302 1917 2363 1980 A

341 2006 535 2074 Curio
600 2008 794 2072 velim
859 2008 1019 2072 scire
1084 2008 1309 2091 ecquid
1366 2007 1444 2071 ad
1498 2011 1563 2071 te
1620 2006 1932 2090 scriptum
1988 2006 2074 2070 sit
2129 2006 2207 2070 de
2260 2005 2365 2069 Ti-

339 2118 509 2162 rone.
601 2095 705 2159 Ad
758 2118 861 2160 me
917 2096 1084 2159 enim
1145 2095 1283 2179 ipse
1331 2095 1482 2160 Tiro
1528 2095 1622 2158 ita
1671 2095 1956 2180 scripsit,
2009 2097 2083 2158 ut
2128 2116 2365 2177 verear,

232 2207 239 2216 ·
341 2185 496 2269 quid
540 2188 710 2269 agat.
803 2183 927 2260 Qui
974 2189 1189 2248 autem
1234 2184 1503 2248 veniunt
1546 2183 1721 2266 inde,
1775 2184 2156 2266 κινδυνώδη
2201 2205 2359 2247 nun·
2391 2211 2445 2251 ὀ

338 2275 522 2337 tiant.
599 2270 763 2344 Sane
809 2274 880 2336 in
923 2272 1174 2357 magnis
1223 2272 1393 2335 curis
1433 2273 1624 2335 etiam
1660 2271 1816 2335 haec
1855 2294 1955 2337 me
1991 2271 2361 2336 sollicitant.

339 2360 811 2515 ffiagizzsggim
867 2361 1131 2426 fortuna
1184 2361 1482 2445 perutilis
1540 2361 1676 2425 eius
1733 2364 1798 2425 et
1856 2382 2050 2443 opera
2104 2365 2169 2424 et
2215 2359 2364 2425 fide-

1232 2626 1474 2692 XVIII.

793 2747 906 2804 Scr.
935 2747 1149 2816 Arpini
1191 2748 1244 2801 V
1277 2749 1351 2803 K.
1383 2749 1520 2817 Apr.
1550 2766 1600 2802 a.
1634 2751 1743 2803 705
1781 2750 1921 2816 (49).
2392 2761 2441 2799 εει

948 2870 1235 2926 CICERO
1269 2870 1561 2927 ATTICO
1596 2871 1759 2926 SAL.

474 2977 839 3064 Utrumque
896 3001 971 3045 ex
1028 2984 1142 3045 tuo
1190 2979 1488 3064 consili03
1551 3001 1703 3044 nam
1749 2984 1813 3043 et
1861 2980 2070 3045 oratio
2117 2979 2244 3044 fuit
2292 3001 2367 3045 ea

342 3073 585 3155 nostra,
629 3073 705 3133 ut
750 3070 911 3133 bene
956 3069 1175 3152 potius
1223 3068 1333 3131 ille
1378 3068 1455 3131 de
1499 3067 1689 3132 nobis
1733 3067 2133 3134 existimaret
2171 3090 2365 3153 quam

345 3156 588 3242 gratias
635 3161 872 3244 ageret,
915 3161 980 3222 et
1025 3156 1094 3220 in
1140 3178 1214 3221 eo
1262 3155 1637 3240 mansimus,
1681 3179 1762 3221 ne
1810 3157 1890 3220 ad
1927 3157 2170 3221 urbem.
2242 3155 2365 3221 Illa

342 3245 727 3331 fefellerunt,
770 3245 1023 3310 facilem
1062 3245 1235 3329 quod
1271 3248 1665 3328 putaramuS.
1738 3243 1925 3309 Nihil
1962 3246 2095 3309 vidi
2131 3245 2364 3310 minus..
2394 3272 2449 3313 so

342 3330 654 3396 Damnari
727 3354 795 3397 se
863 3337 1090 3396 nostro
1156 3332 1422 3417 iudicio,
1477 3333 1790 3397 tardiores
1855 3332 1997 3398 fore
2061 3334 2367 3419 reliquos,

346 3419 403 3483 si
445 3440 566 3483 nos
607 3441 741 3484 non
776 3422 1157 3504 veniremus,
1205 3421 1427 3486 dicere.
1500 3421 1646 3506 Ego
1687 3421 2067 3486 dissimilem
2103 3421 2365 3487 illorum

346 3526 484 3570 esse
523 3527 794 3573 causam.
870 3505 1032 3573 Cum
1069 3509 1293 3594 multa,
1332 3508 1523 3574 ‘Veni
1558 3510 1761 3595 igitur
1797 3514 1863 3574 et
1900 3531 2018 3597 age
2053 3510 2130 3575 de
2167 3510 2366 3594 pace?
