2642 3923
691 188 1202 244 EPISTULARUM
1237 188 1338 243 AD
1375 187 1700 244 ATTICUM
1737 189 1790 242 II
1828 194 1876 259 7,
1912 193 1964 244 8.
2250 190 2333 252 51

1239 417 1416 483 VIII.

608 550 611 555 ⁴
724 541 837 596 Ser.
877 541 1019 595 Anti
1053 541 1227 595 medio
1264 558 1332 595 m.
1359 511 1508 610 'Apta
1549 558 1600 596 a.
1640 545 1750 597 695
1789 546 1928 609 (59).

954 662 1209 718 CICERO
1247 662 1510 719 ATTICO
1551 663 1699 718 SAL.

452 772 822 857 Epistulam
851 793 995 836 cum
1024 795 1061 835 a
1088 777 1152 837 te
1181 772 1363 837 avide
1398 776 1827 855 exspectarem
1870 773 1950 837 ad
1984 795 2341 859 vesperum,
2380 793 2401 837 1

275 888 301 929 ε
329 867 402 927 ut
440 861 634 947 soleo,
669 882 809 925 ecce
845 860 968 924 tibi
1002 861 1270 925 nuntius
1307 882 1541 944 pueros
1570 860 1820 925 venisse
1846 859 2078 925 Roma!
2143 860 2341 948 VocO,

323 971 587 1034 quaem,
615 913 864 1032 ecquid
904 948 1300 1013 litterarum
1401 947 1677 1033 Negant.
1769 947 1959 1024 Quid
2013 951 2175 1014 ais‘?'
2249 951 2341 1014 in·

323 1060 533 1122 quam,
579 1037 846 1101 nihilne
894 1059 932 1100 a
967 1035 1394 1138 Pomponio‘P'
1466 1035 1800 1100 Perterriti
1846 1059 2000 1102 voce
2046 1042 2110 1102 et
2154 1038 2339 1103 vultu

320 1126 594 1190 confessi
639 1129 790 1189 sunt
837 1146 904 1189 se
951 1125 1294 1209 accepisse,
1342 1123 1450 1189 sed
1497 1125 1805 1189 excidisse
1850 1125 1919 1189 in
1963 1126 2082 1190 via.
2176 1125 2340 1202 Quid

322 1213 619 1298 quaeris?
674 1213 1057 1297 permoleste
1111 1214 1260 1298 tuli3
1319 1213 1499 1277 nulla
1556 1214 1724 1277 enim
1783 1213 1896 1278 abs
1950 1218 2016 1278 te
2061 1236 2174 1299 per
2219 1214 2338 1278 hos

239 1331 292 1368 ιο
322 1303 453 1366 dies
511 1300 787 1386 epistula
840 1301 1051 1365 inanis
1108 1302 1321 1384 aliqua
1375 1323 1444 1365 re
1498 1302 1645 1364 utili
1703 1307 1767 1366 et
1823 1303 2003 1366 suavi
2063 1308 2336 1366 venerat

323 1389 385 1455 N
388 1412 531 1475 unc
578 1391 634 1454 si
670 1390 824 1473 quid
861 1391 929 1452 in
966 1412 1039 1454 ea
1077 1389 1373 1475 epistula,
1420 1411 1611 1472 quam
1649 1394 1797 1454 ante
1834 1391 2001 1455 diem
2038 1408 2160 1454 xvl
2195 1390 2337 1455 Kal.

322 1479 524 1543 Maias
573 1478 832 1562 dedisti,
885 1477 1011 1542 fuit
1054 1478 1329 1542 historia
1373 1478 1668 1562 dignum,
1723 1478 1928 1542 scribe
1975 1501 2168 1581 quam
2214 1481 2339 1562 pri·
2407 1524 2412 1527 -

321 1590 524 1652 mum,
592 1587 673 1631 ne
745 1566 1141 1650 ignoremus3
1215 1567 1320 1629 sin
1391 1566 1557 1629 nihil
1623 1570 1874 1649 praeter
1939 1558 2340 1651 iocatlonem,

322 1655 511 1720 redde
557 1654 623 1719 id
667 1655 898 1738 ipsum.

242 1772 294 1811 15
453 1742 544 1807 Et
608 1744 770 1807 scito
837 1740 1182 1807 Curionem
1245 1686 1715 1806 adulescentem
1778 1744 2029 1807 venisse
2095 1744 2173 1807 ad
2237 1766 2339 1808 mc

325 1832 692 1895 salutatum.
801 1829 1004 1894 Valde
1079 1830 1215 1894 eius
1290 1851 1498 1893 sermo
1564 1829 1639 1893 de
1702 1827 1934 1895 Publio
1999 1853 2142 1895 cum
2206 1832 2338 1895 tuis

323 1919 560 1985 litteris
628 1918 1048 2004 congruebat3
1117 1919 1254 2002 ipse
1318 1939 1469 1982 vero
1533 1918 1894 1983 mirandum
1957 1919 2026 1983 in
2080 1920 2339 1984 modum

325 2010 571 2094 ‘reges
637 2008 889 2073 odisse
964 2007 1380 2091 superbos'.
1489 2005 1811 2090 Peraeque
1883 2009 2186 2071 narrabat
2248 2010 2339 2073 in·

323 2118 576 2162 censam
621 2118 760 2160 esse
803 2095 1204 2160 iuventutem
1249 2116 1454 2178 neque
1497 2095 1661 2160 ferre
1699 2096 1854 2159 haec
1889 2098 2094 2179 posse.
2169 2097 2339 2160 Bene

244 2212 297 2251 zo
324 2185 648 2251 habemus
739 2182 898 2268 Nos,
944 2185 1001 2248 si
1046 2184 1115 2247 in
1160 2184 1261 2247 his
1310 2205 1454 2267 spes
1502 2188 1626 2268 est,
1674 2184 1928 2267 opinor,
1977 2184 2149 2248 aliud
2196 2206 2340 2269 aga-

323 2295 482 2338 mus.
574 2272 718 2355 Ego
764 2293 866 2336 me
911 2271 991 2335 do
1028 2271 1365 2357 historiae,
1411 2293 1800 2355 quamquam
1844 2271 1994 2336 licet
2038 2295 2141 2336 me
2189 2272 2339 2338 Sau-

323 2362 521 2426 feium
567 2364 752 2444 putes
800 2381 955 2425 esse.
1045 2358 1230 2423 Nihil
1273 2382 1377 2424 me
1422 2364 1519 2423 est
1564 2360 1850 2424 inertius,

460 2448 583 2513 Sed
637 2468 949 2533 cognosce
1003 2448 1234 2512 itinera
1285 2452 1538 2534 nostra,
1592 2453 1664 2512 ut
1720 2452 1968 2512 statuas
1977 2500 1995 2534 ,
2056 2450 2169 2513 ubi
2220 2471 2340 2513 nos
2378 2468 2408 2514 εὶ

323 2538 578 2603 visurus
626 2537 731 2601 sis,
815 2536 891 2599 In
932 2535 1344 2600 Formianum
1390 2537 1686 2600 volumus
1733 2538 1948 2601 venire
1992 2535 2341 2622 Parilibu83

244 2652 297 2692 25
324 2626 489 2711 inde,
533 2626 837 2709 quoniam
882 2628 1072 2708 putas
1117 2624 1755 2708 praetermittendum
1798 2625 1989 2689 nobis
2038 2647 2173 2690 esse
2218 2626 2341 2690 hoc

324 2719 610 2797 tempore
657 2711 918 2779 Cratera
976 2712 1160 2776 illum
1215 2712 1583 2797 delicatum,
1632 2712 1773 2777 Kal.
1820 2712 2010 2777 Maiis
2067 2714 2144 2777 de
2188 2712 2341 2778 For-

324 2803 537 2867 miano
602 2802 1104 2886 proficiscemur,
1169 2805 1243 2865 ut
1306 2800 1469 2864 Anti
1527 2801 1726 2864 simus
1792 2824 1844 2866 a.
1901 2801 1955 2864 d„
2012 2820 2059 2865 v
2117 2800 2339 2866 Nonas

325 2890 547 2956 Maias
637 2889 803 2954 Ludi
849 2890 1019 2954 enim
1064 2889 1225 2953 Anti
1269 2889 1475 2953 futuri
1522 2893 1673 2952 sunt
1720 2912 1757 2953 a
1800 2908 1906 2952 1111
1951 2889 2030 2953 ad
2074 2913 2167 2974 pr.
2210 2889 2341 2955 No-

326 3002 440 3044 nas
487 2978 704 3043 Maias
789 2977 922 3042 Eos
971 2977 1183 3041 Tullia
1231 2981 1516 3061 spectare
1561 2977 1717 3042 vult.
1808 2976 1964 3041 Inde
2010 2979 2224 3062 cogito
2273 2978 2342 3042 in

245 3095 298 3135 so
326 3067 774 3150 Tusculanum,
821 3066 1044 3130 deinde
1094 3066 1426 3149 Arpinum,
1471 3064 1744 3129 Romam
1792 3067 1870 3129 ad
1914 3065 2056 3130 Kal.
2102 3064 2337 3131 Iunias

327 3154 416 3220 Te
472 3160 583 3219 aut
634 3156 704 3219 in
748 3154 1090 3219 Formiano
1144 3161 1256 3218 aut
1301 3153 1461 3217 Anti
1509 3158 1620 3217 aut
1665 3153 1735 3216 in
1781 3154 2141 3219 Tusculano
2191 3177 2340 3219 cura

326 3248 400 3308 ut
445 3244 784 3308 videamus,
872 3242 1241 3326 Epistulam
1288 3241 1682 3326 superiorem
1725 3242 1995 3306 restitue
2039 3243 2229 3306 nobis
2278 3248 2340 3307 et

328 3332 600 3416 adpinge
648 3331 888 3414 aliquid
932 3332 1100 3395 novi.
