2642 3923
339 192 422 255 74
493 190 566 245 Μ.
607 190 821 245 TULLI
858 189 1234 246 CICERONIS
1271 190 1493 247 EPIST.
1531 191 1632 245 AD
1668 191 1995 247 ATTICUM
2032 192 2085 246 H
2122 200 2205 247 25.

340 335 469 398 tius
531 355 648 399 nee
708 333 1238 398 honorificentius
1301 355 1418 399 nee
1483 335 1808 418 copiosius
1862 336 2154 420 potuisse
2217 336 2357 402 diei.

337 422 420 486 Ei
466 426 532 486 {ze
575 421 699 487 hoe
744 421 1022 487 seribere
1067 445 1105 486 a
1149 443 1250 486 me
1296 423 1421 487 tibi
1476 444 1614 488 esse
1668 423 1941 488 missum
1996 446 2147 489 sane
2192 425 2355 489 volo,

267 528 298 576 2
341 509 466 575 Sed
493 510 648 595 quid
675 515 750 574 tu
796 510 1083 575 scribas?
1130 532 1320 594 quem
1349 511 1478 575 iam
1506 532 1626 597 ego
1657 512 1875 576 venire
1920 515 2113 596 atque
2144 513 2369 577 adesse·

340 598 646 683 arbitron
684 598 778 663 ita
806 599 977 663 enim
1004 598 1107 683 egi
1137 603 1350 663 tecum
1380 600 1819 683 superioribus
1847 600 2101 666 litteris.
2157 600 2360 666 Valde

340 691 405 751 te
459 691 785 774 exspect0‚
838 686 1022 751 valde
1085 686 1370 752 desidero
1427 709 1634 773 neque
1698 709 1818 774 ego
1873 689 2110 774 magis,
2169 711 2361 774 quam
2415 717 2439 756 5

341 776 480 859 ipsa
525 797 627 840 res
673 779 739 840 et
783 779 1040 859 tempus
1085 777 1311 859 poscit.

472 863 595 928 His
641 864 718 928 de
753 862 1034 949 negoiziis
1073 864 1227 947 quid
1274 864 1550 929 scribam
1589 864 1669 928 ad
1713 869 1779 930 te
1812 864 1940 929 nisi
1984 865 2153 929 idem
2190 865 2363 951 quod

342 952 571 1037 saepe?
617 973 687 1017 re
730 952 987 1036 publiea
1030 951 1196 1016 nihil
1232 951 1649 1037 desperatius,
1694 952 1794 1037 iis,
1842 974 2114 1037 quorum
2151 975 2361 1038 opera,

341 1040 507 1105 nihil
550 1041 791 1105 maiore
839 1039 1001 1105 odio.
1092 1038 1260 1126 Nos,
1315 1045 1389 1105 ut
1438 1041 1656 1124 opinio
1704 1046 1769 1105 et
1817 1062 1963 1125 spes
2011 1046 2076 1107 et
2120 1043 2361 1106 eoniee-

345 1134 488 1194 tura
558 1134 784 1194 nostra
843 1129 970 1193 fert
1072 1128 1442 1194 firmissima
1516 1128 1958 1194 benevolentia
2023 1130 2359 1195 hominum
2388 1158 2440 1196 10

340 1217 575 1282 muniti
621 1238 861 1282 sumus.
951 1181 1176 1293 Quare,
1206 1217 1461 1302 advola3
1517 1222 1630 1281 aut
1675 1218 1970 1302 expedies
2014 1240 2135 1284 nos
2183 1219 2359 1283 omni

341 1305 638 1371 molestia
684 1309 794 1370 aut
839 1305 964 1369 eris
1009 1305 1345 1388 particeps,
1434 1303 1587 1370 Ideo
1634 1327 1777 1370 sum
1832 1306 2115 1392 brevior,
2170 1307 2359 1392 quod,

342 1398 417 1460 ut
462 1415 668 1479 spere,
712 1415 926 1459 eoram
962 1393 1140 1457 brevi
1177 1397 1466 1478 tempore
1504 1393 1807 1480 conferre,
1844 1416 2006 1479 quae
2042 1396 2360 1480 volumus,

342 1481 580 1548 licebit.
672 1479 861 1568 Oura,
906 1486 979 1546 ut
1024 1482 1253 1547 valeas.
