2642 3923
230 993 296 1042 1⁷

232 1964 298 2015 18

341 221 464 286 166
999 221 1072 276 Μ.
1112 221 1326 276 TULLI
1361 221 1737 278 CICERONIS

333 364 475 430 dico
539 386 640 429 me
702 365 1080 430 centesimas
1139 365 1508 450 ducturum3
1574 366 1630 429 si
1682 386 1815 429 non
1871 365 2209 449 solverint,
2270 386 2347 429 ex

333 453 644 537 pactione.
734 450 962 537 Itaque
1007 457 1073 517 et
1119 451 1347 518 Graeci
1393 454 1656 518 solvunt
1700 453 2027 518 tolerabili
2070 454 2349 537 faenore,

334 545 400 605 et
460 540 819 626 publicanis
881 562 984 607 res
1039 544 1138 606 est
1193 540 1589 626 gratissima,
1648 542 1703 606 si
1759 542 1898 606 illa
1924 542 2052 605 iam
2106 541 2349 606 habent

334 629 523 713 pleno
561 629 794 714 modio,
831 629 1175 694 verborum
1201 629 1530 714 honorem,
1566 630 2016 695 invitationem
2042 629 2346 694 crebram.

333 716 499 792 Quid
532 717 762 801 plura?
809 721 962 782 sunt
998 739 1216 782 omnes
1253 718 1347 781 ita
1381 717 1543 783 mihi
1579 718 1944 804 familiares,
1980 722 2055 781 ut
2084 739 2151 782 se
2178 718 2348 802 quis·
2402 745 2427 784 5

334 827 457 889 que
500 805 776 871 maxime
820 810 1022 890 putet.
1097 804 1222 871 Sed
1266 810 1485 871 tamen
1530 803 1762 890 “μηδὲν
1807 771 2055 883 aevsszg’
2099 842 2184 854 —
2223 806 2348 870 scis

332 894 595 977 reliqua.

465 981 563 1048 De
628 986 843 1047 statua
886 980 1177 1046 Africani
1239 980 1330 1069 (ὢ
1382 983 1785 1068 πραγμάτων
1837 982 2350 1065 ἀσυγκλώστωνὶ

335 1070 446 1134 sed
499 1092 601 1134 me
654 1072 726 1135 id
776 1071 989 1153 ipsum
1043 1070 1384 1135 delectavit
1436 1070 1508 1135 in
1560 1070 1690 1134 tuis
1744 1068 2025 1157 litteris)
2081 1071 2188 1135 ain
2232 1071 2349 1135 tu?

335 1157 548 1243 Scipio
611 1158 718 1226 hic
775 1157 1075 1223 Metellus
1138 1179 1452 1242 proavum
1515 1180 1703 1222 suum
1755 1158 1962 1223 nescit
2023 1180 2349 1223 censorem
2375 1184 2427 1223 10

330 1268 463 1311 non
516 1246 765 1311 fuisse?
837 1246 1042 1329 Atqui
1086 1246 1253 1310 nihil
1297 1245 1529 1310 habuit
1576 1246 1749 1332 aliud
1792 1246 2174 1330 inscriptum
2218 1248 2347 1312 nisi

335 1350 479 1399 cos,
525 1356 599 1399 33
643 1338 876 1419 statua,
922 1355 1084 1419 quae
1121 1334 1201 1398 ad
1238 1332 1456 1419 Opis†
1492 1355 1607 1419 per
1640 1339 1706 1400 te
1741 1334 1957 1419 posita
1993 1336 2062 1399 in
2096 1335 2345 1400 excelso

333 1427 448 1499 est.
520 1420 758 1487 1111113
793 1427 1027 1508 autem,
1072 1443 1235 1507 quae
1272 1427 1372 1487 est
1410 1422 1488 1486 ad
1525 1421 1952 1500 Πολυκλέους
1986 1421 2345 1508 Herculem,

332 1509 714 1596 inscriptum
749 1516 848 1577 est
876 1475 1174 1595 OON'SUL3
1211 1533 1403 1595 quam
1431 1531 1569 1576 esse
1596 1511 1878 1575 eiusdem
1906 1514 2133 1593 status,
2159 1511 2345 1575 amic-

333 1603 470 1683 tus,
523 1599 782 1684 anulus,
836 1599 1051 1685 imago
1097 1599 1241 1682 ipsa
1285 1598 1580 1664 declarat.
1670 1597 1761 1663 At
1805 1598 2161 1664 mehercule
2208 1620 2425 1685 eg0,15

332 1708 479 1752 cum
522 1687 594 1753 in
636 1691 848 1752 turma
893 1688 1335 1751 inauratarum
1379 1687 1802 1772 equestrium,
1860 1707 2019 1771 quas
2063 1687 2169 1752 hic
2214 1687 2344 1753 Me·

332 1776 526 1842 tellus
589 1775 661 1841 in
712 1773 1035 1860 Capitolio
1089 1776 1342 1862 posuit,
1404 1775 1991 1860 animadvertissem
2044 1776 2113 1840 in
2168 1774 2345 1840 Sera-

336 1863 547 1949 pionis
584 1863 1056 1947 subscriptione
1091 1828 1427 1928 Africani‘
1407 1864 1771 1949 imaginem,
1806 1867 2089 1928 erratum
2115 1864 2345 1929 fabrile

335 1953 588 2040 putavi,
641 1975 809 2018 nunc
868 1951 1052 2017 video
1097 1950 1359 2017 Metelli.
1450 1950 1505 2018 Ο
1551 1952 2021 2038 ἀνιστορησίαν
2065 1954 2344 2037 turpem!

335 2040 400 2108 N
402 2064 506 2107 am
548 2006 710 2107 illud
754 2041 831 2106 de
874 2039 1097 2106 Flavio
1143 2045 1209 2105 et
1252 2041 1470 2125 fastis,
1524 2041 1581 2105 si
1627 2063 1806 2106 secus
1844 2045 1960 2127 est,
2013 2062 2344 2107 commune
2371 2067 2426 2106 so

335 2134 620 2196 erratum
672 2134 799 2216 est,
860 2133 927 2193 et
979 2132 1054 2194 tu
1105 2128 1272 2193 belle
1325 2129 1688 2214 ἡπόρησας,
1740 2133 1806 2193 et
1858 2150 1977 2194 nos
2022 2129 2345 2214 publicam

333 2240 535 2303 prope
572 2218 937 2320 opinionem
973 2218 1177 2282 secuti
1213 2239 1454 2304 sumus,
1495 2222 1570 2281 ut
1605 2217 1811 2282 multa
1847 2218 2015 2301 apud
2052 2215 2342 2283 Graecos.

336 2306 493 2383 Quis
547 2307 719 2371 enim
768 2327 903 2370 non
952 2305 1116 2369 dixit
1168 2306 1498 2389 Εὔπολιν,
1561 2306 1682 2370 τὸν
1738 2315 1853 2389 τῆς
1907 2305 2208 2391 ἀρχαίας,
2263 2306 2343 2371 ab

278 2440 284 2447 ·
335 2394 667 2460 Alcibiade
701 2394 1046 2479 navigante
1080 2394 1152 2457 in
1187 2391 1474 2458 Siciliam
1511 2393 1823 2458 deiectum
1860 2415 1998 2458 esse
2031 2394 2102 2458 in
2127 2395 2345 2459 mare?

100 3320 105 3324 ·
234 3294 299 3343 19

334 2481 694 2569 Redarguit
745 2481 1234 2566 Eratosthenes,
1299 2481 1504 2546 adfert
1561 2482 1755 2563 enim,
1816 2503 1974 2566 quas
2027 2482 2137 2547 ille
2195 2488 2345 2568 post
2372 2506 2426 2546 2⁵

338 2571 404 2636 id
455 2575 710 2655 tempus
763 2570 1016 2635 fabulas
1070 2569 1373 2634 docuerit.
1463 2567 1639 2634 Num
1692 2535 1927 2635 idcirco
1985 2569 2182 2635 Duris
2237 2569 2346 2636 Sa·

335 2659 523 2745 mius,
574 2659 769 2725 homo
814 2660 886 2723 in
926 2658 1200 2722 historia
1242 2658 1536 2744 diligens,
1580 2658 1751 2742 quod
1794 2680 1939 2724 cum
1982 2659 2207 2724 multis
2251 2681 2345 2724 er·

337 2749 524 2834 ravit,
561 2747 919 2812 inridetur?
982 2746 1136 2823 Quis
1175 2745 1511 2811 Zaleucum
1546 2746 1721 2831 leges
1758 2744 1978 2812 Locris
2018 2747 2345 2832 scripsisse

335 2859 468 2902 non
529 2836 737 2900 dixit?
806 2833 983 2900 Num
1036 2835 1239 2919 igitur
1289 2835 1454 2899 iacet
1507 2833 2016 2921 TheophrastuS,
2078 2835 2136 2900 si
2188 2835 2255 2901 id
2310 2858 2347 2900 3

337 2925 623 3009 Timaeo,
685 2928 800 2989 tuo
863 2922 1193 3007 familiari,
1247 2944 1622 3006 reprensum
1685 2923 1828 2987 est?
1919 2888 2044 2988 Sed
2103 2925 2345 2989 nescire
2372 2948 2427 2988 so

336 3035 646 3115 proavum
700 3033 888 3076 suum
939 3032 1265 3076 censorem
1316 3032 1451 3075 non
1505 3011 1705 3075 fuisse
1749 3015 1939 3094 turpe
1985 3014 2110 3097 est,
2171 3033 2348 3096 prae-

339 3102 560 3167 sertim
618 3123 763 3165 cum
821 3105 969 3184 post
1028 3121 1173 3164 eum
1224 3099 1552 3164 consulem
1601 3120 1789 3164 nemo
1845 3064 2180 3164 Corneli'us
2232 3100 2347 3166 illo

337 3191 484 3256 vivo
528 3210 753 3254 censor
796 3188 1008 3253 fuerit.

471 3276 657 3354 Quod
700 3276 775 3340 de
818 3275 1172 3341 Philotimo
1223 3280 1290 3340 et
1336 3276 1412 3341 de
1465 3276 1785 3340 solutione
1820 3274 2066 3341 ΗΞ-
1970 3292 2162 3341 xch
2198 3277 2347 3342 scri·

336 3364 456 3449 bis,
491 3363 912 3430 Philotimum
949 3364 1201 3429 circiter
1237 3363 1380 3429 Kal.
1407 3363 1737 3429 Ianuarias
1774 3364 1842 3427 13
1880 3361 2348 3430 Chersonesum
2376 3390 2429 3430 ³5

337 3453 527 3517 audio
572 3452 837 3515 venisse.
911 3450 1002 3516 At
1045 3451 1137 3515 mi
1172 3452 1255 3516 ab
1292 3473 1369 3517 eo
1404 3452 1571 3516 nihil
1607 3451 1826 3517 adhuc.
1899 3451 2173 3537 Reliqua
2206 3475 2349 3518 mea

338 3537 648 3604 Camillus
694 3538 920 3603 scribit
967 3560 1034 3602 se
1079 3540 1412 3623 accepisse.
1485 3540 1584 3605 Ea
1630 3560 1792 3624 quae
1840 3540 1991 3625 sint,
2033 3542 2245 3607 nescio
2284 3546 2348 3606 et
