2642 3923
586 209 1099 265 EPISTULARUM
1133 211 1235 265 AD
1272 211 1599 267 ATTICUM
1637 212 1763 266 XIII
1801 218 2025 267 22—24.
2178 214 2305 274 411

294 357 418 418 tur.
500 352 598 418 De
645 355 879 439 quibus
924 356 1110 419 libris
1162 355 1286 419 scis
1337 377 1439 419 me
1485 355 1829 437 dubitasse,
1871 356 1981 419 sed
2026 360 2100 419 tu
2143 355 2310 419 vide·

292 443 399 594 lrlip).
492 440 684 526 Item,
739 466 901 528 quos
961 443 1167 508 Bruto
1215 443 1564 526 mittimus,
1618 443 1687 506 in
1732 444 2025 508 manibus
2071 442 2311 507 habent

389 552 558 594 rarn.

430 618 577 683 Mea
622 619 940 705 mandata,
986 624 1061 684 ut
1106 619 1353 704 scribiS,
1399 620 1658 703 explica.
1743 618 2136 705 Quamquam
2183 619 2312 682 ista
2345 637 2377 684 3

240 731 266 772 5
292 709 652 771 retentione
698 729 918 772 omnes
966 709 1059 772 ait
1103 708 1205 772 uti
1250 707 1616 793 Trebatius3
1673 709 1825 791 quid
1871 711 1944 771 tu
1990 709 2153 773 istos
2199 730 2311 791 pu—

292 796 438 859 tas?
510 794 706 861 Nosti
751 796 1025 860 domum.
1117 794 1326 872 Quare
1371 797 1608 860 confice
1653 796 2016 879 εὐαγώγως.
2107 794 2310 860 Ι11010-

294 883 490 948 dibile
534 888 634 948 est
641 934 659 967 ,
720 907 912 968 quam
961 905 1079 970 ego
1126 884 1253 948 ista
1299 906 1432 949 non
1477 906 1707 948 curem.
1801 883 1993 948 Omni
2038 885 2160 948 tibi
2208 884 2310 947 ad-

293 972 688 1037 severatione
752 973 1047 1059 adfirmo,
1121 973 1291 1057 quod
1355 972 1514 1037 mihi
1580 973 1795 1038 credas
1857 974 2076 1058 velim,
2147 972 2309 1036 mihi

292 1061 522 1125 maiori
572 1061 910 1125 offensioni
958 1083 1095 1125 esse
1142 1082 1337 1144 quam
1381 1060 1788 1125 delectationi
1834 1062 2308 1144 possessiuncu-

213 1174 265 1213 ιο
291 1148 390 1213 las
443 1169 635 1213 meas.
726 1148 938 1235 Magis
1002 1149 1170 1214 enim
1236 1149 1421 1214 doleo
1485 1172 1586 1213 me
1643 1171 1777 1214 non
1830 1149 2094 1234 habere,
2157 1149 2309 1232 quoi

292 1237 569 1321 tradam,
624 1259 814 1321 quam
865 1241 1102 1320 ya-udeo
1156 1237 1420 1322 habere,
1479 1237 1589 1322 qui
1634 1242 1795 1302 utar.
1887 1237 2104 1321 Atque
2150 1237 2312 1300 illud

293 1325 634 1390 'hebatius
682 1348 749 1391 se
787 1325 912 1390 tibi
950 1326 1186 1390 dixisse
1221 1326 1553 1409 narrabat3
1600 1330 1673 1390 tu
1711 1330 1926 1390 autem
1962 1327 2204 1390 veritus
2242 1347 2309 1389 es

291 1415 587 1499 fortasse,
630 1435 713 1479 ne
758 1435 877 1498 ego
924 1415 1168 1478 invitus
1217 1415 1518 1479 audirem.
1592 1413 1746 1479 Fuit
1790 1415 1858 1478 id
1905 1415 2160 1498 quidem
2195 1413 2309 1477 hu-

292 1502 642 1587 manitatis,
703 1503 832 1587 sed,
876 1502 1038 1567 mihi
1086 1502 1284 1586 crede,
1329 1504 1460 1566 iam
1505 1502 1630 1566 ista
1673 1525 1805 1567 non
1850 1525 2020 1568 curo,
2104 1501 2311 1578 Quare

214 1615 266 1656 ιε
294 1591 374 1655 (10
430 1595 496 1654 te
551 1590 622 1653 in
680 1612 1037 1655 sermonem
1091 1595 1156 1654 et
1214 1613 1471 1674 perseca
1526 1594 1590 1654 et
1635 1592 1872 1656 confice
1919 1595 1982 1656 et
2027 1591 2122 1655 ita
2165 1613 2310 1654 cum

290 1677 475 1742 Polla
519 1678 810 1764 loquere,
868 1682 943 1742 ut
989 1682 1054 1742 te
1100 1701 1245 1743 cum
1292 1679 1407 1742 illo
1456 1678 1690 1743 Scaeva
1733 1679 1915 1763 loqui
1960 1683 2148 1762 putes
2194 1700 2311 1743 nec

294 1766 619 1830 existimes
666 1788 791 1848 eOS,
838 1766 949 1849 qui
995 1788 1128 1830 non
1173 1766 1390 1830 debita
1435 1767 1788 1831 consectari
1826 1767 2093 1850 soleant,
2138 1768 2311 1850 quod

294 1854 618 1937 debeatur,
682 1855 1079 1919 remissuros.
1179 1853 1279 1918 De
1345 1854 1446 1918 die
1514 1859 1769 1919 tantum
1832 1855 2045 1920 videto
2110 1859 2174 1919 et
2245 1854 2309 1919 id

292 1943 508 2027 ipsum
554 1942 723 2008 bono
770 1938 976 2008 modo.

213 2147 266 2186 20
1186 2119 1421 2184 XXIV.

612 2240 724 2297 Ser.
755 2242 819 2295 in
860 2242 1173 2295 Tusculano
1217 2241 1270 2295 V
1298 2242 1387 2296 Id.
1424 2241 1608 2311 Quint.
1640 2259 1690 2295 α.
1724 2246 1833 2297 709
1871 2244 2006 2310 (45).

899 2364 1189 2420 CICERO
1223 2364 1514 2419 ATTICO
1551 2365 1714 2420 SAL.

428 2471 596 2548 Quid
650 2477 776 2559 est,
831 2474 1004 2556 quod
1049 2471 1486 2557 Hermogenes
1546 2472 1705 2537 mihi
1755 2471 2016 2538 Clodius
2062 2473 2310 2538 Andro·
2347 2490 2374 2538 1

293 2582 541 2626 menem
610 2560 734 2625 sibi
799 2561 1035 2625 dixisse
1100 2583 1167 2625 se
1230 2559 1598 2626 Ciceronem
1656 2562 1893 2625 vidisse
1953 2560 2308 2646 Corcyrae?

214 2675 267 2715 25
294 2649 439 2734 Ego
509 2649 681 2712 enim
750 2649 968 2713 audita
1035 2648 1159 2713 tibi
1226 2653 1540 2733 putaram.
1653 2648 1767 2713 Nil
1836 2650 2037 2735 igitur
2103 2672 2184 2716 110
2251 2651 2309 2715 01

296 2738 552 2822 quidem
606 2736 1014 2802 litterarum}>
1087 2736 1194 2801 An
1244 2759 1377 2802 non
1438 2738 1643 2802 vidit?
1716 2737 1936 2802 Facies
1993 2760 2174 2824 erg0,
2236 2743 2309 2803 ut

296 2849 507 2891 sciam.

429 2912 595 2989 Quid
653 2914 777 2977 tibi
836 2934 956 2998 ego
1017 2914 1093 2978 de
1156 2914 1449 2979 Varrone
1510 2915 1900 2980 rescribam?
1991 2914 2310 2991 Quattuor

299 3002 619 3086 διφθέραι
666 3006 818 3066 sunt
862 3003 929 3065 in
977 3006 1090 3066 tua
1135 3007 1471 3086 potestate.
1557 3001 1743 3077 Quod
1788 3004 2011 3088 egeris,
2057 3005 2121 3067 id
2167 3025 2310 3086 pro-

215 3118 269 3158 :30
296 3091 482 3155 babo.
556 3088 694 3155 Nec
729 3094 947 3154 tamen
984 3090 1308 3175 ἀἰδέομαι
1355 3092 1619 3176 Τρῶας’.
1695 3090 1860 3167 Quid
1898 3092 2110 3156 enim?
2171 3090 2310 3177 Sed,

295 3180 423 3263 ipsi
483 3200 673 3261 quam
731 3200 833 3243 res
897 3179 1010 3242 illa
1064 3180 1474 3264 probaretur,
1534 3180 1739 3264 magis
1795 3180 2075 3244 verebar.
2170 3178 2309 3263 Sed,

297 3266 600 3353 quoniam
644 3270 718 3331 tu
765 3267 1055 3352 suscipis,
1100 3268 1170 3331 in
1213 3269 1477 3331 alteram
1527 3289 1760 3331 aurem.

427 3354 527 3419 De
560 3356 917 3420 retentione
954 3356 1253 3439 rescripsi
1285 3356 1365 3419 ad
1396 3360 1541 3420 tuas
1576 3361 1866 3420 accurate
1904 3356 2174 3440 scriptas
2208 3355 2312 3419 lit-
2346 3371 2378 3418 2
2406 3371 2550 3418 (xxv
2583 3375 2618 3422 ι]

295 3450 483 3510 teras
561 3442 871 3508 Conficies
917 3444 1120 3528 igitur
1167 3448 1232 3508 et
1270 3444 1525 3527 quidem
1566 3444 1702 3508 sine
1737 3444 1871 3507 ulla
1908 3443 2309 3507 dubitatione

214 3561 267 3600 35
296 3538 407 3597 aut
453 3532 918 3597 retrectatione.
1002 3532 1144 3597 Hoc
1187 3532 1327 3597 fieri
1374 3538 1438 3596 et
1486 3535 1743 3616 oportet
1787 3536 1852 3595 et
1898 3553 2058 3614 opus
2105 3534 2220 3595 est.
