2642 3923
619 210 1134 266 EPISTULARUM
1170 211 1271 266 AD
1307 210 1634 265 ΑΤΤΙοΠΜ
1669 210 1798 264 xm
1835 216 2025 265 7—10.
2206 208 2336 274 399

317 352 505 418 Bruti
554 352 1001 420 Caelianorum
1056 353 1249 418 velim
1303 353 1468 418 mihi
1520 355 1743 419 mittas
1791 358 1855 417 et
1902 376 1939 417 a
1982 352 2337 419 Philoxeno

319 446 693 510 Παναιτίου
738 441 889 528 περὶ
934 447 1271 528 προνοίας.
1345 442 1435 508 Τ6
1480 440 1703 507 Idibus
1740 440 1968 507 videbo
2006 463 2153 507 cum
2189 441 2335 506 tuis.

1269 616 1380 683 IX.

585 740 698 795 Sor.
726 740 792 794 im
831 739 1147 794 Tusculano
1182 738 1343 793 XIV
1374 738 1448 793 K.
1483 740 1671 810 Quint.
1702 757 1754 794 a.
1787 741 1899 795 709
1935 742 2072 809 (45).

265 874 292 915 ε
921 861 1214 918 CICERO
1247 861 1542 919 ATTICO
1577 862 1745 918 SAL.

451 970 874 1037 Commodum
921 972 1302 1036 discesseras
1345 971 1507 1057 heri,
1568 993 1712 1037 cum
1757 971 2098 1037 Trebatius
2142 972 2339 1057 venit,
2377 984 2403 1033 1

318 1061 509 1145 paulo
568 1066 719 1146 post
773 1058 1065 1145 Curtius,
1118 1058 1226 1125 hic
1284 1060 1607 1124 salutandi
1660 1082 1878 1145 causa,
1936 1060 2048 1126 sed
2099 1060 2338 1125 mansit

320 1149 647 1214 invitatus.
720 1148 1096 1213 Trebatium
1131 1148 1467 1214 nobiscum
1501 1148 1831 1214 habemus.
1902 1146 2115 1213 Hodie
2151 1169 2338 1212 mane

317 1236 669 1303 Dolabella.
743 1237 991 1302 Multus
1037 1258 1249 1302 sermo
1286 1237 1368 1303 ad
1402 1237 1681 1301 multum
1719 1237 1900 1302 diem.
1973 1234 2159 1301 Nihil
2195 1258 2337 1320 pos-

240 1353 290 1392 10
320 1348 463 1390 sum
510 1326 717 1391 dicere
762 1325 1238 1411 ἐκτενέστερον,
1280 1325 1449 1390 nihil
1485 1328 2098 1410 φιλοστοργότερον.
2171 1324 2338 1389 Ven-

317 1419 458 1479 tum
504 1418 604 1479 est
647 1419 867 1479 tamen
912 1414 992 1478 ad
1036 1412 1364 1490 Quintum.
1455 1413 1665 1479 Multa
1710 1416 1950 1497 ἄφατα,
1997 1412 2335 1499 ἀδιήγητα,

231 1584 235 1588 ¹
321 1503 430 1568 sed
484 1525 684 1567 unum
740 1502 877 1567 eius
922 1502 1124 1587 modi,
1179 1502 1353 1585 quod
1397 1502 1526 1566 nisi
1571 1503 1886 1567 exercitus
1933 1502 2152 1588 sciret,
2205 1524 2338 1567 non

317 1591 509 1655 modo
557 1590 781 1654 Tironi
819 1591 1077 1675 dictare,
1122 1590 1232 1663 sed
1266 1612 1350 1654 ne
1385 1590 1526 1673 ipse
1563 1591 1820 1673 quidem
1856 1590 2152 1655 auderem
2189 1591 2336 1655 scri·

318 1680 484 1744 bere.
577 1676 702 1743 Sed
744 1678 1072 1743 hactenus.

243 1794 291 1833 ιε»
453 1765 801 1852 Εὐκαίρως
848 1766 927 1831 ad
971 1788 1074 1831 me
1117 1766 1325 1851 venit,
1378 1788 1524 1831 cum
1565 1765 1869 1831 haberem
1912 1765 2337 1853 Dolabellam,

318 1853 718 1938 Torquatus,
773 1853 1363 1937 humanissimeque
1407 1853 1772 1939 Dolabella,
1827 1855 2062 1938 quibus
2120 1855 2334 1920 verbis

320 1965 534 2008 secum
597 1943 895 2030 egissem,
962 1942 1275 2028 exposuit.
1380 1940 1799 2008 Commodum
1858 1943 2027 2008 enim
2081 1965 2334 2029 egeram

319 2031 839 2118 diligentissime3
886 2054 1047 2117 quae
1083 2031 1420 2116 diligentia
1456 2036 1644 2117 grata
1679 2035 1778 2095 est
1815 2032 1953 2096 visa
1988 2031 2334 2116 Torquato.

316 2119 379 2185 A
431 2126 497 2185 te
542 2124 839 2205 exspecto
849 2172 868 2205 ,
929 2122 985 2185 si
1032 2120 1186 2205 quid
1232 2121 1308 2185 de
1354 2120 1579 2185 Bruto.
1670 2119 2070 2203 Quamquam
2114 2118 2333 2186 Nicias
2373 2133 2401 2179 2

238 2235 290 2275 2⁰
316 2209 678 2274 confectum
734 2209 1035 2296 putabat,
1087 2209 1196 2273 sed
1255 2209 1606 2274 divortium
1646 2230 1782 2273 non
1823 2208 2103 2292 probari.
2194 2208 2332 2285 Quo

318 2298 513 2363 etiam
556 2298 765 2382 magis
809 2298 1035 2362 laboro
1079 2298 1249 2362 idem
1293 2298 1467 2382 quod
1509 2301 1601 2362 tu.
1694 2295 1765 2362 Si
1820 2297 1976 2380 quid
2020 2301 2119 2362 est
2166 2298 2334 2362 enim

320 2386 712 2470 offensioniS,
754 2385 910 2451 haec
953 2408 1056 2451 res
1100 2385 1339 2450 mederi
1382 2389 1616 2470 potest.

450 2473 615 2539 Mihi
658 2474 980 2558 Arpinum
1026 2474 1303 2539 eundum
1352 2477 1465 2538 est.
1537 2472 1709 2538 Nam
1754 2477 1820 2538 et
1858 2495 2019 2558 opus
2056 2477 2155 2538 est
2191 2496 2336 2539 con-

317 2562 504 2627 stitui
566 2584 605 2627 a
665 2563 857 2628 nobis
921 2562 1033 2627 illa
1087 2562 1439 2647 praediola,
1501 2566 1567 2627 et
1619 2584 1869 2647 vereor,
1930 2584 2012 2626 ne
2066 2563 2334 2629 exeundi

238 2679 288 2719 25
315 2654 605 2736 potestas
641 2673 777 2716 non
812 2652 917 2737 sit,
953 2673 1099 2716 cum
1137 2648 1370 2715 Caesar
1405 2651 1679 2735 venerit3
1725 2651 1802 2714 de
1839 2651 2020 2715 cuius
2058 2651 2336 2716 adventu

319 2760 459 2804 eam
505 2740 869 2823 opinionem
906 2738 1245 2805 Dolabella
1286 2737 1503 2826 habet,
1548 2761 1742 2824 quam
1784 2742 1859 2802 tu
1905 2739 2335 2805 coniecturam

316 2826 593 2914 faciebas
658 2850 746 2892 ex·
788 2828 1026 2893 litteris
1081 2827 1435 2893 Messallae.
1526 2825 1690 2892 Cum
1744 2827 1901 2892 illuc
1955 2849 2187 2892 venero
2242 2829 2333 2893 in-

318 2915 769 3003 tellexeroque,
815 2917 970 3000 quid
1014 2916 1268 3001 nogotii
1313 2916 1422 3003 sit,
1464 2920 1625 3002 tum,
1669 2914 1748 2981 ad
1794 2937 1956 2999 quos
2002 2916 2135 2980 dies
2175 2918 2335 2982 redi-

315 3009 503 3069 turus
549 3003 690 3092 sim,
736 3006 1010 3070 scribam
1056 3006 1136 3070 ad
1178 3008 1260 3069 te.

1285 3144 1362 3210 X.

236 3174 288 3213 30
316 3249 429 3305 Ser.
461 3251 524 3303 in
566 3250 875 3305 Tusculano
910 3250 1055 3304 inter
1090 3266 1141 3303 a.
1170 3249 1225 3303 d.
1255 3248 1431 3303 XIII
1448 3255 1499 3303 et
1524 3249 1628 3303 XI
1656 3248 1730 3303 K.
1767 3248 1953 3319 Quint.
1983 3265 2034 3303 a.
2058 3251 2167 3303 709
2196 3251 2332 3317 (45).

921 3353 1211 3410 CICERO
1244 3353 1537 3409 ATTICO
1572 3354 1739 3409 SAL.

448 3446 715 3513 Minime
767 3446 969 3511 miror
1022 3449 1089 3511 te
1149 3449 1215 3510 et
1258 3446 1544 3531 graviter
1589 3446 1754 3508 ferre
1799 3443 1877 3509 de
1920 3443 2223 3508 Marcello
2273 3448 2336 3508 et
2374 3456 2400 3505 1

314 3534 502 3620 plura
560 3534 762 3600 vereri
815 3533 1083 3618 periculi
1137 3554 1387 3620 genera.
1480 3532 1636 3610 Quis
1682 3531 1852 3596 enim
1894 3532 2019 3598 hoc
2061 3530 2335 3615 timeret,
