2642 3923
339 161 585 218 CXXXII
980 164 1405 220 ADNOTATIO
1445 163 1732 219 CRITICA

338 302 503 370 oium,
540 321 645 358 om.
667 310 734 370 Δ,
770 304 980 372 Baiter,
1016 305 1191 375 mayis
1225 306 1362 359 mihi
1396 305 1554 359 Boot.
1584 337 1655 346 —
1696 310 1761 359 13
1800 321 1902 360 sor.
1923 305 2018 358 IV
2041 312 2142 359 aut
2157 305 2270 358 III
2281 304 2354 359 K.

340 374 485 428 Mai.
495 374 697 443 (Ruete
715 374 752 429 l.
765 375 820 442 1.,
836 374 1056 443 Tyrrell
1075 391 1159 444 ep.
1174 379 1315 498 719}
1341 375 1607 443 VBaiter,
1623 375 1885 430 Wesenb.
1901 407 1973 417 —
1993 381 2059 428 16
2071 376 2359 431 Parilibus

339 443 580 499 alterum
599 461 704 499 om.
717 445 876 512 Boot,
906 448 1067 499 extra
1085 446 1279 499 canoel
1303 462 1365 500 os
1384 445 1540 514 Tyrr.
1570 478 1637 487 —-
1669 452 1733 500 31
1756 448 1797 517 [
1791 447 1986 517 etiam]
2005 445 2141 500 Wes
2161 489 2175 513 ,
2195 446 2341 500 Boot

337 513 556 583 Tyrrell
593 514 757 569 affert
796 517 863 569 ‘e.
927 516 961 570 .’
1002 516 1134 569 fam.
1156 516 1284 570 XIII
1311 522 1396 571 29.
1417 523 1468 583 4,
1506 517 1606 570 ubi
1633 517 1864 571 Bootius
1898 519 2072 570 ‘reete
2098 516 2353 571 retineri’

336 586 501 640 etiam
545 585 711 651 dicit,
766 534 924 654 quoa}
966 588 1117 655 ‘post
1158 603 1273 641 non
1316 588 1474 641 modo
1511 594 1575 642 ut
1609 586 1923 641 necessario
1962 590 2232 655 sequatur
2265 589 2357 642 sed

336 656 501 710 etiam
534 657 638 712 αι’.
694 655 1004 725 Tyrrellius
1031 657 1235 711 vellem
1260 658 1641 726 exemplorum
1667 674 1962 712 numerum
1990 658 2255 712 auxisset.
2288 687 2356 697 -

339 731 408 779 34
443 726 568 780 Iam
604 726 866 781 Wesenb.
897 743 1082 796 prave.
1146 730 1165 796 ΙΙ
1228 728 1299 783 Ρ.
1327 726 1397 782 44
1407 728 1466 783 9.
1498 734 1564 781 13
1605 728 1674 782 de
1711 728 2167 798 interpunctione
2202 747 2249 782 v,
2282 728 2356 781 ad

337 814 390 865 p.
420 803 469 850 4.
492 802 541 852 8.
623 799 643 867 ΙΙ
721 798 793 853 P.
822 797 959 853 450.
990 804 1021 852 9
1066 798 1283 870 [nume]
1329 798 1473 852 Boot
1521 800 1576 852 ‘e
1620 814 1796 867 prava
1840 798 2225 869 geminatione
2271 816 2354 853 se-

337 868 632 935 quentium
674 868 994 922 litterarum
1028 868 1139 923 huo
1173 868 1420 937 irrepere
1456 869 1708 938 potuisse
1744 872 1804 924 et
1837 869 2023 924 minus
2062 886 2355 923 convenire

338 954 467 992 eum
500 938 678 993 futuri
712 939 980 1008 temporis
1018 938 1453 1008 significatione’
1492 942 1675 1007 ratus,
1722 957 1826 1010 quo
1861 957 1963 995 nos
1997 941 2357 1007 conferamus,

337 1009 452 1062 iam
503 1026 655 1064 nwnc
702 1011 1102 1078 providendum
1157 1013 1259 1063 aut
1308 1026 1415 1078 quo
1467 1012 1632 1066 etiam
1675 1027 1826 1065 nunc
1868 1027 1970 1064 nos
2013 1013 2356 1077 conferamus

338 1078 478 1133 ooni.
508 1078 771 1134 Wesenb.
852 1083 871 1149 ΙΙ
955 1081 1026 1135 Ρ.
1056 1078 1193 1135 451.
1222 1087 1257 1133 4
1302 1080 1394 1134 VI
1420 1080 1569 1136 Non.
1598 1081 1802 1135 Ruetio
1841 1081 1973 1135 diss.
2005 1080 2182 1135 Marb.
2217 1087 2354 1135 1883

335 1167 389 1219 p.
421 1156 487 1203 21
537 1153 767 1205 auctore
801 1149 1022 1219 Tyrrell
1057 1166 1142 1219 ep.
1177 1157 1305 1219 721,
1362 1150 1416 1204 V
1445 1150 1592 1221 vulg.
1649 1182 1720 1192 -—
1776 1157 1804 1204 7
1844 1168 1912 1206 eo
1947 1153 2038 1206 die
2072 1152 2206 1205 ferri
2242 1169 2353 1206 non

336 1236 502 1289 posse
535 1221 774 1289 videtur,
812 1222 913 1275 sed
949 1221 1306 1275 scribendum
1342 1221 1549 1276 eodem
1583 1222 1689 1277 die.
1734 1253 1805 1264 -
1859 1227 1892 1275 8
1927 1224 1966 1292 †
1985 1222 2198 1289 addidi,
2227 1239 2352 1290 per-

334 1307 567 1359 paucos
609 1292 747 1347 dies
772 1293 854 1346 im
889 1292 1272 1361 Pompeiacum
1318 1299 1447 1360 post
1483 1291 1771 1358 Wesenb.,
1817 1292 1964 1347 Boot
2007 1292 2217 1362 insigni
2255 1308 2352 1346 au-

338 1361 519 1416 dacia.
565 1393 637 1404 —
683 1370 713 1416 9
749 1364 1089 1433 renavigare
1124 1362 1211 1416 M²
1245 1361 1341 1417 EO
1380 1362 1687 1432 (Lehmann
1724 1363 1840 1417 Att.
1870 1380 1922 1432 p.
1955 1367 2095 1429 204),
2140 1363 2351 1430 Baiter,

334 1434 661 1503 rmaviyaro
686 1432 885 1487 Bosius
917 1432 1261 1487 ‘auctoribus
1281 1432 1508 1501 Scidis',
1536 1433 1703 1503 vulg„
1723 1433 2002 1499 Wesenb.,
2031 1433 2191 1500 Boot,
2213 1433 2351 1502 Tyr-

337 1502 441 1557 rell
476 1519 663 1572 prave,
708 1504 1076 1574 rmaviqareo
1113 1503 1215 1570 M1,
1252 1503 1288 1557 i.
1311 1519 1358 1557 e.
1395 1505 1728 1574 remviqare.
1773 1503 1834 1572 O,
1872 1504 1977 1557 sio:
2037 1502 2084 1558 Ο
2121 1505 2240 1558 loca
2267 1503 2354 1557 M*

336 1591 383 1627 v.
398 1590 462 1639 o.,
489 1573 556 1641 R,
584 1573 793 1640 Baiter,
811 1573 1047 1642 Tyrrell,
1075 1575 1193 1628 loca
1211 1572 1325 1641 EO,
1346 1572 1627 1642 Wesenb.,
1650 1575 1807 1628 Boot.
1851 1575 1960 1627 ‘An
1980 1574 2194 1628 excidit
2210 1577 2353 1645 συρί-

334 1644 519 1698 tabam
554 1647 685 1713 post
717 1646 959 1699 remu?
1001 1644 1188 1712 inquit
1222 1644 1486 1699 Wesenb.
1541 1649 1560 1711 ΙΙ
1621 1645 1693 1699 Ρ.
1715 1644 1851 1700 452.
1873 1650 1904 1698 5
1942 1645 2215 1699 Montano
2249 1663 2352 1716 pro

335 1731 457 1769 omn
500 1716 702 1769 damno
745 1714 833 1768 Fr.
864 1714 1120 1769 Schmidt
1158 1715 1399 1769 ‘Blatter
1434 1714 1472 1769 f.
1505 1716 1557 1769 d.
1585 1714 1776 1783 bayer.
1809 1715 2014 1770 G.-W.’
2047 1715 2125 1769 IX
2149 1733 2205 1785 p.
2231 1722 2349 1772 116.

335 1815 407 1827 --
443 1791 475 1838 6
510 1786 744 1852 ewra-sti,
789 1792 862 1840 ut
894 1785 942 1853 1,
989 1803 1036 1839 v.
1060 1803 1134 1852 c.,
1183 1786 1344 1840 oodd.
1373 1785 1507 1839 Bosi
1551 1785 1863 1856 (Lehmann
1898 1786 2015 1840 Att.
2044 1804 2099 1857 p.
2130 1792 2216 1853 90,
2246 1790 2353 1856 98),

336 1855 462 1909 edd.
526 1854 593 1909 V.
625 1855 700 1927 ad
736 1855 908 1910 Aoad,
937 1873 991 1925 p.
1025 1861 1107 1909 52.
1131 1861 1216 1923 25,
1255 1856 1384 1910 add.
1416 1855 1559 1910 Plin.
1590 1872 1675 1926 ep.
1697 1856 1826 1911 Ι24.
1849 1863 1896 1910 2.
1934 1894 2004 1902 -
2050 1868 2083 1916 9
2129 1867 2181 1919 3,
2223 1863 2355 1918 Mai

335 1927 517 1981 Ruete
553 1926 684 1981 diss.
707 1925 884 1981 Marb.
909 1932 1046 1981 1883
1080 1943 1136 1996 p.
1155 1933 1240 1982 21.
1265 1933 1349 1995 12,
1386 1926 1605 1997 Tyrrell
1643 1943 1727 1997 ep.
1752 1932 1870 1982 724.
1901 1958 1972 1969 -
2008 1932 2219 1983 20-23
2249 1945 2353 1997 quo

335 2030 405 2038 —
439 1998 682 2053 videram
715 1998 776 2051 in
843 1997 1333 2052 arenth.Wesenb.
1371 1997 1462 2051 Ad
1497 2004 1647 2069 Ρ.16.
1664 2005 1746 2052 14.
1779 2029 1850 2039 -—
1886 2004 1956 2052 24
1983 1999 2142 2053 haec
2176 1999 2379 2053 baete--

333 2086 442 2122 nus
476 2068 693 2135 Baiter,
825 2069 1039 2135 esenb.,
1092 2069 1250 2124 Boot.
1316 2068 1408 2122 Ad
1441 2086 1498 2138 p.
1531 2072 1648 2122 142.
1680 2073 1730 2123 8.
1784 2099 1856 2109 —
1909 2073 1977 2122 28
2014 2085 2122 2123 esse
2155 2085 2219 2123 se
2257 2070 2350 2124 lat.

333 2139 542 2206 Baiter,
579 2138 812 2207 Tyrrell.
870 2138 958 2192 Ad
995 2144 1118 2208 p.8.
1144 2145 1225 2193 19.
1264 2170 1337 2180 —
1382 2144 1450 2192 29
1486 2140 1565 2194 ab
1603 2138 1830 2194 Caesare
1866 2136 2057 2206 Orelli,
2093 2139 2251 2192 Boot.
2282 2169 2352 2179 --

335 2215 405 2263 34
449 2211 836 2264 reddendaene
881 2210 1034 2277 edd.,
1090 2209 1265 2264 etiam
1307 2209 1516 2265 Baiter.
1591 2207 1670 2262 cf.
1700 2226 1754 2279 Ρ.
1785 2214 1903 2263 510.
1918 2214 2011 2276 32,
2066 2226 2118 2278 Ρ.
2150 2214 2351 2262 274.16

334 2281 728 2348 experiundmn
764 2296 973 2347 omnes,
1010 2285 1129 2335 551.
1160 2285 1229 2334 24
1262 2281 1524 2351 qerwndis
1556 2280 1767 2347 Baiter,
1802 2278 2064 2333 Wesenb.
2094 2278 2251 2333 tacit.
2283 2310 2352 2320 —

335 2350 413 2403 Ib.
434 2367 517 2418 sq.
540 2350 709 2418 plane
752 2381 822 2391 -
865 2350 1168 2406 reddendas
1204 2351 1264 2403 in
1307 2351 1565 2420 parenth.
1594 2350 1743 2419 vulg.
1773 2350 1898 2404 edd.
1937 2350 2035 2420 (ad
2068 2368 2123 2420 p.
2148 2353 2352 2419 16.14),

335 2438 381 2474 v.
414 2426 480 2474 35
518 2420 628 2475 sed
663 2421 807 2490 quod
843 2421 968 2474 edd.
1007 2424 1233 2490 praeter
1267 2420 1621 2489 Tyrrellium.
1673 2420 1740 2475 V.
1770 2420 2059 2474 Lehmann
2096 2419 2348 2485 Quaestt.

332 2509 387 2561 p.
419 2496 503 2545 80.
584 2493 604 2562 ΙΙ
683 2491 755 2546 Ρ.
784 2489 922 2546 453.
952 2497 984 2544 6
1019 2493 1226 2574 ‘eredas
1278 2493 1416 2574 '’fi“
1459 2492 1619 2546 velim
1661 2492 1722 2545 in
1772 2491 2039 2561 parenth.
2071 2491 2197 2545 edd.
2245 2491 2355 2575 ‘Ad

330 2568 504 2686 353:
520 2565 610 2702 ἒξ.
644 2594 728 2686 {J
762 2567 895 2686 ἐξ..
910 2580 946 2699 J
956 2563 1291 2699 'iiressssn‘tm„
1294 2579 1421 2687 ²552.
1448 2578 1636 2687 m.
1662 2563 1904 2699 ’zt‘csshiaeg
1904 2650 1936 2687 0
1944 2565 2356 2697 mammii?

336 2702 552 2768 Baiter,
607 2702 773 2769 Boot,
821 2703 930 2757 veh-i
974 2705 1072 2771 qui
1113 2720 1161 2758 v.
1183 2720 1226 2758 c.
1264 2704 1330 2756 in
1376 2703 1464 2757 his
1512 2704 1643 2757 locis
1695 2704 2031 2758 conveniwnt
2072 2710 2354 2772 praeterea

332 2774 456 2827 sine
500 2772 622 2826 ulla
658 2773 1109 2842 interpunctione
1145 2772 1366 2841 Tyrrell
1403 2789 1487 2843 ep.
1520 2777 1649 2840 722,
1696 2775 1794 2843 qui
1825 2790 1874 2828 v.
1896 2791 1940 2828 c.
1970 2776 2034 2827 in
2068 2775 2200 2829 haec
2237 2775 2354 2828 loca

333 2843 575 2909 veniant,
609 2845 937 2899 conveniunt
963 2850 1247 2912 praeterea
1272 2843 1563 2897 Lehmann
1590 2843 1843 2908 Quaestt.
1864 2861 1917 2913 p.
1941 2849 2025 2911 59,
2064 2844 2355 2898 Andresen

330 2930 421 2984 ep.
445 2914 542 2969 sel.
565 2929 649 2982 ep.
670 2912 789 2968 V4.
819 2944 891 2955 —
927 2921 996 2968 24
1016 2932 1135 2983 sqq.
1165 2916 1302 2983 quin
1328 2946 1399 2955 —-
1433 2921 1608 2984 ayant
1643 2915 1802 2969 codd.
1823 2914 1925 2968 HD
1954 2914 2106 2982 fam,
2143 2914 2355 2982 Baiter,

334 2985 495 3050 Boot,
531 2982 765 3051 Tyrrell,
803 2984 1108 3052 Andresen,
1146 2986 1243 3054 qui
1278 2985 1383 3054 (sio
1420 2984 1594 3038 etiam
1634 2985 1781 3039 Med.
1796 2984 1967 3038 XLIX
1985 2988 2040 3054 9)
2075 3016 2145 3025 -
2184 3003 2219 3039 a
2256 2992 2359 3040 unt

334 3055 410 3122 M,
448 3053 715 3107 Wesenb.
778 3057 798 3123 11
859 3053 1219 3123 P.454.1sq.
1248 3057 1441 3110 habere
1515 3058 1606 3109 ost
1632 3056 1913 3110 Nestorem
1948 3072 1996 3108 v.
2018 3061 2049 3108 2
2087 3054 2175 3108 Μ’
2259 3056 2354 3123 Rs,

329 3124 570 3193 Tyrrell,
608 3141 713 3179 om.
735 3124 837 3191 M1,
877 3142 976 3179 suo
1012 3125 1137 3180 loeo
1165 3126 1382 3180 habent
1407 3141 1471 3180 eo
1515 3126 1566 3179 d.
1588 3126 1723 3180 fam.
1754 3157 1824 3167 -
1865 3131 1928 3179 12
1957 3125 2195 3181 Deinde
2233 3126 2353 3181 eod.

334 3195 398 3264 Ε,
435 3194 716 3262 Wesenb.,
753 3196 987 3250 Andros.
1061 3195 1126 3251 V.
1158 3196 1360 3266 Stangl
1399 3195 1706 3250 ‘Tulliana’
1753 3212 1854 3266 pro
1926 3239 1937 3250 .
1968 3197 2184 3251 Monac.
2217 3202 2355 3250 1897

332 3283 387 3335 Ρ.
411 3270 494 3319 30.
525 3296 596 3306 -
635 3271 698 3320 13
726 3273 826 3321 tua
851 3265 1135 3332 Wesenb.,
1171 3268 1332 3331 Boot,
1369 3266 1605 3336 Tyrrell,
1641 3274 1758 3321 tum
1785 3283 1849 3321 oo
1892 3267 1964 3334 d.,
2001 3267 2209 3332 Baiter,
2247 3283 2352 3321 om.

334 3336 570 3390 Andres.
600 3352 712 3390 non
746 3337 907 3404 bene,
946 3337 1126 3391 oredo.
1190 3340 1210 3407 ΙΙ
1271 3338 1343 3392 Ρ.
1365 3336 1503 3392 455.
1525 3344 1555 3390 9
1594 3339 1877 3407 quadam
1904 3355 2027 3392 cum
2054 3336 2227 3392 Orelli
2254 3337 2353 3389 ha-

332 3407 466 3461 bere
502 3410 745 3461 testatur
774 3408 858 3461 ed.
878 3407 1037 3461 Rom.
1059 3410 1118 3461 et
1146 3424 1280 3461 corr.
1303 3408 1380 3475 M,
1416 3407 1611 3462 Baiter
1641 3408 1836 3475 ‘FM²’,
1874 3408 2038 3476 eique
2067 3407 2354 3461 credentes

329 3478 419 3531 sic
438 3495 540 3533 scr.
554 3495 681 3532 oum
698 3478 926 3533 Baitero
946 3477 1644 3547 Wesenb.,Boot,Tyrrell,
1659 3479 1949 3533 Andresen
1969 3479 2054 3532 ed.
2068 3478 2120 3531 II
2139 3481 2197 3532 et
2213 3477 2355 3532 Leh-
