2642 3923
333 214 459 278 132
967 213 1037 267 Μ.
1071 212 1284 267 TULLI
1319 207 1699 268 CICERONIS

324 357 386 421 -si
444 358 599 441 quid
653 357 803 440 erit,
860 357 1030 440 quod
1076 357 1358 421 odorere.
1449 354 1752 420 Nondum
1799 355 1969 420 enim
2016 357 2174 420 satis
2220 356 2345 421 huc

330 449 466 509 erat
521 445 816 530 allatum,
871 467 997 529 quo
1055 445 1243 509 modo
1291 442 1526 508 Caesar
1581 445 1777 507 ferret
1832 445 1910 508 de
1962 445 2345 509 auctoritate

330 533 712 618 perscripta,
765 537 1026 617 eratque
1071 555 1291 598 rumor
1337 533 1413 597 de
1458 531 1930 616 Transpadanis
1977 554 2085 596 eos
2133 534 2344 597 iussos

332 640 436 686 1111
471 622 645 686 viros
683 643 911 685 creare.
984 619 1167 697 Quod
1205 621 1261 686 si
1297 621 1392 685 ita
1428 625 1546 706 est,
1572 642 1839 705 magnos
1876 625 2091 686 motus
2128 622 2343 687 timeo.

322 708 455 775 Sed
502 710 745 794 aliquid
792 731 868 774 ex
914 708 1219 794 Pompeio
1270 710 1484 773 sciam.
2401 739 2424 777 ⁵

1276 884 1390 950 IH.

648 997 759 1053 Ser.
800 1000 862 1052 in
901 998 1208 1053 Trebulano
1255 997 1308 1051 V
1337 998 1423 1052 Id.
1467 997 1609 1052 Mai.
1648 1015 1699 1052 a.
1741 1002 1849 1054 703
1888 1002 2024 1067 (51).

967 1102 1222 1159 CICERO
1261 1102 1523 1159 ATTICO
1564 1102 1711 1158 SAL.

264 1223 290 1270 1
465 1200 540 1266 A.
578 1203 634 1265 d.
672 1220 745 1266 vl
790 1201 942 1267 Idus
989 1203 1192 1267 Maias
1248 1203 1394 1267 veni
1450 1204 1516 1267 in
1563 1202 1997 1267 Trebulanum
2050 1204 2130 1267 ad
2181 1201 2343 1267 Pon-

332 1292 511 1355 tium.
586 1290 689 1355 Ibi
734 1291 895 1355 mihi
941 1295 1089 1355 tuae
1124 1293 1379 1356 litterae
1416 1291 1605 1355 binae
1641 1291 1923 1355 redditae
1959 1295 2110 1355 sunt
2148 1292 2343 1356 tertio
2373 1324 2428 1363 ιο

334 1380 448 1443 abs
496 1385 560 1443 te
605 1379 721 1442 die.
804 1379 1049 1443 Eodem
1093 1385 1308 1444 autem
1355 1381 1571 1443 exiens
1616 1401 1649 1444 e
1694 1378 2083 1462 Pompeiano
2128 1378 2342 1444 Philo·

334 1468 493 1531 timo
540 1468 831 1531 dederam
878 1468 958 1531 ad
1004 1475 1068 1531 te
1112 1468 1391 1552 litteras3
1438 1489 1552 1532 nec
1597 1489 1747 1531 vero
1793 1489 1964 1531 nunc
2000 1473 2136 1532 erat
2175 1489 2343 1550 sane,

335 1555 505 1639 quod
563 1556 919 1620 scriberem.
1011 1555 1155 1657 Qui,
1188 1556 1265 1620 de
1324 1578 1392 1619 re
1446 1556 1703 1639 publica
1749 1577 2067 1641 rumores,
2120 1556 2346 1639 scribe,

337 1665 599 1728 quaes03
643 1643 709 1707 in
757 1644 1010 1745 oppidis
1057 1644 1226 1708 enim
1274 1666 1594 1708 summum
1640 1644 1821 1709 video
1867 1645 2184 1729 timorem,
2234 1645 2345 1708 sed

333 1732 540 1796 multa
598 1733 828 1796 inania
931 1731 1096 1808 Quid
1152 1733 1228 1797 de
1280 1731 1384 1796 his
1441 1733 1684 1817 cogites
1732 1737 1797 1797 et
1847 1733 2127 1818 quando,
2182 1734 2343 1797 scire
2374 1766 2426 1806 16

264 1840 296 1887 2
341 1820 542 1884 velim.
643 1818 744 1884 Ad
809 1842 967 1904 quas
1030 1821 1280 1885 litteras
1347 1821 1470 1885 tibi
1531 1820 1794 1885 rescribi
1860 1821 2018 1884 velis
2031 1875 2048 1906 ,
2109 1821 2341 1886 nescio,

336 1906 566 1973 Nullas
604 1910 772 1974 enim
810 1910 1015 1974 adhuc
1052 1930 1433 1995 acceperam,
1467 1913 1721 1993 praeter
1760 1929 1922 1993 quae
1959 1909 2119 1974 mihi
2157 1910 2344 1975 binae

338 1999 531 2062 simul
575 1998 643 2062 in
670 1998 1031 2063 Trebulano
1067 1999 1349 2063 redditae
1386 2002 1564 2082 sunt3
1611 2019 1881 2082 quarum
1918 1998 2155 2063 alterae
2183 1999 2344 2063 edic-

336 2092 476 2150 tum
510 2084 578 2150 P.
608 2086 864 2151 Lentuli
898 2086 1222 2151 habebant
1259 2084 1471 2172 (erant
1509 2090 1724 2150 autem
1761 2084 1971 2151 Nonis
2008 2086 2200 2151 Maiis
2238 2087 2343 2150 da—

336 2174 496 2260 tae),
550 2174 786 2239 alterae
830 2176 1174 2258 rescriptae
1219 2175 1298 2239 ad
1343 2196 1515 2238 meas
1562 2173 2065 2239 Menturnenses
2140 2173 2344 2250 Quam
2372 2210 2428 2249 ,ο

336 2285 575 2348 vereor,
618 2284 698 2326 ne
746 2264 899 2346 quid
944 2264 1137 2327 fuerit
1182 2265 1705 2347 σπουδαιότερον
1748 2263 1819 2326 in
1862 2263 1964 2346 iis,
2010 2284 2168 2346 quas
2212 2285 2343 2327 non

336 2352 563 2435 accepi,
609 2351 843 2434 quibus
889 2351 1154 2416 rescribi
1201 2351 1325 2415 vis!
1389 2351 1584 2432 Apud
1617 2350 1963 2415 Lentulum
2008 2374 2243 2435 ponam
2278 2356 2344 2415 te

336 2439 404 2502 in
527 2440 672 2503 atia.

262 2546 296 2593 3
448 2460 818 2610 ςῦἱοηγείιιε
870 2528 1060 2592 nobis
1117 2528 1292 2592 cordi
1349 2531 1460 2592 est.
1552 2526 1836 2591 Nicanor
1880 2531 2032 2592 tuus
2082 2550 2343 2612 operam

334 2615 495 2679 mihi
531 2616 640 2679 dat
678 2616 1016 2700 egregiam.
1089 2615 1226 2680 Iam
1265 2617 1462 2701 deest,
1509 2616 1681 2698 quod
1717 2616 2008 2699 scribam,
2054 2620 2120 2681 et
2154 2617 2340 2681 lucet.
2371 2650 2425 2691 86

334 2703 679 2768 Beneventi
717 2704 1081 2788 cogitabam
1116 2704 1320 2768 hodie.
1396 2702 1639 2768 Nostra
1675 2704 2068 2768 continentia
2104 2709 2169 2769 et
2204 2705 2343 2768 dili-

333 2793 551 2877 gentia
596 2792 1057 2856 existimationi
1102 2793 1406 2856 faciemus
1454 2792 1630 2856 satis,
1712 2791 1773 2856 A
1799 2790 2032 2857 Pontio
2081 2814 2157 2856 ex
2195 2793 2341 2858 Tre-

335 2880 571 2945 bulano
618 2903 671 2945 a.
709 2881 766 2945 d.
803 2898 850 2944 v
894 2880 1045 2945 Idus
1090 2879 1312 2945 Maias.

1281 3037 1391 3104 IV.

700 3151 811 3208 Sor.
853 3152 1149 3206 Beneventi
1184 3153 1282 3207 IV
1310 3152 1398 3206 Id.
1430 3151 1575 3207 Mai.
1605 3169 1658 3206 a.
1691 3153 1797 3207 703
1837 3154 1973 3219 (51).
2370 3172 2426 3212 30

967 3255 1221 3312 CICERO
1261 3254 1521 3311 ATTICO
1562 3256 1710 3311 SAL.

263 3375 291 3422 1
466 3356 898 3421 Beneventum
951 3356 1097 3420 veni
1151 3379 1204 3420 a.
1251 3357 1308 3421 d.
1356 3374 1403 3420 v
1457 3353 1609 3421 Idus
1663 3355 1884 3421 Maias,
1974 3355 2076 3420 Ibi
2131 3357 2341 3441 accepi

333 3466 439 3508 eas
484 3445 754 3523 litteras,
802 3466 960 3527 quas
1006 3449 1079 3508 tu
1118 3445 1559 3529 superioribus
1594 3446 1832 3509 litteris
1870 3446 2341 3530 significaveras

332 3537 397 3594 te
443 3531 707 3612 dedisse,
755 3532 833 3594 ad
875 3553 1034 3616 quas
1073 3554 1191 3616 ego
1231 3555 1304 3597 eo
1341 3533 1486 3618 ipso
1524 3533 1625 3597 die
1663 3533 1956 3598 dederam
1991 3556 2067 3598 ex
2105 3533 2342 3599 Trebu-
