<?xml version="1.0" encoding="UTF-8"?>
<!DOCTYPE html PUBLIC "-//W3C//DTD XHTML 1.0 Transitional//EN"
    "http://www.w3.org/TR/xhtml1/DTD/xhtml1-transitional.dtd">
<html xmlns="http://www.w3.org/1999/xhtml" xml:lang="en" lang="en">
 <head>
  <title>
</title>
<meta http-equiv="Content-Type" content="text/html;charset=utf-8" />
  <meta name='ocr-system' content='tesseract 3.04.00' />
  <meta name='ocr-capabilities' content='ocr_page ocr_carea ocr_par ocr_line ocrx_word'/>
</head>
<body>
  <div class='ocr_page' id='page_1' title='image "./scriptaquaemans00friegoog_0654.png"; bbox 0 0 2642 3923; ppageno 0'>
   <div class='ocr_carea' id='block_1_1' title="bbox 352 196 1730 265">
    <p class='ocr_par' dir='ltr' id='par_1_1' title="bbox 352 196 1730 265">
     <span class='ocr_line' id='line_1_1' title="bbox 352 196 1730 265; baseline -0.008 -2"><span class='ocrx_word' id='word_1_1' title='bbox 352 199 486 265; x_wconf 83' lang='lat'><strong>490</strong></span> <span class='ocrx_word' id='word_1_2' title='bbox 989 200 1064 253; x_wconf 80' lang='grc' dir='ltr'><strong>Μ.</strong></span> <span class='ocrx_word' id='word_1_3' title='bbox 1103 199 1319 255; x_wconf 80' lang='lat' dir='ltr'>TULLI</span> <span class='ocrx_word' id='word_1_4' title='bbox 1355 196 1730 256; x_wconf 80' lang='lat' dir='ltr'>CICERONIS</span> 
     </span>
    </p>
   </div>
   <div class='ocr_carea' id='block_1_2' title="bbox 664 426 2068 619">
    <p class='ocr_par' dir='ltr' id='par_1_2' title="bbox 664 426 2068 619">
     <span class='ocr_line' id='line_1_2' title="bbox 1227 426 1494 493; baseline 0 0"><span class='ocrx_word' id='word_1_5' title='bbox 1227 426 1494 493; x_wconf 86' lang='lat' dir='ltr'>XXVII.</span> 
     </span>
     <span class='ocr_line' id='line_1_3' title="bbox 664 548 2068 619; baseline -0.001 -13"><span class='ocrx_word' id='word_1_6' title='bbox 664 548 779 607; x_wconf 80' lang='lat' dir='ltr'><strong>scr.</strong></span> <span class='ocrx_word' id='word_1_7' title='bbox 804 550 869 604; x_wconf 75' lang='lat' dir='ltr'><strong>in</strong></span> <span class='ocrx_word' id='word_1_8' title='bbox 904 550 1174 619; x_wconf 78' lang='lat' dir='ltr'><strong><em>Arpinati</em></strong></span> <span class='ocrx_word' id='word_1_9' title='bbox 1217 548 1272 602; x_wconf 82' lang='lat' dir='ltr'><strong><em>V</em></strong></span> <span class='ocrx_word' id='word_1_10' title='bbox 1301 550 1450 605; x_wconf 75' lang='lat' dir='ltr'><strong>Ncm.</strong></span> <span class='ocrx_word' id='word_1_11' title='bbox 1485 548 1672 619; x_wconf 75' lang='lat' dir='ltr'><strong>Quint.</strong></span> <span class='ocrx_word' id='word_1_12' title='bbox 1702 566 1754 604; x_wconf 86' lang='lat' dir='ltr'><strong>a.</strong></span> <span class='ocrx_word' id='word_1_13' title='bbox 1786 553 1896 605; x_wconf 80' lang='lat'><strong>710</strong></span> <span class='ocrx_word' id='word_1_14' title='bbox 1932 553 2068 618; x_wconf 72' lang='lat'><em>(44).</em></span> 
     </span>
    </p>
   </div>
   <div class='ocr_carea' id='block_1_3' title="bbox 957 671 1775 728">
    <p class='ocr_par' dir='ltr' id='par_1_3' title="bbox 957 671 1775 728">
     <span class='ocr_line' id='line_1_4' title="bbox 957 671 1775 728; baseline 0 -1"><span class='ocrx_word' id='word_1_15' title='bbox 957 672 1248 728; x_wconf 78' lang='lat' dir='ltr'><strong><em>CICERO</em></strong></span> <span class='ocrx_word' id='word_1_16' title='bbox 1281 671 1573 727; x_wconf 78' lang='lat' dir='ltr'><strong><em>ATTICO</em></strong></span> <span class='ocrx_word' id='word_1_17' title='bbox 1609 672 1775 728; x_wconf 80' lang='lat' dir='ltr'><strong><em>SAL.</em></strong></span> 
     </span>
    </p>
   </div>
   <div class='ocr_carea' id='block_1_4' title="bbox 282 779 2461 2958">
    <p class='ocr_par' dir='ltr' id='par_1_4' title="bbox 288 779 2461 1568">
     <span class='ocr_line' id='line_1_5' title="bbox 288 779 2377 865; baseline 0 -19"><span class='ocrx_word' id='word_1_18' title='bbox 288 798 312 846; x_wconf 89' lang='lat'><strong>1</strong></span> <span class='ocrx_word' id='word_1_19' title='bbox 491 780 748 846; x_wconf 79' lang='lat' dir='ltr'><strong>Gaudeo</strong></span> <span class='ocrx_word' id='word_1_20' title='bbox 796 781 861 844; x_wconf 92' lang='lat' dir='ltr'><strong>id</strong></span> <span class='ocrx_word' id='word_1_21' title='bbox 904 786 970 845; x_wconf 91' lang='lat' dir='ltr'><strong>te</strong></span> <span class='ocrx_word' id='word_1_22' title='bbox 1015 779 1177 844; x_wconf 88' lang='lat' dir='ltr'><strong>mihi</strong></span> <span class='ocrx_word' id='word_1_23' title='bbox 1224 779 1514 865; x_wconf 91' lang='lat' dir='ltr'><strong>suadere,</strong></span> <span class='ocrx_word' id='word_1_24' title='bbox 1573 780 1742 863; x_wconf 91' lang='lat' dir='ltr'><strong>quod</strong></span> <span class='ocrx_word' id='word_1_25' title='bbox 1790 802 1909 865; x_wconf 85' lang='lat' dir='ltr'><strong>ego</strong></span> <span class='ocrx_word' id='word_1_26' title='bbox 1954 804 2095 847; x_wconf 90' lang='lat' dir='ltr'><strong>mea</strong></span> <span class='ocrx_word' id='word_1_27' title='bbox 2141 787 2377 865; x_wconf 88' lang='lat' dir='ltr'><strong>sponte</strong></span> 
     </span>
     <span class='ocr_line' id='line_1_6' title="bbox 354 867 2461 957; baseline 0.002 -24"><span class='ocrx_word' id='word_1_28' title='bbox 354 869 558 953; x_wconf 83' lang='lat' dir='ltr'>pridie</span> <span class='ocrx_word' id='word_1_29' title='bbox 621 870 906 933; x_wconf 81' lang='lat' dir='ltr'><strong>feceram</strong></span> <span class='ocrx_word' id='word_1_30' title='bbox 997 867 1197 953; x_wconf 89' lang='lat' dir='ltr'><strong>Nam,</strong></span> <span class='ocrx_word' id='word_1_31' title='bbox 1254 890 1396 933; x_wconf 91' lang='lat' dir='ltr'><strong>cum</strong></span> <span class='ocrx_word' id='word_1_32' title='bbox 1464 867 1541 932; x_wconf 88' lang='lat' dir='ltr'><strong>ad</strong></span> <span class='ocrx_word' id='word_1_33' title='bbox 1604 872 1671 932; x_wconf 88' lang='lat' dir='ltr'><strong>te</strong></span> <span class='ocrx_word' id='word_1_34' title='bbox 1733 886 1807 932; x_wconf 85' lang='lat' dir='ltr'><strong>VI</strong></span> <span class='ocrx_word' id='word_1_35' title='bbox 1859 868 2082 933; x_wconf 89' lang='lat' dir='ltr'><strong>Nonas</strong></span> <span class='ocrx_word' id='word_1_36' title='bbox 2137 871 2377 957; x_wconf 87' lang='lat' dir='ltr'><strong>darem,</strong></span> <span class='ocrx_word' id='word_1_37' title='bbox 2434 897 2461 938; x_wconf 78' lang='lat'>⁵</span> 
     </span>
     <span class='ocr_line' id='line_1_7' title="bbox 356 954 2375 1042; baseline 0.001 -22"><span class='ocrx_word' id='word_1_38' title='bbox 356 957 559 1021; x_wconf 89' lang='lat' dir='ltr'><strong>eidem</strong></span> <span class='ocrx_word' id='word_1_39' title='bbox 605 957 941 1023; x_wconf 88' lang='lat' dir='ltr'><strong>tabellario</strong></span> <span class='ocrx_word' id='word_1_40' title='bbox 990 957 1132 1021; x_wconf 82' lang='lat' dir='ltr'><strong>dedi</strong></span> <span class='ocrx_word' id='word_1_41' title='bbox 1177 957 1372 1021; x_wconf 89' lang='lat' dir='ltr'><strong>etiam</strong></span> <span class='ocrx_word' id='word_1_42' title='bbox 1418 957 1498 1019; x_wconf 92' lang='lat' dir='ltr'><strong>ad</strong></span> <span class='ocrx_word' id='word_1_43' title='bbox 1544 954 1826 1021; x_wconf 75' lang='lat' dir='ltr'>Sestium</span> <span class='ocrx_word' id='word_1_44' title='bbox 1872 958 2146 1042; x_wconf 88' lang='lat' dir='ltr'><strong>scriptas</strong></span> <span class='ocrx_word' id='word_1_45' title='bbox 2191 961 2375 1023; x_wconf 76' lang='grc' dir='ltr'><em>πάνυ</em></span> 
     </span>
     <span class='ocr_line' id='line_1_8' title="bbox 355 1043 2371 1132; baseline 0.001 -22"><span class='ocrx_word' id='word_1_46' title='bbox 355 1048 823 1131; x_wconf 75' lang='grc' dir='ltr'><em>φιλοστόργως.</em></span> <span class='ocrx_word' id='word_1_47' title='bbox 916 1044 1033 1109; x_wconf 88' lang='lat' dir='ltr'><strong>Ille</strong></span> <span class='ocrx_word' id='word_1_48' title='bbox 1080 1048 1323 1129; x_wconf 88' lang='lat' dir='ltr'><strong>autem,</strong></span> <span class='ocrx_word' id='word_1_49' title='bbox 1378 1044 1550 1127; x_wconf 88' lang='lat' dir='ltr'><strong>quod</strong></span> <span class='ocrx_word' id='word_1_50' title='bbox 1594 1043 1899 1109; x_wconf 88' lang='lat' dir='ltr'><strong>Puteolos</strong></span> <span class='ocrx_word' id='word_1_51' title='bbox 1944 1047 2371 1132; x_wconf 69' lang='lat' dir='ltr'><strong>persequitur,</strong></span> 
     </span>
     <span class='ocr_line' id='line_1_9' title="bbox 355 1129 2372 1219; baseline 0.001 -22"><span class='ocrx_word' id='word_1_52' title='bbox 355 1134 657 1219; x_wconf 87' lang='lat' dir='ltr'><strong>humane,</strong></span> <span class='ocrx_word' id='word_1_53' title='bbox 717 1133 889 1217; x_wconf 88' lang='lat' dir='ltr'><strong>quod</strong></span> <span class='ocrx_word' id='word_1_54' title='bbox 935 1133 1255 1216; x_wconf 88' lang='lat' dir='ltr'><strong>queritur,</strong></span> <span class='ocrx_word' id='word_1_55' title='bbox 1307 1133 1562 1196; x_wconf 89' lang='lat' dir='ltr'><strong>iniuste.</strong></span> <span class='ocrx_word' id='word_1_56' title='bbox 1652 1129 1805 1196; x_wconf 91' lang='lat' dir='ltr'><strong>Non</strong></span> <span class='ocrx_word' id='word_1_57' title='bbox 1851 1134 2020 1198; x_wconf 92' lang='lat' dir='ltr'><strong>enim</strong></span> <span class='ocrx_word' id='word_1_58' title='bbox 2068 1155 2187 1218; x_wconf 87' lang='lat' dir='ltr'><strong>ego</strong></span> <span class='ocrx_word' id='word_1_59' title='bbox 2234 1138 2372 1199; x_wconf 88' lang='lat' dir='ltr'><strong>tam</strong></span> 
     </span>
     <span class='ocr_line' id='line_1_10' title="bbox 355 1219 2371 1307; baseline 0.001 -22"><span class='ocrx_word' id='word_1_60' title='bbox 355 1222 540 1285; x_wconf 90' lang='lat' dir='ltr'><strong>illum</strong></span> <span class='ocrx_word' id='word_1_61' title='bbox 586 1225 936 1305; x_wconf 86' lang='lat' dir='ltr'><strong>expectare,</strong></span> <span class='ocrx_word' id='word_1_62' title='bbox 1000 1221 1153 1284; x_wconf 91' lang='lat' dir='ltr'><strong>dum</strong></span> <span class='ocrx_word' id='word_1_63' title='bbox 1198 1220 1276 1286; x_wconf 91' lang='lat' dir='ltr'><strong>de</strong></span> <span class='ocrx_word' id='word_1_64' title='bbox 1323 1219 1575 1285; x_wconf 78' lang='lat' dir='ltr'>Cosano</span> <span class='ocrx_word' id='word_1_65' title='bbox 1623 1220 1876 1307; x_wconf 87' lang='lat' dir='ltr'><strong>rediret,</strong></span> <span class='ocrx_word' id='word_1_66' title='bbox 1922 1222 2130 1307; x_wconf 89' lang='lat' dir='ltr'><strong>debui,</strong></span> <span class='ocrx_word' id='word_1_67' title='bbox 2177 1244 2371 1306; x_wconf 86' lang='lat' dir='ltr'><strong>quam</strong></span> 
     </span>
     <span class='ocr_line' id='line_1_11' title="bbox 355 1308 2455 1395; baseline 0.002 -22"><span class='ocrx_word' id='word_1_68' title='bbox 355 1310 464 1373; x_wconf 88' lang='lat' dir='ltr'><strong>ille</strong></span> <span class='ocrx_word' id='word_1_69' title='bbox 510 1313 622 1372; x_wconf 89' lang='lat' dir='ltr'><strong>aut</strong></span> <span class='ocrx_word' id='word_1_70' title='bbox 666 1330 798 1373; x_wconf 93' lang='lat' dir='ltr'><strong>non</strong></span> <span class='ocrx_word' id='word_1_71' title='bbox 843 1309 964 1393; x_wconf 91' lang='lat' dir='ltr'><strong>ire,</strong></span> <span class='ocrx_word' id='word_1_72' title='bbox 1020 1313 1364 1392; x_wconf 89' lang='lat' dir='ltr'><strong>antequam</strong></span> <span class='ocrx_word' id='word_1_73' title='bbox 1408 1330 1511 1372; x_wconf 91' lang='lat' dir='ltr'><strong>me</strong></span> <span class='ocrx_word' id='word_1_74' title='bbox 1555 1308 1837 1395; x_wconf 81' lang='lat' dir='ltr'><strong>vidisset,</strong></span> <span class='ocrx_word' id='word_1_75' title='bbox 1883 1314 1995 1374; x_wconf 87' lang='lat' dir='ltr'><strong>aut</strong></span> <span class='ocrx_word' id='word_1_76' title='bbox 2040 1311 2230 1375; x_wconf 89' lang='lat' dir='ltr'><strong>citius</strong></span> <span class='ocrx_word' id='word_1_77' title='bbox 2277 1334 2370 1375; x_wconf 91' lang='lat' dir='ltr'><strong>re·</strong></span> <span class='ocrx_word' id='word_1_78' title='bbox 2401 1339 2455 1378; x_wconf 85' lang='lat'><strong>10</strong></span> 
     </span>
     <span class='ocr_line' id='line_1_12' title="bbox 354 1395 2371 1481; baseline 0 -20"><span class='ocrx_word' id='word_1_79' title='bbox 354 1397 533 1462; x_wconf 86' lang='lat' dir='ltr'><strong>verti.</strong></span> <span class='ocrx_word' id='word_1_80' title='bbox 628 1395 882 1461; x_wconf 76' lang='lat' dir='ltr'><strong>Sciebat</strong></span> <span class='ocrx_word' id='word_1_81' title='bbox 938 1397 1107 1460; x_wconf 90' lang='lat' dir='ltr'><strong>enim</strong></span> <span class='ocrx_word' id='word_1_82' title='bbox 1152 1419 1254 1461; x_wconf 92' lang='lat' dir='ltr'><strong>me</strong></span> <span class='ocrx_word' id='word_1_83' title='bbox 1299 1396 1591 1461; x_wconf 74' lang='lat' dir='ltr'><strong>celeriter</strong></span> <span class='ocrx_word' id='word_1_84' title='bbox 1635 1396 1798 1460; x_wconf 82' lang='lat' dir='ltr'><strong>velle</strong></span> <span class='ocrx_word' id='word_1_85' title='bbox 1843 1399 2159 1481; x_wconf 89' lang='lat' dir='ltr'><strong>proficisci</strong></span> <span class='ocrx_word' id='word_1_86' title='bbox 2208 1419 2371 1463; x_wconf 89' lang='lat' dir='ltr'><strong>sese-</strong></span> 
     </span>
     <span class='ocr_line' id='line_1_13' title="bbox 355 1484 2367 1568; baseline 0.001 -20"><span class='ocrx_word' id='word_1_87' title='bbox 355 1507 478 1568; x_wconf 88' lang='lat' dir='ltr'><strong>que</strong></span> <span class='ocrx_word' id='word_1_88' title='bbox 532 1484 611 1548; x_wconf 90' lang='lat' dir='ltr'><strong>ad</strong></span> <span class='ocrx_word' id='word_1_89' title='bbox 665 1507 766 1548; x_wconf 90' lang='lat' dir='ltr'><strong>me</strong></span> <span class='ocrx_word' id='word_1_90' title='bbox 817 1485 888 1548; x_wconf 93' lang='lat' dir='ltr'><strong>in</strong></span> <span class='ocrx_word' id='word_1_91' title='bbox 933 1484 1366 1548; x_wconf 88' lang='lat' dir='ltr'><strong>Tusculanum</strong></span> <span class='ocrx_word' id='word_1_92' title='bbox 1422 1484 1763 1568; x_wconf 74' lang='lat' dir='ltr'><strong>scripserat</strong></span> <span class='ocrx_word' id='word_1_93' title='bbox 1819 1505 1956 1549; x_wconf 92' lang='lat' dir='ltr'><strong>esse</strong></span> <span class='ocrx_word' id='word_1_94' title='bbox 2010 1492 2367 1550; x_wconf 81' lang='lat' dir='ltr'><strong>venturum.</strong></span> 
     </span>
    </p>

    <p class='ocr_par' dir='ltr' id='par_1_5' title="bbox 284 1571 2448 2275">
     <span class='ocr_line' id='line_1_14' title="bbox 284 1571 2369 1659; baseline 0.001 -23"><span class='ocrx_word' id='word_1_95' title='bbox 284 1589 315 1636; x_wconf 79' lang='lat'>2</span> <span class='ocrx_word' id='word_1_96' title='bbox 354 1573 470 1659; x_wconf 87' lang='lat' dir='ltr'><strong>Te,</strong></span> <span class='ocrx_word' id='word_1_97' title='bbox 523 1577 597 1636; x_wconf 89' lang='lat' dir='ltr'><strong>ut</strong></span> <span class='ocrx_word' id='word_1_98' title='bbox 652 1595 690 1637; x_wconf 90' lang='lat' dir='ltr'><strong>a</strong></span> <span class='ocrx_word' id='word_1_99' title='bbox 742 1594 845 1637; x_wconf 92' lang='lat' dir='ltr'><strong>me</strong></span> <span class='ocrx_word' id='word_1_100' title='bbox 878 1571 1291 1656; x_wconf 85' lang='lat' dir='ltr'><strong>discesseris,</strong></span> <span class='ocrx_word' id='word_1_101' title='bbox 1345 1572 1713 1636; x_wconf 85' lang='lat' dir='ltr'><strong>lacrimasse</strong></span> <span class='ocrx_word' id='word_1_102' title='bbox 1758 1573 2025 1638; x_wconf 78' lang='lat' dir='ltr'><strong>moleste</strong></span> <span class='ocrx_word' id='word_1_103' title='bbox 2069 1575 2369 1639; x_wconf 86' lang='lat' dir='ltr'><strong>ferebam.</strong></span> 
     </span>
     <span class='ocr_line' id='line_1_15' title="bbox 355 1660 2369 1744; baseline 0.001 -19"><span class='ocrx_word' id='word_1_104' title='bbox 355 1660 537 1737; x_wconf 84' lang='lat' dir='ltr'><strong>Quod</strong></span> <span class='ocrx_word' id='word_1_105' title='bbox 583 1661 640 1724; x_wconf 90' lang='lat' dir='ltr'><strong>si</strong></span> <span class='ocrx_word' id='word_1_106' title='bbox 674 1682 777 1725; x_wconf 91' lang='lat' dir='ltr'><strong>me</strong></span> <span class='ocrx_word' id='word_1_107' title='bbox 812 1665 1146 1744; x_wconf 86' lang='lat' dir='ltr'><strong>praesente</strong></span> <span class='ocrx_word' id='word_1_108' title='bbox 1179 1660 1460 1744; x_wconf 83' lang='lat' dir='ltr'><strong>fecisses,</strong></span> <span class='ocrx_word' id='word_1_109' title='bbox 1504 1660 1840 1724; x_wconf 92' lang='lat' dir='ltr'><strong>consilium</strong></span> <span class='ocrx_word' id='word_1_110' title='bbox 1875 1662 2078 1726; x_wconf 88' lang='lat' dir='ltr'><strong>totius</strong></span> <span class='ocrx_word' id='word_1_111' title='bbox 2116 1662 2369 1727; x_wconf 90' lang='lat' dir='ltr'><strong>itineris</strong></span> 
     </span>
     <span class='ocr_line' id='line_1_16' title="bbox 352 1711 2448 1833; baseline 0.002 -21"><span class='ocrx_word' id='word_1_112' title='bbox 352 1749 628 1814; x_wconf 89' lang='lat' dir='ltr'><strong>fortasse</strong></span> <span class='ocrx_word' id='word_1_113' title='bbox 672 1753 1040 1813; x_wconf 80' lang='lat' dir='ltr'><strong>mutassem.</strong></span> <span class='ocrx_word' id='word_1_114' title='bbox 1131 1748 1255 1814; x_wconf 88' lang='lat' dir='ltr'><strong>Sed</strong></span> <span class='ocrx_word' id='word_1_115' title='bbox 1300 1711 1462 1812; x_wconf 86' lang='lat' dir='ltr'><strong>illud</strong></span> <span class='ocrx_word' id='word_1_116' title='bbox 1505 1748 1847 1833; x_wconf 89' lang='lat' dir='ltr'><strong>praeclare,</strong></span> <span class='ocrx_word' id='word_1_117' title='bbox 1893 1748 2067 1832; x_wconf 89' lang='lat' dir='ltr'><strong>quod</strong></span> <span class='ocrx_word' id='word_1_118' title='bbox 2112 1752 2176 1812; x_wconf 93' lang='lat' dir='ltr'><strong>te</strong></span> <span class='ocrx_word' id='word_1_119' title='bbox 2216 1768 2364 1812; x_wconf 89' lang='lat' dir='ltr'><strong>con·</strong></span> <span class='ocrx_word' id='word_1_120' title='bbox 2395 1778 2448 1817; x_wconf 67' lang='grc' dir='ltr'><strong>ιε</strong></span> 
     </span>
     <span class='ocr_line' id='line_1_17' title="bbox 353 1834 2360 1922; baseline 0.002 -21"><span class='ocrx_word' id='word_1_121' title='bbox 353 1838 562 1903; x_wconf 88' lang='lat' dir='ltr'><strong>solata</strong></span> <span class='ocrx_word' id='word_1_122' title='bbox 608 1841 705 1901; x_wconf 89' lang='lat' dir='ltr'><strong>est</strong></span> <span class='ocrx_word' id='word_1_123' title='bbox 753 1858 897 1919; x_wconf 90' lang='lat' dir='ltr'><strong>spes</strong></span> <span class='ocrx_word' id='word_1_124' title='bbox 941 1834 1122 1901; x_wconf 82' lang='lat' dir='ltr'><strong>brevi</strong></span> <span class='ocrx_word' id='word_1_125' title='bbox 1166 1840 1455 1919; x_wconf 89' lang='lat' dir='ltr'><strong>tempore</strong></span> <span class='ocrx_word' id='word_1_126' title='bbox 1501 1836 1977 1922; x_wconf 82' lang='lat' dir='ltr'><strong>congrediendi3</strong></span> <span class='ocrx_word' id='word_1_127' title='bbox 2022 1859 2184 1921; x_wconf 89' lang='lat' dir='ltr'><strong>quae</strong></span> <span class='ocrx_word' id='word_1_128' title='bbox 2220 1842 2360 1920; x_wconf 80' lang='lat' dir='ltr'><strong>qui-</strong></span> 
     </span>
     <span class='ocr_line' id='line_1_18' title="bbox 353 1924 2368 2009; baseline 0.001 -20"><span class='ocrx_word' id='word_1_129' title='bbox 353 1925 496 1990; x_wconf 91' lang='lat' dir='ltr'><strong>dem</strong></span> <span class='ocrx_word' id='word_1_130' title='bbox 541 1925 933 2009; x_wconf 82' lang='lat' dir='ltr'><strong>exspectatio</strong></span> <span class='ocrx_word' id='word_1_131' title='bbox 979 1947 1082 1990; x_wconf 91' lang='lat' dir='ltr'><strong>me</strong></span> <span class='ocrx_word' id='word_1_132' title='bbox 1127 1924 1404 1989; x_wconf 84' lang='lat' dir='ltr'><strong>maxime</strong></span> <span class='ocrx_word' id='word_1_133' title='bbox 1451 1927 1789 1989; x_wconf 89' lang='lat' dir='ltr'><strong>sustentat.</strong></span> <span class='ocrx_word' id='word_1_134' title='bbox 1862 1925 2045 1990; x_wconf 87' lang='lat' dir='ltr'><strong>Meae</strong></span> <span class='ocrx_word' id='word_1_135' title='bbox 2088 1926 2214 1991; x_wconf 89' lang='lat' dir='ltr'><strong>tibi</strong></span> <span class='ocrx_word' id='word_1_136' title='bbox 2257 1928 2368 1992; x_wconf 87' lang='lat' dir='ltr'><strong>lit-</strong></span> 
     </span>
     <span class='ocr_line' id='line_1_19' title="bbox 351 2011 2365 2079; baseline 0.001 -1"><span class='ocrx_word' id='word_1_137' title='bbox 351 2018 525 2078; x_wconf 88' lang='lat' dir='ltr'><strong>terae</strong></span> <span class='ocrx_word' id='word_1_138' title='bbox 586 2035 719 2079; x_wconf 89' lang='lat' dir='ltr'><strong>non</strong></span> <span class='ocrx_word' id='word_1_139' title='bbox 783 2015 1029 2079; x_wconf 87' lang='lat' dir='ltr'><strong>derunt.</strong></span> <span class='ocrx_word' id='word_1_140' title='bbox 1120 2012 1218 2077; x_wconf 93' lang='lat' dir='ltr'><strong>De</strong></span> <span class='ocrx_word' id='word_1_141' title='bbox 1280 2011 1485 2078; x_wconf 90' lang='lat' dir='ltr'><strong>Bruto</strong></span> <span class='ocrx_word' id='word_1_142' title='bbox 1551 2012 1826 2076; x_wconf 90' lang='lat' dir='ltr'><strong>scribam</strong></span> <span class='ocrx_word' id='word_1_143' title='bbox 1880 2013 1960 2077; x_wconf 91' lang='lat' dir='ltr'><strong>ad</strong></span> <span class='ocrx_word' id='word_1_144' title='bbox 2013 2018 2078 2078; x_wconf 87' lang='lat' dir='ltr'><strong>te</strong></span> <span class='ocrx_word' id='word_1_145' title='bbox 2134 2016 2365 2079; x_wconf 85' lang='lat' dir='ltr'><strong>omnia.</strong></span> 
     </span>
     <span class='ocr_line' id='line_1_20' title="bbox 350 2100 2367 2185; baseline 0.001 -20"><span class='ocrx_word' id='word_1_146' title='bbox 350 2101 620 2166; x_wconf 89' lang='lat' dir='ltr'><strong>Librum</strong></span> <span class='ocrx_word' id='word_1_147' title='bbox 680 2102 804 2166; x_wconf 90' lang='lat' dir='ltr'><strong>tibi</strong></span> <span class='ocrx_word' id='word_1_148' title='bbox 868 2102 1156 2167; x_wconf 89' lang='lat' dir='ltr'><strong>celeriter</strong></span> <span class='ocrx_word' id='word_1_149' title='bbox 1213 2102 1469 2165; x_wconf 91' lang='lat' dir='ltr'><strong>mittam</strong></span> <span class='ocrx_word' id='word_1_150' title='bbox 1529 2100 1629 2165; x_wconf 92' lang='lat' dir='ltr'><strong>de</strong></span> <span class='ocrx_word' id='word_1_151' title='bbox 1684 2100 1929 2185; x_wconf 86' lang='lat' dir='ltr'><strong>gloria&#39;.</strong></span> <span class='ocrx_word' id='word_1_152' title='bbox 2034 2102 2367 2167; x_wconf 84' lang='lat' dir='ltr'><strong>Excudam</strong></span> 
     </span>
     <span class='ocr_line' id='line_1_21' title="bbox 351 2188 2448 2275; baseline 0.001 -22"><span class='ocrx_word' id='word_1_153' title='bbox 351 2190 595 2274; x_wconf 90' lang='lat' dir='ltr'><strong>aliquid</strong></span> <span class='ocrx_word' id='word_1_154' title='bbox 645 2188 1169 2275; x_wconf 64' lang='grc' dir='ltr'><strong><em>“Ηρακλείδειον,</em></strong></span> <span class='ocrx_word' id='word_1_155' title='bbox 1234 2189 1407 2272; x_wconf 91' lang='lat' dir='ltr'><strong>quod</strong></span> <span class='ocrx_word' id='word_1_156' title='bbox 1467 2189 1667 2252; x_wconf 89' lang='lat' dir='ltr'><strong>lateat</strong></span> <span class='ocrx_word' id='word_1_157' title='bbox 1719 2190 1789 2252; x_wconf 89' lang='lat' dir='ltr'><strong>in</strong></span> <span class='ocrx_word' id='word_1_158' title='bbox 1841 2189 2160 2255; x_wconf 87' lang='lat' dir='ltr'><strong>thesauris</strong></span> <span class='ocrx_word' id='word_1_159' title='bbox 2214 2192 2366 2256; x_wconf 77' lang='lat' dir='ltr'><strong>tuis,</strong></span> <span class='ocrx_word' id='word_1_160' title='bbox 2395 2217 2448 2256; x_wconf 75' lang='lat' dir='ltr'><strong>so</strong></span> 
     </span>
    </p>

    <p class='ocr_par' dir='ltr' id='par_1_6' title="bbox 282 2275 2450 2958">
     <span class='ocr_line' id='line_1_22' title="bbox 282 2275 2368 2359; baseline 0.001 -18"><span class='ocrx_word' id='word_1_161' title='bbox 282 2293 314 2341; x_wconf 86' lang='lat'><strong>3</strong></span> <span class='ocrx_word' id='word_1_162' title='bbox 351 2276 450 2342; x_wconf 93' lang='lat' dir='ltr'><strong>De</strong></span> <span class='ocrx_word' id='word_1_163' title='bbox 501 2277 737 2341; x_wconf 89' lang='lat' dir='ltr'><strong>Planco</strong></span> <span class='ocrx_word' id='word_1_164' title='bbox 792 2278 1070 2341; x_wconf 86' lang='lat' dir='ltr'><strong>memini.</strong></span> <span class='ocrx_word' id='word_1_165' title='bbox 1160 2275 1381 2340; x_wconf 89' lang='lat' dir='ltr'><strong>Attica</strong></span> <span class='ocrx_word' id='word_1_166' title='bbox 1438 2277 1577 2340; x_wconf 90' lang='lat' dir='ltr'><strong>iure</strong></span> <span class='ocrx_word' id='word_1_167' title='bbox 1633 2278 1937 2359; x_wconf 90' lang='lat' dir='ltr'><strong>queritur.</strong></span> <span class='ocrx_word' id='word_1_168' title='bbox 2028 2277 2213 2353; x_wconf 82' lang='lat' dir='ltr'><strong>Quod</strong></span> <span class='ocrx_word' id='word_1_169' title='bbox 2264 2301 2368 2344; x_wconf 92' lang='lat' dir='ltr'><strong>me</strong></span> 
     </span>
     <span class='ocr_line' id='line_1_23' title="bbox 352 2364 2368 2451; baseline 0.001 -22"><span class='ocrx_word' id='word_1_170' title='bbox 352 2366 428 2429; x_wconf 91' lang='lat' dir='ltr'><strong>de</strong></span> <span class='ocrx_word' id='word_1_171' title='bbox 464 2365 714 2448; x_wconf 87' lang='lat' dir='ltr'><strong>Bacchi,</strong></span> <span class='ocrx_word' id='word_1_172' title='bbox 760 2365 837 2429; x_wconf 91' lang='lat' dir='ltr'><strong>de</strong></span> <span class='ocrx_word' id='word_1_173' title='bbox 873 2369 1234 2429; x_wconf 89' lang='lat' dir='ltr'><strong>statuarum</strong></span> <span class='ocrx_word' id='word_1_174' title='bbox 1270 2364 1521 2430; x_wconf 87' lang='lat' dir='ltr'><strong>coronis</strong></span> <span class='ocrx_word' id='word_1_175' title='bbox 1559 2365 1896 2431; x_wconf 84' lang='lat' dir='ltr'><strong>certiorem</strong></span> <span class='ocrx_word' id='word_1_176' title='bbox 1929 2366 2157 2451; x_wconf 87' lang='lat' dir='ltr'><strong>fecisti,</strong></span> <span class='ocrx_word' id='word_1_177' title='bbox 2184 2368 2368 2432; x_wconf 86' lang='lat' dir='ltr'><strong>valde</strong></span> 
     </span>
     <span class='ocr_line' id='line_1_24' title="bbox 353 2452 2371 2539; baseline 0.001 -22"><span class='ocrx_word' id='word_1_178' title='bbox 353 2458 634 2538; x_wconf 82' lang='lat' dir='ltr'><strong>gratum3</strong></span> <span class='ocrx_word' id='word_1_179' title='bbox 679 2475 796 2517; x_wconf 92' lang='lat' dir='ltr'><strong>nec</strong></span> <span class='ocrx_word' id='word_1_180' title='bbox 841 2454 1180 2536; x_wconf 89' lang='lat' dir='ltr'><strong>quicquam</strong></span> <span class='ocrx_word' id='word_1_181' title='bbox 1228 2452 1499 2536; x_wconf 88' lang='lat' dir='ltr'><strong>posthac</strong></span> <span class='ocrx_word' id='word_1_182' title='bbox 1542 2474 1674 2517; x_wconf 92' lang='lat' dir='ltr'><strong>non</strong></span> <span class='ocrx_word' id='word_1_183' title='bbox 1709 2453 1901 2518; x_wconf 90' lang='lat' dir='ltr'><strong>modo</strong></span> <span class='ocrx_word' id='word_1_184' title='bbox 1938 2457 2210 2539; x_wconf 85' lang='lat' dir='ltr'><strong>tantum,</strong></span> <span class='ocrx_word' id='word_1_185' title='bbox 2257 2457 2371 2520; x_wconf 89' lang='lat' dir='ltr'><strong>sed</strong></span> 
     </span>
     <span class='ocr_line' id='line_1_25' title="bbox 349 2540 2369 2624; baseline 0.001 -18"><span class='ocrx_word' id='word_1_186' title='bbox 349 2564 432 2606; x_wconf 92' lang='lat' dir='ltr'><strong>ne</strong></span> <span class='ocrx_word' id='word_1_187' title='bbox 489 2542 816 2606; x_wconf 87' lang='lat' dir='ltr'><strong>tantulum</strong></span> <span class='ocrx_word' id='word_1_188' title='bbox 879 2542 1133 2624; x_wconf 89' lang='lat' dir='ltr'><strong>quidem</strong></span> <span class='ocrx_word' id='word_1_189' title='bbox 1187 2540 1607 2624; x_wconf 68' lang='lat' dir='ltr'><strong>praeterieris</strong></span> <span class='ocrx_word' id='word_1_190' title='bbox 1697 2540 1788 2604; x_wconf 85' lang='lat' dir='ltr'><strong>Et</strong></span> <span class='ocrx_word' id='word_1_191' title='bbox 1853 2541 1930 2606; x_wconf 92' lang='lat' dir='ltr'><strong>de</strong></span> <span class='ocrx_word' id='word_1_192' title='bbox 1984 2541 2240 2608; x_wconf 89' lang='lat' dir='ltr'><strong>Herode</strong></span> <span class='ocrx_word' id='word_1_193' title='bbox 2302 2549 2369 2608; x_wconf 87' lang='lat' dir='ltr'><strong>et</strong></span> 
     </span>
     <span class='ocr_line' id='line_1_26' title="bbox 352 2628 2450 2712; baseline 0.002 -19"><span class='ocrx_word' id='word_1_194' title='bbox 352 2630 581 2693; x_wconf 86' lang='lat' dir='ltr'><strong>Mettio</strong></span> <span class='ocrx_word' id='word_1_195' title='bbox 640 2630 989 2693; x_wconf 88' lang='lat' dir='ltr'><strong>meminero</strong></span> <span class='ocrx_word' id='word_1_196' title='bbox 1046 2632 1110 2693; x_wconf 89' lang='lat' dir='ltr'><strong>et</strong></span> <span class='ocrx_word' id='word_1_197' title='bbox 1169 2628 1245 2692; x_wconf 92' lang='lat' dir='ltr'><strong>de</strong></span> <span class='ocrx_word' id='word_1_198' title='bbox 1304 2629 1628 2711; x_wconf 79' lang='lat' dir='ltr'><strong>omnibuS,</strong></span> <span class='ocrx_word' id='word_1_199' title='bbox 1692 2650 1855 2712; x_wconf 90' lang='lat' dir='ltr'><strong>quae</strong></span> <span class='ocrx_word' id='word_1_200' title='bbox 1910 2634 1977 2693; x_wconf 90' lang='lat' dir='ltr'><strong>te</strong></span> <span class='ocrx_word' id='word_1_201' title='bbox 2037 2632 2201 2695; x_wconf 81' lang='lat' dir='ltr'><strong>velle</strong></span> <span class='ocrx_word' id='word_1_202' title='bbox 2265 2654 2370 2696; x_wconf 89' lang='lat' dir='ltr'><strong>su·</strong></span> <span class='ocrx_word' id='word_1_203' title='bbox 2399 2657 2450 2699; x_wconf 76' lang='lat'><strong>25</strong></span> 
     </span>
     <span class='ocr_line' id='line_1_27' title="bbox 352 2714 2372 2801; baseline 0.001 -20"><span class='ocrx_word' id='word_1_204' title='bbox 352 2718 644 2800; x_wconf 89' lang='lat' dir='ltr'><strong>spicabor</strong></span> <span class='ocrx_word' id='word_1_205' title='bbox 700 2717 907 2781; x_wconf 90' lang='lat' dir='ltr'><strong>mod0.</strong></span> <span class='ocrx_word' id='word_1_206' title='bbox 1001 2714 1054 2780; x_wconf 90' lang='lat' dir='ltr'>O</span> <span class='ocrx_word' id='word_1_207' title='bbox 1113 2720 1367 2801; x_wconf 85' lang='lat' dir='ltr'><strong>turpem</strong></span> <span class='ocrx_word' id='word_1_208' title='bbox 1414 2718 1654 2780; x_wconf 88' lang='lat' dir='ltr'><strong>sororis</strong></span> <span class='ocrx_word' id='word_1_209' title='bbox 1702 2719 1852 2781; x_wconf 88' lang='lat' dir='ltr'><strong>tuae</strong></span> <span class='ocrx_word' id='word_1_210' title='bbox 1896 2717 2129 2783; x_wconf 84' lang='lat' dir='ltr'><strong>filium!</strong></span> <span class='ocrx_word' id='word_1_211' title='bbox 2204 2717 2372 2785; x_wconf 83' lang='lat' dir='ltr'><strong>Cum</strong></span> 
     </span>
     <span class='ocr_line' id='line_1_28' title="bbox 349 2804 2373 2891; baseline 0.002 -23"><span class='ocrx_word' id='word_1_212' title='bbox 349 2805 507 2870; x_wconf 87' lang='lat' dir='ltr'><strong>haec</strong></span> <span class='ocrx_word' id='word_1_213' title='bbox 559 2806 928 2891; x_wconf 88' lang='lat' dir='ltr'><strong>scriberem,</strong></span> <span class='ocrx_word' id='word_1_214' title='bbox 987 2804 1372 2869; x_wconf 81' lang='lat' dir='ltr'><strong>adventabat</strong></span> <span class='ocrx_word' id='word_1_215' title='bbox 1419 2804 1586 2890; x_wconf 79' lang='grc' dir='ltr'><strong><em>αὐτῇ</em></strong></span> <span class='ocrx_word' id='word_1_216' title='bbox 1630 2807 1943 2888; x_wconf 80' lang='grc' dir='ltr'><strong><em>βουλύσει</em></strong></span> <span class='ocrx_word' id='word_1_217' title='bbox 1989 2809 2373 2874; x_wconf 89' lang='lat' dir='ltr'><strong>cenantibus</strong></span> 
     </span>
     <span class='ocr_line' id='line_1_29' title="bbox 348 2893 559 2958; baseline 0.005 -1"><span class='ocrx_word' id='word_1_218' title='bbox 348 2893 559 2958; x_wconf 88' lang='lat' dir='ltr'><strong>nobis.</strong></span> 
     </span>
    </p>
   </div>
   <div class='ocr_carea' id='block_1_5' title="bbox 658 3067 2457 3259">
    <p class='ocr_par' dir='ltr' id='par_1_7' title="bbox 658 3067 2457 3259">
     <span class='ocr_line' id='line_1_30' title="bbox 1205 3067 1508 3135; baseline 0.013 -3"><span class='ocrx_word' id='word_1_219' title='bbox 1205 3067 1508 3135; x_wconf 82' lang='lat' dir='ltr'>XXVIII.</span> 
     </span>
     <span class='ocr_line' id='line_1_31' title="bbox 658 3187 2457 3259; baseline 0.001 -13"><span class='ocrx_word' id='word_1_220' title='bbox 658 3188 773 3246; x_wconf 80' lang='lat' dir='ltr'><strong>Ser.</strong></span> <span class='ocrx_word' id='word_1_221' title='bbox 801 3190 865 3244; x_wconf 76' lang='lat' dir='ltr'><strong>in</strong></span> <span class='ocrx_word' id='word_1_222' title='bbox 900 3190 1170 3258; x_wconf 75' lang='lat' dir='ltr'><strong>Arpinati</strong></span> <span class='ocrx_word' id='word_1_223' title='bbox 1214 3189 1268 3243; x_wconf 89' lang='lat' dir='ltr'><strong><em>V</em></strong></span> <span class='ocrx_word' id='word_1_224' title='bbox 1295 3190 1446 3245; x_wconf 80' lang='lat' dir='ltr'><strong>Non.</strong></span> <span class='ocrx_word' id='word_1_225' title='bbox 1480 3187 1665 3259; x_wconf 70' lang='lat' dir='ltr'><strong>Quint.</strong></span> <span class='ocrx_word' id='word_1_226' title='bbox 1695 3208 1747 3245; x_wconf 83' lang='lat' dir='ltr'><strong>a.</strong></span> <span class='ocrx_word' id='word_1_227' title='bbox 1778 3194 1887 3245; x_wconf 84' lang='lat'><strong>710</strong></span> <span class='ocrx_word' id='word_1_228' title='bbox 1925 3194 2060 3259; x_wconf 79' lang='lat'><em>(44).</em></span> <span class='ocrx_word' id='word_1_229' title='bbox 2402 3207 2457 3248; x_wconf 78' lang='lat'><strong>³0</strong></span> 
     </span>
    </p>
   </div>
   <div class='ocr_carea' id='block_1_6' title="bbox 953 3312 1767 3368">
    <p class='ocr_par' dir='ltr' id='par_1_8' title="bbox 953 3312 1767 3368">
     <span class='ocr_line' id='line_1_32' title="bbox 953 3312 1767 3368; baseline 0.002 -2"><span class='ocrx_word' id='word_1_230' title='bbox 953 3312 1242 3367; x_wconf 81' lang='lat' dir='ltr'>CICERO</span> <span class='ocrx_word' id='word_1_231' title='bbox 1277 3313 1567 3368; x_wconf 81' lang='lat' dir='ltr'>ATTICO</span> <span class='ocrx_word' id='word_1_232' title='bbox 1604 3313 1767 3368; x_wconf 85' lang='lat' dir='ltr'><strong><em>SAL.</em></strong></span> 
     </span>
    </p>
   </div>
   <div class='ocr_carea' id='block_1_7' title="bbox 351 3418 2372 3594">
    <p class='ocr_par' dir='ltr' id='par_1_9' title="bbox 351 3418 2372 3594">
     <span class='ocr_line' id='line_1_33' title="bbox 482 3418 2372 3505; baseline 0.003 -23"><span class='ocrx_word' id='word_1_233' title='bbox 482 3418 654 3503; x_wconf 86' lang='lat' dir='ltr'><strong>Ego,</strong></span> <span class='ocrx_word' id='word_1_234' title='bbox 714 3424 788 3483; x_wconf 91' lang='lat' dir='ltr'><strong>ut</strong></span> <span class='ocrx_word' id='word_1_235' title='bbox 844 3420 924 3484; x_wconf 88' lang='lat' dir='ltr'><strong>ad</strong></span> <span class='ocrx_word' id='word_1_236' title='bbox 977 3424 1040 3483; x_wconf 86' lang='lat' dir='ltr'><strong>te</strong></span> <span class='ocrx_word' id='word_1_237' title='bbox 1094 3420 1298 3504; x_wconf 88' lang='lat' dir='ltr'><strong>pridie</strong></span> <span class='ocrx_word' id='word_1_238' title='bbox 1344 3421 1748 3505; x_wconf 90' lang='lat' dir='ltr'><strong>scripseram,</strong></span> <span class='ocrx_word' id='word_1_239' title='bbox 1802 3419 2010 3486; x_wconf 88' lang='lat' dir='ltr'><strong>Nonis</strong></span> <span class='ocrx_word' id='word_1_240' title='bbox 2055 3424 2372 3489; x_wconf 87' lang='lat' dir='ltr'><strong>constitu·</strong></span> 
     </span>
     <span class='ocr_line' id='line_1_34' title="bbox 351 3506 2371 3594; baseline 0.004 -25"><span class='ocrx_word' id='word_1_241' title='bbox 351 3528 522 3570; x_wconf 91' lang='lat' dir='ltr'><strong>eram</strong></span> <span class='ocrx_word' id='word_1_242' title='bbox 581 3507 796 3572; x_wconf 82' lang='lat' dir='ltr'><strong>venire</strong></span> <span class='ocrx_word' id='word_1_243' title='bbox 860 3507 929 3571; x_wconf 91' lang='lat' dir='ltr'><strong>in</strong></span> <span class='ocrx_word' id='word_1_244' title='bbox 983 3506 1424 3573; x_wconf 88' lang='lat' dir='ltr'><strong>Puteolanum.</strong></span> <span class='ocrx_word' id='word_1_245' title='bbox 1516 3507 1620 3574; x_wconf 89' lang='lat' dir='ltr'><strong>Ibi</strong></span> <span class='ocrx_word' id='word_1_246' title='bbox 1675 3510 1877 3594; x_wconf 85' lang='lat' dir='ltr'><strong>igitur</strong></span> <span class='ocrx_word' id='word_1_247' title='bbox 1930 3509 2161 3575; x_wconf 88' lang='lat' dir='ltr'><strong>cotidie</strong></span> <span class='ocrx_word' id='word_1_248' title='bbox 2217 3516 2371 3578; x_wconf 86' lang='lat' dir='ltr'><strong>tuas</strong></span> 
     </span>
    </p>
   </div>
   <div class='ocr_carea' id='block_1_8' title="bbox 2597 3190 2604 3692">
    <p class='ocr_par' dir='ltr' id='par_1_10' title="bbox 2597 3190 2604 3692">
     <span class='ocr_line' id='line_1_35' title="bbox 2597 3190 2604 3692; baseline 0 0"><span class='ocrx_word' id='word_1_249' title='bbox 2597 3190 2604 3692; x_wconf 95' lang='lat' dir='ltr'><strong> </strong></span> 
     </span>
    </p>
   </div>
  </div>
 </body>
</html>
