2642 3923
367 265 497 328 562
1042 262 1705 319 PSEUDOCICERONIS

366 408 603 471 dicium
655 411 722 471 et
775 408 1155 490 praeteritae
1208 407 1482 471 iniuriae
1536 407 1984 471 testimonium
2039 410 2104 470 et
2159 406 2383 470 absen-

367 497 533 560 tium
579 517 803 559 sensus
849 496 1400 581 significationem,
1455 517 1588 559 non
1633 496 2158 579 praetermittam,
2205 494 2382 577 (111111,

364 584 671 667 quoniam
728 605 943 647 coram
1004 584 1070 647 id
1123 585 1328 648 facere
1386 583 1760 667 prohibeor,
1821 583 2051 647 absens
2106 604 2221 665 pro
2279 605 2384 645 me

367 672 766 755 expostulem
821 678 1049 736 tecum.
1141 672 1356 755 Atque
1410 673 1504 735 ita
1562 672 1703 735 dico
1752 672 1893 755 ‘pro
1938 672 2083 756 me’,
2142 670 2198 734 si
2243 671 2383 753 qui-

368 761 512 823 dem
547 782 688 823 mea
723 760 896 823 salus
932 764 1044 824 aut
1080 761 1261 824 utilis
1299 761 1394 824 rei
1430 759 1725 843 publicae
1761 763 1860 825 est
1896 763 2008 823 aut
2043 760 2384 823 coniuncta
2442 787 2466 825 5

369 853 539 912 certe
600 847 892 949 publicae
955 848 1165 912 saluti.
1255 847 1453 931 Nam,
1507 870 1621 931 per
1676 848 1862 911 deum
1919 846 2385 911 immortalium

367 936 579 1019 fidem,
623 937 751 1000 nisi
794 936 961 1000 forte
1005 937 1247 999 frustra
1294 958 1404 1001 eos
1441 936 1713 1022 appe110,
1758 958 2032 1020 quorum
2069 957 2252 999 aures
2290 939 2384 998 at-

372 1046 496 1108 que
548 1025 799 1088 animus
845 1047 883 1088 a
926 1025 1117 1089 nobis
1163 1024 1539 1108 abhorrent,
1592 1045 1831 1108 perque
1875 1023 2226 1087 Fortunam
2274 1045 2381 1106 po

240 1187 256 1208 l
371 1113 508 1196 puli
554 1112 856 1197 Romani,
911 1134 1074 1196 (11166
1126 1134 1518 1196 quamquam
1561 1112 1751 1176 nobis
1798 1112 2033 1176 infesta
2078 1117 2202 1194 est,
2257 1112 2385 1174 fuit

371 1201 714 1284 aliquando
760 1201 1043 1284 propitia
1090 1206 1180 1284 et,
1234 1205 1309 1264 ut
1356 1222 1569 1287 spem,
1623 1202 1841 1264 futura
1887 1204 2005 1283 est,
2058 1201 2203 1283 quis
2248 1205 2386 1263 tam
2414 1227 2466 1265 ιο

371 1310 597 1372 expers
655 1289 1103 1374 humanitatis,
1160 1290 1303 1372 quis
1348 1288 1541 1352 huius
1589 1289 1767 1352 urbis
1813 1288 2062 1352 nomini
2107 1310 2179 1352 ac
2223 1288 2386 1351 sedi-

371 1378 492 1440 bus
548 1399 750 1460 usque
809 1378 965 1441 adeo
1012 1380 1111 1439 est
1155 1377 1481 1460 inimicus,
1536 1381 1610 1441 ut
1654 1378 1781 1440 ista
1826 1381 1938 1441 aut
1982 1376 2387 1440 dissimulare

371 1465 577 1549 possit
632 1469 743 1528 aut
795 1486 929 1528 non
981 1465 1194 1528 dolere
1254 1470 1395 1550 aut,
1461 1465 1518 1529 si
1571 1465 1751 1529 nulla
1803 1466 2053 1530 ratione
2108 1465 2385 1547 publicis

372 1553 792 1616 incommodis
845 1553 1082 1616 mederi
1138 1557 1359 1637 queat,
1413 1575 1546 1617 non
1590 1557 1797 1617 morte
1842 1553 2178 1637 proprium
2223 1553 2387 1636 peri-

373 1641 586 1704 culum
630 1641 832 1704 vitet?
2415 1670 2465 1707 15
2591 1637 2592 1650 ³

502 1728 570 1793 N
569 1752 691 1814 am,
732 1733 807 1792 ut
843 1730 1056 1793 ordiar
1092 1728 1172 1792 ab
1210 1727 1400 1792 initio
1439 1733 1503 1792 et
1540 1728 1880 1811 perducam
1914 1728 1994 1792 ad
2028 1731 2388 1792 extremum

375 1821 441 1880 et
483 1817 834 1881 novissima
878 1818 1199 1881 conferam
1234 1816 1481 1900 primiS,
1528 1839 1690 1900 quae
1724 1839 1858 1881 non
1893 1815 2214 1900 posterior
2250 1815 2385 1879 dies

376 1906 663 1970 acerbior
699 1906 911 1988 priore
948 1910 1012 1970 et
1041 1927 1202 1989 quae
1236 1926 1370 1969 non
1404 1906 1743 1988 insequens
1776 1903 1938 1969 hora
1975 1904 2384 1969 antecedente

376 1995 810 2058 calamitosior
851 1994 1092 2077 populo
1131 1992 1420 2058 Romano
1466 1994 1730 2057 illuxit?
1784 1993 1870 2057 M.
1908 1993 2251 2077 AntoniuS,
2286 1993 2380 2055 vir

375 2083 573 2146 animi
609 2083 871 2146 maximi
903 2081 1181 2166 (utinam
1216 2081 1412 2145 etiam
1449 2082 1756 2165 sapientis
1793 2083 2043 2146 consilii
2081 2079 2381 2165 fuissetl),
2409 2109 2463 2146 21»

377 2169 445 2235 G.
483 2169 752 2234 Caesare
798 2170 1165 2254 fortissime,
1208 2170 1318 2239 sed
1363 2192 1592 2253 parum
1638 2170 1907 2234 feliciter
1953 2192 1991 2233 a
2036 2171 2130 2233 rei
2181 2168 2386 2252 publi—

376 2281 483 2323 cae
555 2259 987 2323 dominatione
1060 2261 1306 2323 semoto
1380 2258 1788 2341 concupierat
1849 2258 2056 2342 magis
2120 2259 2387 2341 regium,

377 2369 569 2430 quam
604 2347 808 2410 libera
843 2347 1067 2411 civitas
1103 2345 1242 2429 pati
1278 2350 1517 2420 posset,
1543 2346 1991 2429 principatum.
2054 2345 2389 2410 Publicam

377 2435 770 2518 dilapidabat
812 2435 1164 2519 pecuniam,
1216 2439 1531 2498 aerarium
1577 2434 2011 2520 exhauriebat,
2054 2433 2386 2497 minuebat

378 2523 742 2608 vectigalia,
802 2522 1082 2587 donabat
1146 2522 1441 2588 civitates
1505 2523 1911 2586 immunitate
1968 2526 2033 2586 et
2091 2521 2383 2584 nationes
2415 2547 2469 2587 25

379 2634 458 2676 ex
502 2611 989 2696 commentario3
1032 2611 1418 2675 dictaturam
1455 2611 1738 2695 gerebat,
1781 2610 1955 2695 leges
1993 2609 2388 2711 imponebat,

378 2698 762 2782 prohibebat
806 2699 1181 2763 dictatorem
1226 2698 1455 2781 creari,
1514 2699 1648 2781 ipse
1693 2698 2004 2782 regnabat
2048 2699 2121 2761 in
2161 2718 2389 2761 consu—

378 2788 544 2871 latu,
597 2787 958 2871 provincias
1013 2808 1233 2851 omnes
1280 2808 1446 2850 unus
1492 2787 1917 2869 concupierat.
2009 2784 2129 2850 Cui
2176 2785 2391 2850 sorde-

380 2876 493 2940 bat
537 2874 908 2939 Macedonia
965 2875 1317 2958 provincia,
1369 2897 1563 2958 quam
1607 2875 1813 2938 victor
1858 2873 1981 2938 sibi
2027 2877 2392 2956 sumpserat

381 2962 631 3046 Caesar,
677 2964 830 3046 quid
874 2964 951 3027 de
983 2963 1107 3027 hoc
1143 2983 1399 3045 sperare
1434 2967 1547 3026 aut
1582 2966 1946 3046 exspectare
1981 2983 2099 3026 nos
2137 2965 2392 3045 oporte·
2420 2990 2469 3029 sn

381 3052 537 3116 bat?
609 3015 952 3115 lilxstitistf
1007 3055 1083 3114 tu
1135 3051 1368 3115 vindex
1420 3054 1679 3114 nostrae
1728 3050 2051 3114 libertatis
2104 3054 2179 3113 ut
2232 3053 2394 3114 tunc

382 3140 634 3223 quidem
683 3141 966 3223 optimus
1011 3139 1457 3225 (quodutinam
1505 3160 1710 3222 neque
1754 3143 1977 3203 nostra
2011 3159 2130 3202 nos
2167 3138 2392 3221 opinio

382 3249 586 3311 neque
630 3231 744 3291 tua
788 3228 945 3292 fides
989 3224 1378 3312 fefellisset!)
1425 3231 1489 3292 et
1534 3227 1850 3291 veteranis
1893 3227 1964 3291 in
2007 3249 2206 3289 unum
2245 3248 2394 3290 con-

382 3317 589 3380 ductis
644 3321 709 3379 et
762 3316 1008 3380 duabus
1063 3315 1427 3400 legionibus
1474 3339 1511 3380 a
1556 3316 1833 3399 pernicie
1878 3315 2122 3398 patriae
2168 3315 2247 3378 ad
2294 3336 2394 3378 sa-

380 3404 581 3467 lutem
642 3404 922 3467 avocatis
983 3405 1200 3468 subito
1265 3425 1465 3488 prope
1527 3402 1656 3467 iam
1718 3404 2116 3486 desperatam
2178 3407 2246 3467 et
2301 3403 2393 3465 af·
2421 3430 2473 3469 :35

381 3491 619 3554 flictam
663 3513 797 3554 rem
843 3492 1166 3575 publicam
1209 3493 1341 3556 tuis
1378 3492 1618 3575 ‚opibus
1666 3491 1971 3555 extulisti.
2045 3491 2221 3566 Quae
2267 3491 2394 3554 tibi

379 3599 510 3641 non
546 3581 712 3660 ante,
759 3600 948 3662 quam
986 3581 1367 3666 postulares,
1410 3580 1671 3666 maiora,
1708 3602 1900 3664 quam
1936 3579 2148 3661 velles,
2183 3578 2396 3661 plura,
