2642 3923
1086 194 1146 247 P.
1178 199 1477 258 4327-438.
2072 193 2290 249 CXXIX

267 333 503 389 Diutius
556 350 795 388 semone
848 335 993 388 enim
1045 332 1259 388 Gurlitt
1308 332 1585 387 ‘Berliner
1632 333 1826 402 philol.
1866 334 2286 388 Wochensohr.’

270 409 423 459 1898.
464 410 592 471 542,
653 404 785 458 ‘Der
820 404 981 458 Brief
1025 407 1169 457 setzt
1214 403 1334 458 sich
1383 421 1482 458 aus
1529 405 1665 458 zwei
1700 403 1895 458 Teilen
1931 407 2290 473 zusammen’,

268 475 469 542 inquit.
548 474 681 528 ‘Der
736 474 931 528 zweite
987 477 1131 528 setzt
1175 475 1280 527 mit
1329 475 1437 529 den
1483 474 1717 528 Worten
1765 476 1880 531 ein:
1937 477 2170 531 Diutius
2217 493 2286 529 se.

270 545 388 598 ‘ich
421 545 615 598 wurde
641 544 942 598 namlieh
969 544 1199 614 langere
1227 544 1352 599 Zeit
1380 545 1557 599 durch
1573 545 1860 614 Gespraoh
1888 546 2297 615 ausgehalten”

266 631 373 669 neo
408 631 509 684 per
544 631 622 683 se,
658 620 724 669 nt
748 616 888 669 mihi
916 615 1154 684 videtur,
1192 616 1492 669 admodum
1519 616 1891 685 probabiliter
1916 619 1976 670 et
2000 632 2190 670 errans
2220 616 2289 669 de

267 686 468 740 horum
524 690 582 739 et
608 686 1052 754 insequentium
1103 685 1399 741 verborum
1454 702 1682 740 conexu.
1754 686 1903 740 Nam
1946 704 2084 752 non,
2139 686 2290 755 quod

267 756 435 810 huius
483 755 763 825 epistulae
810 757 975 810 initio
1026 757 1339 826 ‘scripserat
1392 757 1610 812 obscure
1653 758 1904 823 fortasse’
1921 800 1934 824 ,
1992 758 2092 810 sed
2138 756 2290 824 quod

269 827 405 881 ibid.
445 844 493 881 v.
526 834 557 880 2
580 844 697 895 sqq.
730 830 1080 894 narraverat,
1127 827 1377 896 explicat
1413 827 1599 881 verbis
1635 829 1752 882 eius
1784 829 1934 882 modi
1968 835 2056 882 est.
2096 859 2166 867 —-
2220 833 2287 880 27

280 898 479 952 Verum
523 898 626 951 tibi
669 899 886 968 iynoseo
933 899 992 951 et
1036 915 1083 951 v,
1116 903 1181 951 31
1206 916 1230 951 s
1275 941 1285 951 .
1327 899 1472 967 quod
1526 929 1595 939 —
1649 899 1883 968 negabat
1925 898 1985 951 in
2028 897 2284 967 parenth.

271 967 534 1021 Wesenb.
599 968 690 1021 Ad
724 985 778 1037 p.
812 974 1001 1022 16.14.
1066 971 1086 1039 11
1147 915 1377 1023 ΕΞΒΒ.
1399 974 1431 1021 3
1469 970 1666 1035 adhue,
1701 976 1779 1023 est
1803 968 2022 1038 Tyrrell
2058 984 2143 1037 ep.
2166 973 2285 1036 705,

271 1039 478 1105 adhue,
521 1040 621 1093 etsi
665 1038 854 1104 Klotz,
899 1038 1067 1104 Boot,
1116 1039 1295 1092 adhue
1339 1046 1389 1093 et
1425 1039 1611 1106 codd„
1658 1040 1866 1105 adhue;
1918 1041 2010 1094 sed
2043 1039 2284 1105 Ernesti,

271 1108 525 1163 Schuetz.
555 1140 627 1149 -—
666 1114 729 1161 11
760 1108 1148 1178 πραγματικὸν
1175 1111 1327 1175 vett„
1365 1108 1599 1177 Tyr-rell.
1627 1140 1697 1150 —
1732 1109 1812 1164 Ib.
1831 1111 2066 1175 habebis,
2091 1111 2287 1164 scribes

273 1179 414 1233 coni.
454 1178 717 1233 Wesenb.
767 1184 828 1234 et
870 1179 1043 1247 Boot,
1101 1197 1202 1234 scr.
1249 1182 1486 1247 uterque
1542 1181 1601 1233 et
1653 1179 1871 1247 Tyrrell
1923 1180 2085 1234 habes
2092 1221 2109 1247 ,
2153 1181 2285 1234 sem'-

272 1278 374 1342 bes,
421 1278 612 1331 habere
639 1277 886 1330 scribises
913 1275 1015 1341 M1,
1054 1275 1089 1329 i.
1112 1291 1178 1344 e.,
1205 1279 1272 1330 ut
1299 1276 1511 1345 opinor,
1548 1257 1760 1344 habe'ffk's,
1794 1278 2005 1342 scribes,
2050 1276 2285 1342 habebis,

270 1348 441 1402 scribe
476 1348 552 1401 sis
580 1345 646 1400 H.
670 1347 733 1399 A.
754 1346 912 1400 Koch
943 1345 1477 1416 ‘PhiloLAnzeiger'
1511 1352 1649 1400 1874
1677 1365 1728 1416 p.
1746 1353 1867 1415 496,
1912 1348 2091 1414 habes,
2117 1348 2286 1401 scribe

273 1418 401 1472 adn.
437 1417 607 1471 ‘Fort
637 1418 823 1483 habes,
869 1418 1190 1472 rescribesis’
1231 1417 1442 1471 Baiter.
1499 1448 1570 1458 —
1626 1423 1688 1470 17
1730 1418 1899 1473 Nune
1935 1419 2069 1487 quid
2105 1417 2283 1484 codd„

270 1488 420 1558 vulg.
451 1489 612 1555 vett,
658 1487 874 1555 Baiter,
921 1487 1139 1556 Tyrrell
1184 1503 1267 1556 ep.
1300 1494 1419 1542 706.
1484 1489 1504 1556 ΙΙ
1575 1487 1646 1542 Ρ.
1675 1486 1811 1543 437.
1842 1493 1873 1541 7
1919 1505 1972 1542 se
2020 1489 2150 1541 ante
2194 1505 2283 1542 su-

271 1566 509 1628 spectum
548 1558 675 1611 add.
709 1558 823 1625 alii,
870 1557 1028 1625 Boot,
1066 1560 1197 1627 post
1232 1575 1340 1613 esse
1375 1558 1583 1626 Baiter,
1621 1558 1841 1626 Tyrrell
1877 1575 1961 1628 ep.
1997 1564 2114 1623 707,
2154 1560 2284 1611 ante

272 1647 379 1685 esse
415 1628 677 1682 Wesenb.
745 1628 835 1681 Ad
869 1646 923 1697 p.
955 1633 1110 1682 8.19.
1158 1660 1228 1669 —
1276 1634 1344 1682 10
1379 1630 1604 1683 Annius
1640 1629 1807 1699 vulg.,
1853 1629 2012 1694 Boot,
2048 1627 2283 1697 Tyr-rell,

271 1718 381 1770 qua
416 1700 610 1754 sanius
646 1698 720 1766 M,
757 1700 993 1754 Asinius
1027 1697 1236 1764 Stroth,
1272 1699 1482 1763 Baiter,
1522 1698 1780 1754 Wesenb.
1836 1731 1906 1741 -
1959 1700 2036 1753 Π).
2071 1699 2126 1754 C.
2156 1700 2283 1754 Asi·

270 1773 426 1825 nium
464 1770 604 1824 coni.
634 1769 793 1836 Boot,
841 1787 942 1823 scr.
973 1768 1207 1837 Tyrrell,
1247 1769 1547 1823 Caninium
1582 1769 1762 1837 oodd.,
1797 1770 1889 1824 vul
1934 1813 1943 1824 .
1999 1801 2070 1811 —
2126 1775 2189 1823 11
2228 1771 2283 1824 A

273 1843 580 1897 balneatore
601 1837 657 1907 C,
686 1857 802 1908 v.e.,
829 1839 1067 1909 L(mgo),
1095 1840 1157 1907 P,
1186 1841 1255 1894 ab
1283 1841 1559 1894 alneatore
1578 1838 1623 1894 O
1644 1843 1875 1909 (expn),
1975 1840 2283 1908 (Lehmann

275 1912 391 1966 Att.
420 1930 476 1983 p.
509 1915 610 1965 181
634 1913 760 1980 ex.),
806 1928 843 1965 a
881 1912 1149 1966 baleatore
1184 1908 1268 1978 M,
1325 1911 1394 1965 ab
1431 1910 1663 1965 aleatore
1699 1911 1822 1965 edd.
1853 1911 1979 1965 fort.
2010 1913 2175 1965 recte.
2214 1942 2284 1951 —

277 1989 342 2037 13
370 1989 513 2037 reete
539 1981 700 2049 Reid,
729 1980 945 2050 Tyrrell
973 1981 1147 2051 prob.,
1185 1998 1295 2035 non
1328 1983 1457 2034 cert.
1480 2012 1550 2021 -
1576 1981 1655 2035 Π).
1674 1982 2021 2053 [Antonius]
2048 1982 2283 2035 Ernesto

275 2056 499 2107 auctore
536 2052 693 2106 Boot.
742 2084 812 2093 —
846 2052 925 2106 Ib.
963 2059 1009 2105 υ
1044 2069 1074 2105 o
1115 2053 1204 2105 ‘ex
1246 2051 1577 2119 codicibus',
1613 2052 1801 2120 inquit
1839 2052 2125 2105 Lehmann
2164 2054 2279 2105 Att.

272 2129 469 2249 ἓξὲξ
500 2120 1750 2263 ΞὲἰεᾶᾇέῗέῃῗὲἰὲἕὲἓῗέὓΞὲἶῖἒῑᾶὶἷῗηῗὲἕέῗω
1766 2121 2283 2248 ᾏἝ“ἓηῗέθὲῑὲἶᾷῗ

274 2282 377 2320 om.
410 2264 631 2331 reliqui,
678 2265 807 2318 En!
841 2262 1073 2332 Tyr-rell.
1129 2295 1199 2305 —
1256 2270 1319 2317 17
1368 2267 1418 2318 si
1464 2265 1678 2332 quidem
1709 2237 1802 2318 'illi
1835 2266 2188 2334 mayistratus
2222 2237 2283 2316 ixi

273 2334 527 2406 parenth.
545 2334 833 2388 Lehmann
853 2335 1032 2403 Attp.
1047 2340 1148 2388 205
1177 2351 1289 2388 non
1317 2335 1500 2403 magis
1519 2350 1792 2389 necessat.
1811 2352 1980 2402 quam
1998 2340 2182 2404 p.438.
2198 2341 2281 2390 13.

273 2407 360 2460 Ad
407 2424 459 2475 p.
486 2411 674 2460 16.14.
730 2436 800 2445 -
851 2404 930 2458 Ib.
960 2407 1121 2458 etiam
1163 2405 1354 2487 potius
1400 2421 1570 2473 quam
1615 2413 1791 2460 tamen
1827 2404 2087 2459 Wesenb.
2117 2405 2280 2459 male.

279 2479 482 2531 Tamen
502 2478 590 2529 est
608 2475 810 2529 saltem
827 2477 893 2528 ut
912 2491 1104 2544 saepe:
1134 2491 1250 2528 eive
1270 2478 1403 2529 sunt
1418 2476 1854 2545 magistratruum
1866 2476 2091 2530 nornine
2108 2476 2282 2545 digni,

275 2547 388 2601 sive
425 2564 538 2600 non
578 2548 724 2610 sunt,
763 2547 896 2599 sunt
929 2545 1156 2614 tyranni
1194 2545 1487 2599 satelh'tes.
1544 2546 1635 2598 Ad
1669 2565 1722 2616 p.
1743 2552 1824 2600 14.
1844 2553 1927 2600 22.
1959 2578 2028 2587 -
2065 2552 2130 2600 21
2160 2548 2285 2601 teeti

274 2635 380 2673 esse
417 2618 681 2671 debebant
714 2633 834 2681 sor„
870 2618 1061 2685 mayni
1095 2618 1246 2685 (post
1279 2618 1352 2686 m)
1379 2618 1633 2670 sedebant
1658 2616 1759 2684 M¹‚
1797 2618 2010 2687 maynis
2046 2634 2152 2672 esse
2179 2617 2281 2684 ΜΞ,

279 2688 400 2742 ‘sed
436 2704 544 2742 esse
580 2704 770 2740 rursus
810 2686 1057 2740 deletum
1094 2687 1229 2753 est',
1274 2688 1505 2757 mayisse
1540 2688 1798 2742 debebant
1833 2686 1921 2754 Zb,
1959 2704 2084 2741 eum
2122 2704 2282 2742 eruce

277 2758 420 2813 Boot
457 2757 598 2811 coni.
628 2764 770 2811 metu
805 2759 991 2823 vacui,
1037 2758 1227 2827 maqni
1261 2774 1370 2811 esse
1405 2759 1663 2812 debebant
1695 2757 1977 2826 Wesenb.,
2014 2760 2143 2829 vayi
2177 2777 2283 2813 esse

276 2830 390 2883 deb.
421 2829 635 2882 Manut.
653 2872 666 2896 ,
712 2826 947 2896 Tyrrell,
995 2825 1161 2896 ἅγιοι,
1198 2829 1379 2883 saneti
1412 2845 1519 2882 esse
1554 2829 1667 2882 deb.
1699 2827 1815 2883 alii.
1871 2859 1941 2869 —
1997 2835 2063 2883 22
2102 2830 2284 2899 Atqui

277 2899 492 2965 BosiuS,
530 2898 791 2952 Wesenb.
858 2897 947 2950 Ad
982 2916 1037 2967 p.
1069 2903 1151 2951 30.
1174 2903 1221 2952 8.
1260 2929 1331 2938 —-
1377 2904 1444 2951 23
1482 2900 1625 2968 quid
1663 2898 1840 2966 codd„
1887 2901 2037 2966 vett,
2073 2900 2282 2967 Baiter,

274 2969 519 3039 Tyrrell,
567 2969 719 3037 quod
764 2968 991 3021 defendi
1037 2968 1220 3022 miror.
1285 2968 1377 3021 Ad
1421 2987 1470 3038 p.
1505 2975 1587 3022 40.
1612 2975 1694 3023 30.
1769 3001 1838 3011 -
1912 2976 1978 3023 32
2034 2971 2284 3025 Primum

276 3040 444 3096 laetor
480 3041 621 3109 (tibi)
665 3040 856 3093 melius
900 3055 1007 3093 esse
1053 3040 1192 3092 coni.
1221 3038 1368 3093 Boot
1414 3040 1606 3109 ‘iyitwr
1641 3040 1902 3094 otiosum’
1954 3056 2073 3094 esse
2109 3044 2282 3108 ratus,

275 3110 336 3164 in
373 3127 483 3179 quo
523 3112 688 3176 errat,
728 3111 859 3162 ante
898 3107 1026 3163 obs.
1055 3128 1110 3179 p.
1141 3115 1208 3163 59
1229 3127 1308 3177 sq.
1343 3110 1592 3164 Primum
1631 3112 1707 3164 mi
1740 3118 1958 3181 yratum
1994 3112 2135 3180 (tibi)
2180 3130 2283 3167 me-

277 3181 385 3235 lius
421 3198 542 3236 esse.
599 3183 618 3250 ΙΙ
680 3180 751 3234 1¹.
772 3178 957 3234 «issa
996 3181 1061 3235 si
1097 3182 1230 3249 quid
1270 3179 1401 3234 Otto
1438 3198 1577 3234 mue.
1608 3180 1784 3234 Rhen.
1818 3186 1952 3235 1886
1989 3200 2042 3251 p.
2067 3187 2184 3237 373.
2216 3215 2285 3224 -

278 3257 343 3305 16
357 3268 437 3319 sq.
458 3252 620 3307 verba
646 3268 764 3305 mea
783 3248 973 3316 Orelli,
1001 3249 1157 3318 Tyrr.
1181 3267 1264 3320 ep.
1281 3256 1397 3304 708.
1434 3282 1487 3290 -
1518 3257 1586 3304 24
1608 3252 1822 3306 Caietae
1840 3252 2046 3320 Baiter,
2066 3252 2285 3322 Tyr-rell

275 3337 358 3446 gp.
386 3327 505 3390 709,
543 3324 606 3375 in
645 3320 860 3376 Caietae
895 3320 969 3386 M,
1014 3321 1135 3375 ‘sed
1172 3323 1234 3375 in
1272 3321 1520 3375 deletum
1559 3323 1665 3375 est'
1707 3325 1774 3392 (v,
1799 3323 1871 3375 ad
1897 3341 1950 3392 p.
1975 3328 2057 3377 17.
2079 3328 2183 3394 27),
2222 3326 2282 3378 in

319 3395 466 3447 aieta
493 3390 582 3459 ΖΒ,
621 3391 898 3457 Wesenb.,
936 3392 1080 3446 Boot
1117 3392 1335 3446 Caietae
1373 3408 1407 3445 a
1437 3393 1765 3447 ‘correctore
1792 3391 1925 3446 libri
1952 3393 2121 3447 Med.’
2163 3410 2282 3448 esse

274 3465 449 3518 ratus.
498 3461 579 3518 cf.
610 3481 663 3532 p.
681 3468 729 3515 5.
748 3468 832 3530 28,
873 3468 1090 3516 228.10.
1122 3494 1192 3504 -
1228 3469 1294 3516 25
1325 3480 1383 3531 p.
1415 3464 1514 3517 ali
1564 3481 1649 3518 ua
1685 3463 1800 3532 (i.e.
1822 3465 2086 3533 publica),
2123 3483 2282 3532 quae-

273 3536 403 3588 dam
430 3533 505 3601 M,
534 3534 694 3600 Boot,
724 3534 841 3586 alia
869 3535 1133 3602 quaedam
1161 3536 1292 3588 vett.
1316 3533 1461 3599 edd„
1585 3533 1787 3600 esenb.,
1818 3534 2004 3625 attulit
2019 3536 2283 3603 quaedam

383 3629 474 3672 010.
503 3630 634 3680 epist.
659 3631 722 3672 11.
1660 3601 1685 3636 N
1944 3629 1965 3664 1
