2642 3923
631 149 1142 204 EPISTULARUM
1179 150 1277 202 AD
1317 149 1640 203 ATTICUM
1677 150 1804 204 XVI
1842 156 1891 219 6,
1932 156 1978 205 7.
2177 150 2308 214 503

297 297 372 358 ut
426 292 742 377 adessent,
795 313 1037 376 rogare.
1130 290 1459 358 Summam
1517 314 1695 375 spem
1739 293 2126 357 nuntiabant
2171 294 2308 357 fore

296 385 374 445 ut
435 381 759 446 Antonius
818 381 1090 464 cederet,
1154 403 1254 445 res
1321 381 1714 465 conveniret,
1776 381 1984 445 nostri
2037 380 2309 445 Romam

297 470 591 534 redirent.
682 468 1020 534 Addebam:
1075 469 1268 533 etiam
1313 491 1415 533 me
1461 469 1828 552 desiderari,
1885 470 2304 533 subaccusari.

430 556 603 633 Quae
665 579 811 622 cum
865 558 1210 643 audissem,
1274 558 1411 621 sine
1466 557 1597 620 ulla
1652 557 2051 621 dubitatione
2106 557 2306 621 abieci

244 667 269 708 5
299 646 639 709 consilium
674 645 1107 729 profectioniS,
1155 667 1281 729 quo
1319 644 1676 709 mehercule
1712 666 1793 709 ne
1830 650 2015 710 antea
2052 645 2307 729 quidem

299 733 670 798 delectabar.
743 732 953 798 Lectis
999 755 1149 798 vero
1186 734 1319 797 tuis
1357 734 1592 797 litteris
1629 733 1976 797 admiratus
2015 734 2307 817 equidem

298 843 442 885 sum
493 826 560 886 te
612 826 747 886 tam
809 822 1214 886 vehementer
1262 822 1643 886 sententiam
1692 825 2142 902 commuta-sse,
2198 822 2307 885 sed

295 931 426 973 non
487 910 622 973 sine
668 932 858 974 causa
903 910 1277 973 arbitrabar.
1370 909 1542 994 Etsi,
1599 910 1888 993 quamvis
1934 931 2066 973 non
2108 910 2307 973 fueris

300 1019 524 1062 suasor
571 1003 634 1062 et
670 999 985 1081 impulsor
1021 999 1437 1081 profectionis
1475 1019 1668 1082 meae,
1716 998 2103 1080 adprobator
2139 1002 2310 1062 certe

217 1110 270 1149 ιο
298 1085 509 1171 fuisti,
563 1087 714 1150 dum
767 1086 955 1150 modo
1002 1087 1144 1150 Kal.
1180 1085 1309 1150 Ian.
1349 1085 1591 1150 Romae
1636 1108 1858 1150 essem.
1949 1084 2051 1150 Ita
2095 1086 2308 1171 fiebat,

298 1179 389 1259 ut,
424 1174 575 1238 dum
611 1176 824 1238 minus
862 1175 1128 1258 periculi
1164 1175 1503 1258 videretur,
1540 1175 1848 1258 abessem,
1881 1174 1951 1237 in
1986 1174 2309 1237 flammam

297 1263 503 1345 ipsam
528 1263 825 1338 venirem.
894 1262 1018 1327 Sed
1051 1263 1225 1350 haec,
1250 1263 1503 1327 etiamsi
1537 1284 1670 1327 non
1703 1263 2066 1345 prudenter,
2094 1267 2308 1326 tamen

297 1350 658 1434 ἀνεμέσητα
714 1355 893 1436 sunt,
945 1352 1224 1434 primum
1278 1351 1450 1434 quod
1496 1351 1573 1415 de
1616 1373 1759 1415 mea
1804 1352 2120 1415 sententia
2167 1355 2308 1414 acta

299 1443 467 1522 sunt,
513 1439 765 1525 deinde,
824 1438 1075 1503 etiamsi
1120 1443 1186 1503 te
1233 1444 1509 1523 auctore,
1556 1439 1710 1522 quid
1754 1439 1961 1523 debet,
2007 1439 2117 1521 qui
2163 1460 2306 1502 con-

217 1551 269 1590 ιε
297 1527 511 1590 silium
578 1527 714 1613 dat,
776 1531 1101 1609 praestare
1165 1531 1417 1609 praeter
1479 1527 1713 1591 fidem?
1786 1525 1952 1591 Illud
2009 1527 2305 1590 admirari

298 1614 456 1678 satis
501 1635 634 1678 non
677 1615 882 1699 potui,
927 1615 1098 1698 quod
1144 1615 1459 1697 scripsisti
1502 1615 1605 1678 his
1651 1614 1889 1679 verbis:
1950 1614 2144 1679 ‘Bene
2189 1615 2305 1700 igi-

296 1706 405 1766 tur
450 1706 541 1787 tu,
588 1703 698 1785 qui
745 1702 1174 1786 εὐθανασίαν,
1217 1701 1406 1767 bene!
1462 1702 1749 1786 relinque
1794 1703 2109 1785 patriam.²
2200 1703 2306 1767 An

299 1811 416 1874 ego
461 1789 900 1873 relinquebam
945 1795 1057 1854 aut
1101 1790 1225 1854 tibi
1263 1796 1404 1854 tum
1439 1790 1797 1874 relinquere
1830 1788 2136 1855 videbar?
2208 1790 2306 1855 Tu

297 1878 361 1942 id
426 1900 556 1942 non
611 1879 801 1942 modo
856 1900 988 1942 non
1041 1878 1410 1963 inhibebas,
1472 1900 1695 1942 verum
1752 1878 1942 1942 etiam
2001 1879 2306 1961 adproba-

218 1992 271 2031 κο
298 1968 428 2031 bas.
522 1966 852 2051 Graviora,
898 1989 1062 2051 quae
1104 1968 1367 2031 restant.
1451 1966 1687 2031 ‘Velim
1734 1971 2002 2051 σχόλιον
2046 1968 2301 2051 aliquod

299 2056 517 2120 elimes
573 2056 652 2119 ad
705 2078 806 2119 me
862 2056 1223 2139 oportuisse
1275 2060 1344 2119 te
1396 2055 1565 2120 istuc
1607 2056 1850 2120 facere.’
1942 2055 2151 2140 Itane,
2215 2058 2301 2120 mi

299 2144 555 2208 Attice?
601 2144 966 2208 defensione
1001 2148 1147 2227 eget
1181 2165 1395 2207 meum
1430 2144 1690 2228 factum,
1725 2144 2101 2227 praesertim
2138 2145 2306 2227 apud

298 2237 388 2315 te,
451 2232 563 2315 qui
625 2233 694 2295 id
753 2232 1136 2297 mirabiliter
1198 2231 1612 2315 adprobasti?
1684 2232 1829 2316 Ego
1893 2254 2043 2297 vero
2107 2233 2306 2297 istum

300 2320 749 2403 ἀπολογισμὸν
794 2320 1223 2403 συντάξομαι,
1284 2321 1395 2384 sed
1440 2319 1519 2383 ad
1563 2342 1784 2384 eorum
1830 2320 2125 2405 aliquem,
2170 2323 2307 2404 qui-

219 2433 271 2471 25
298 2409 420 2472 bus
456 2408 679 2472 invitis
718 2413 782 2472 et
819 2408 1335 2472 dissuadentibus
1372 2408 1695 2491 profectus
1732 2430 1890 2472 sum.
1968 2408 2115 2472 Etsi
2154 2409 2307 2492 quid

297 2497 427 2560 iam
474 2518 634 2579 opus
681 2499 780 2560 est
823 2498 1109 2584 σχολίῳῗ
1170 2496 1225 2559 si
1270 2518 1800 2581 perseverassem,
1854 2517 2016 2578 opus
2061 2497 2306 2562 fuisset.

299 2583 414 2648 ‘At
458 2584 580 2648 hoc
614 2585 828 2667 ipsum
865 2606 997 2648 non
1033 2585 1440 2649 constanter?
1496 2582 1704 2648 Nemo
1742 2585 1966 2648 doctus
2004 2607 2309 2668 umquam

301 2669 534 2757 (multa
579 2677 793 2737 autem
839 2673 916 2736 de
961 2672 1084 2737 hoc
1127 2693 1358 2758 genere
1397 2673 1636 2756 scripta
1672 2670 1847 2758 sunt)
1886 2673 2307 2737 mutationem

299 2760 551 2826 consilii
584 2760 1076 2825 inconstantiam
1115 2761 1277 2823 dixit
1314 2781 1467 2823 esse.
1541 2759 1855 2843 Deinceps
1892 2761 2093 2845 igitur
2127 2761 2308 2826 haec:

221 2873 273 2913 ³0
302 2846 388 2912 ‘N
390 2872 492 2912 am
503 2901 519 2933 ,
573 2849 629 2912 si
676 2871 712 2911 a
755 2847 1045 2912 Phaedro
1090 2853 1313 2912 nostro
1361 2850 1407 2931 †
1428 2869 1591 2931 esse,
1649 2848 1941 2931 expedita
1984 2851 2308 2914 excusatio

302 2941 494 3019 esset3
558 2958 730 3001 nunc
790 2937 942 3020 quid
986 2937 1445 3020 respondemus
1457 2936 1514 3000 P'
1577 2936 1755 3020 Ergo
1801 2937 1869 3000 id
1915 2942 2051 3001 erat
2096 2960 2309 3002 meum

300 3025 570 3109 factum,
643 3025 815 3108 quod
871 3022 1104 3088 Catoni
1165 3024 1439 3108 probare
1501 3045 1632 3088 non
1699 3026 2006 3108 possem‘?⁴
2078 3025 2310 3110 flagitii

282 3113 541 3177 ‘scilicet
586 3112 848 3195 plenum
893 3117 957 3176 et
1003 3112 1343 3176 dedecoris
1417 3110 1681 3177 Utinam
1728 3135 1765 3176 a
1809 3114 2018 3196 primo
2055 3114 2150 3177 ita
2187 3115 2310 3178 tibi

300 3204 469 3265 esset
522 3200 758 3264 visum!
822 3205 896 3264 tu
950 3200 1137 3286 mihi,
1197 3201 1365 3264 sicut
1423 3221 1558 3263 esse
1605 3200 1799 3285 soles,
1852 3201 2084 3265 fuisses
2131 3200 2307 3266 Cato

220 3314 272 3356 35
300 3288 679 3352 Extremum
749 3289 910 3353 illud
980 3289 1083 3352 vel
1154 3288 1706 3352 molestissimum:
1808 3287 1999 3353 ‘Nam
2070 3288 2311 3354 Brutus
2348 3306 2381 3354 5

298 3380 518 3441 noster
573 3377 761 3460 silet',
816 3377 939 3443 hoc
995 3381 1115 3440 est:
1170 3398 1303 3440 non
1357 3376 1546 3439 audet
1599 3376 1922 3440 hominem
1968 3375 2034 3440 id
2080 3378 2311 3442 aetatis

298 3487 573 3529 monere.
663 3463 859 3529 Aliud
912 3464 1076 3529 nihil
1134 3464 1368 3547 habeo,
1423 3464 1590 3547 quod
1647 3484 1724 3527 ex
1779 3464 1859 3526 iis
1906 3485 1945 3528 a
1987 3467 2055 3528 te
2098 3465 2312 3530 verbis

2425 3652 2613 3866 ,A
