2642 3923
541 211 1052 266 EPISTULARUM
1087 213 1187 265 AD
1225 212 1554 267 ATTIOUM
1588 212 1691 265 XII
1730 219 1955 267 36—38.
2129 212 2254 277 381

236 354 402 421 belle
465 354 537 420 in
597 360 878 420 mentem
940 356 1159 420 venire
1221 357 1558 439 potuisset.
1663 354 1790 421 Sed
1851 357 2065 420 nescio
2132 377 2258 440 quo

235 448 423 529 pacto
480 443 919 508 celebritatem
977 444 1265 529 requir03
1324 446 1544 529 itaque
1586 444 1815 510 hortos
1860 444 2024 509 mihi
2069 445 2258 509 confi-

236 533 366 597 cias
419 553 677 597 necesse
731 536 847 597 est.
938 532 1241 596 Maxuma
1288 537 1387 597 est
1432 535 1501 597 in
1549 532 1858 618 Scapulae
1904 534 2260 619 celebritas,

234 621 685 786 ffiffiqffiffi
730 621 1705 774 Effeiissoeffss‘is'offiossssfflm
1752 623 1943 775 4³³3,
1967 622 2037 686 ³¹²
2082 623 2256 775 Vfflss'

184 734 209 775 ⁵
238 763 579 863 convenias
625 731 949 882 pdlrvelim.
1026 796 1096 863 Si
1139 762 1305 862 nil'u'l
1345 798 1484 883 erit,
1531 762 1658 862 etsi
1690 732 1780 862 tisil
1801 732 2261 863 mearldagtuqzis

237 886 398 950 tiam
457 886 781 951 consuesti
843 886 1037 971 ferre,
1100 908 1175 951 eo
1239 891 1459 950 tamen
1510 887 1912 972 progrediar,
1975 887 2075 951 uti
2132 892 2260 951 sto-

236 974 542 1039 machere.
633 974 885 1039 Drusus
947 975 1119 1039 enim
1183 980 1354 1039 certe
1408 976 1677 1039 vendere
1730 976 1885 1040 vult.
1981 973 2050 1040 Si
2106 997 2259 1061 ergo

238 1063 414 1127 aliud
473 1064 621 1146 erit,
674 1083 808 1128 non
859 1086 1001 1129 mea
1055 1063 1178 1127 erit
1232 1063 1451 1148 culpa,
1503 1064 1631 1127 nisi
1685 1084 1914 1129 emero.
2008 1062 2148 1139 Qua
2190 1065 2258 1128 in

156 1178 209 1217 ιο
235 1173 307 1216 re
350 1173 431 1216 ne
474 1152 685 1237 labar,
740 1172 1005 1235 quaeso,
1061 1152 1342 1235 provide.
1433 1150 1820 1216 Providendi
1866 1156 2084 1216 autem
2131 1174 2259 1216 una

236 1240 404 1304 ratio
451 1244 569 1325 est,
626 1240 682 1303 si
729 1240 885 1323 quid
930 1240 1006 1304 de
1055 1239 1430 1323 Scapulanis
1476 1263 1835 1324 possumus.
1927 1241 2019 1304 Et
2065 1239 2257 1305 velim

236 1350 339 1392 me
391 1329 729 1392 certiorem
786 1328 1010 1414 facias,
1075 1350 1267 1412 quam
1324 1329 1433 1392 diu
1489 1330 1560 1393 in
1605 1328 1974 1395 suburbano
2023 1329 2114 1393 sis
2160 1330 2257 1394 fu—

368 1504 562 1590 Apud
619 1503 985 1569 Terentiam
1053 1510 1184 1570 tam
1243 1506 1454 1590 gratia
1519 1528 1680 1589 opus
1740 1510 1841 1571 est
1897 1507 2086 1572 nobis
2149 1511 2263 1571 tua
2299 1522 2330 1568 3

158 1619 207 1658 16
238 1614 431 1678 quam
470 1593 867 1657 auctoritate.
944 1590 1068 1657 Sed
1103 1593 1314 1678 facieS,
1360 1598 1435 1657 ut
1470 1594 1810 1658 videbitur.
1887 1593 2032 1659 Scio
2071 1596 2261 1678 enim,

233 1682 295 1747 si
360 1681 514 1766 quid
575 1702 716 1744 mea
777 1681 1062 1768 intersit,
1123 1680 1247 1746 tibi
1311 1682 1543 1745 maiori
1606 1704 1792 1746 curae
1856 1683 2064 1747 solere
2121 1705 2260 1748 esse

238 1792 429 1854 quam
477 1769 654 1832 mihi.

1060 1892 1374 1958 XXXVII
1392 1916 1443 1959 a.

601 2015 713 2069 Ser.
749 2017 986 2070 Astwrae
1020 2017 1134 2070 III
1161 2017 1310 2070 Non.
1344 2017 1490 2070 Mai.
1520 2033 1572 2070 a.
1605 2019 1715 2070 709
1754 2019 1892 2083 (45).

158 2148 209 2187 ²0
845 2139 1136 2194 CICERO
1169 2139 1463 2195 ATTICO
1498 2139 1664 2193 SAL.

372 2246 627 2312 Hirtius
692 2248 773 2311 ad
833 2269 937 2312 me
985 2247 1260 2332 scripsit
1326 2246 1466 2312 Sex.
1513 2246 1892 2330 Pompeium
1957 2245 2256 2311 Corduba
2293 2256 2367 2323 (4)

239 2337 447 2401 exisse
515 2340 580 2400 et
638 2336 884 2421 fugisse
941 2337 1010 2400 in
1072 2336 1456 2420 Hispaniam
1519 2336 1908 2420 citeriorem,
1972 2334 2261 2400 Gnaeum

242 2426 485 2510 fugisse
527 2425 741 2489 nescio
789 2446 945 2509 quo;
989 2447 1196 2508 neque
1241 2425 1412 2489 enim
1458 2446 1629 2488 cum.
1704 2422 1891 2488 Nihil
1934 2428 2263 2508 praeterea

239 2514 409 2577 novi.
510 2511 792 2577 Litteras
848 2512 1154 2578 Narbone
1218 2513 1393 2577 dedit
1453 2530 1607 2576 xlm
1659 2511 1801 2577 Kal.
1848 2511 2071 2576 Maias
2164 2512 2262 2576 Tu

161 2625 212 2665 25
240 2601 401 2666 mihi
447 2601 524 2665 de
569 2598 798 2665 Canini
843 2601 1183 2687 naufiagio
1222 2602 1407 2686 quasi
1446 2601 1642 2664 dubia
1678 2601 1930 2664 misisti.
2009 2599 2261 2665 Scribes

241 2690 462 2775 igitur,
510 2689 565 2753 si
613 2690 767 2773 quid
814 2691 938 2753 erit
984 2691 1237 2755 certius.
1312 2687 1497 2764 Quod
1543 2711 1647 2754 me
1682 2712 1720 2753 a
1755 2689 2081 2753 maestitia
2118 2711 2261 2754 avo-

243 2800 373 2862 cas,
436 2777 713 2841 multum
769 2778 1029 2862 levariS,
1095 2778 1153 2843 si
1209 2778 1426 2842 locum
1478 2778 1629 2841 fano
1688 2778 1951 2842 dederis.
2052 2778 2262 2842 Multa

242 2867 403 2930 mihi
441 2868 534 2942 εἰς
571 2865 954 2932 ἀποθέωσιν
990 2868 1060 2931 in
1094 2871 1378 2930 mentem
1414 2867 1699 2950 veniunt,
1748 2867 1857 2930 sed
1893 2865 2037 2931 loco
2075 2867 2262 2946 valde

244 2975 408 3039 opus
455 2958 567 3019 est.
660 2953 868 3030 Quare
914 2956 1110 3019 etiam
1157 2954 1480 3019 Othonem
1526 2954 1684 3018 vide.

165 3153 217 3193 ω
1073 3129 1434 3196 XXXVIII.

591 3243 705 3299 Ser.
735 3243 975 3298 Astwrae
1003 3245 1153 3312 prid.
1184 3243 1333 3297 Non.
1366 3243 1511 3298 Mai.
1543 3261 1593 3298 a.
1628 3248 1738 3299 709
1776 3248 1914 3312 (45).

851 3348 1139 3405 CICERO
1174 3348 1468 3403 ATTICO
1503 3349 1667 3405 SAL.

379 3448 533 3516 Non
575 3450 821 3534 dubito,
869 3450 1025 3534 quin
1063 3448 1591 3531 occupatissimus
1627 3449 1847 3533 fueris,
1891 3422 2006 3532 qui
2043 3446 2124 3510 ad
2159 3467 2262 3510 me
2303 3463 2328 3510 1

246 3538 413 3604 nihil
454 3540 842 3626 litterarum3
889 3538 1001 3603 sed
1044 3536 1239 3601 homo
1275 3557 1570 3621 nequam,
1617 3537 1730 3621 qui
1765 3541 1951 3600 tuum
1987 3556 2262 3598 commo-
