<?xml version="1.0" encoding="UTF-8"?>
<!DOCTYPE html PUBLIC "-//W3C//DTD XHTML 1.0 Transitional//EN"
    "http://www.w3.org/TR/xhtml1/DTD/xhtml1-transitional.dtd">
<html xmlns="http://www.w3.org/1999/xhtml" xml:lang="en" lang="en">
 <head>
  <title>
</title>
<meta http-equiv="Content-Type" content="text/html;charset=utf-8" />
  <meta name='ocr-system' content='tesseract 3.04.00' />
  <meta name='ocr-capabilities' content='ocr_page ocr_carea ocr_par ocr_line ocrx_word'/>
</head>
<body>
  <div class='ocr_page' id='page_1' title='image "./scriptaquaemans00friegoog_0167.png"; bbox 0 0 2642 3923; ppageno 0'>
   <div class='ocr_carea' id='block_1_1' title="bbox 701 169 2335 238">
    <p class='ocr_par' dir='ltr' id='par_1_1' title="bbox 701 169 2335 238">
     <span class='ocr_line' id='line_1_1' title="bbox 701 169 2335 238; baseline -0.001 -15"><span class='ocrx_word' id='word_1_1' title='bbox 701 169 1213 224; x_wconf 82' lang='lat' dir='ltr'>EPISTULARUM</span> <span class='ocrx_word' id='word_1_2' title='bbox 1251 169 1352 223; x_wconf 81' lang='lat' dir='ltr'><strong>AD</strong></span> <span class='ocrx_word' id='word_1_3' title='bbox 1388 169 1712 225; x_wconf 86' lang='lat' dir='ltr'>ATTICUM</span> <span class='ocrx_word' id='word_1_4' title='bbox 1748 170 1774 224; x_wconf 88' lang='lat'>1</span> <span class='ocrx_word' id='word_1_5' title='bbox 1814 177 1861 238; x_wconf 92' lang='lat'><strong>1,</strong></span> <span class='ocrx_word' id='word_1_6' title='bbox 1901 176 1949 223; x_wconf 81' lang='lat'><strong>2.</strong></span> <span class='ocrx_word' id='word_1_7' title='bbox 2294 169 2335 233; x_wconf 81' lang='lat'><strong>3</strong></span> 
     </span>
    </p>
   </div>
   <div class='ocr_carea' id='block_1_2' title="bbox 236 311 2403 1988">
    <p class='ocr_par' dir='ltr' id='par_1_2' title="bbox 236 311 2403 1988">
     <span class='ocr_line' id='line_1_2' title="bbox 315 311 2403 397; baseline 0.001 -21"><span class='ocrx_word' id='word_1_8' title='bbox 315 313 503 377; x_wconf 83' lang='lat' dir='ltr'><strong>fratri</strong></span> <span class='ocrx_word' id='word_1_9' title='bbox 557 334 791 397; x_wconf 86' lang='lat' dir='ltr'><strong>magno</strong></span> <span class='ocrx_word' id='word_1_10' title='bbox 848 313 994 377; x_wconf 90' lang='lat' dir='ltr'><strong>usui</strong></span> <span class='ocrx_word' id='word_1_11' title='bbox 1044 313 1113 377; x_wconf 90' lang='lat' dir='ltr'><strong>in</strong></span> <span class='ocrx_word' id='word_1_12' title='bbox 1157 314 1399 378; x_wconf 90' lang='lat' dir='ltr'><strong>nostris</strong></span> <span class='ocrx_word' id='word_1_13' title='bbox 1447 313 1887 397; x_wconf 63' lang='lat' dir='ltr'><strong>petitionibus</strong></span> <span class='ocrx_word' id='word_1_14' title='bbox 1981 311 2146 378; x_wconf 81' lang='lat' dir='ltr'><strong>Sane</strong></span> <span class='ocrx_word' id='word_1_15' title='bbox 2193 336 2335 378; x_wconf 88' lang='lat' dir='ltr'><strong>sum</strong></span> <span class='ocrx_word' id='word_1_16' title='bbox 2372 330 2403 378; x_wconf 79' lang='grc'>4</span> 
     </span>
     <span class='ocr_line' id='line_1_3' title="bbox 317 401 2336 485; baseline 0.001 -21"><span class='ocrx_word' id='word_1_17' title='bbox 317 401 731 484; x_wconf 87' lang='lat' dir='ltr'><strong>perturbatus</strong></span> <span class='ocrx_word' id='word_1_18' title='bbox 786 423 930 465; x_wconf 87' lang='lat' dir='ltr'><strong>eum</strong></span> <span class='ocrx_word' id='word_1_19' title='bbox 984 401 1189 485; x_wconf 87' lang='lat' dir='ltr'><strong>ipsius</strong></span> <span class='ocrx_word' id='word_1_20' title='bbox 1247 401 1463 485; x_wconf 86' lang='lat' dir='ltr'><strong>Satyri</strong></span> <span class='ocrx_word' id='word_1_21' title='bbox 1519 401 1954 466; x_wconf 88' lang='lat' dir='ltr'><strong>familiaritate</strong></span> <span class='ocrx_word' id='word_1_22' title='bbox 2012 406 2154 466; x_wconf 92' lang='lat' dir='ltr'><strong>tum</strong></span> <span class='ocrx_word' id='word_1_23' title='bbox 2210 401 2336 467; x_wconf 92' lang='lat' dir='ltr'><strong>Do·</strong></span> 
     </span>
     <span class='ocr_line' id='line_1_4' title="bbox 317 489 2335 574; baseline 0.001 -21"><span class='ocrx_word' id='word_1_24' title='bbox 317 489 482 574; x_wconf 85' lang='lat' dir='ltr'><strong>miti,</strong></span> <span class='ocrx_word' id='word_1_25' title='bbox 526 489 595 553; x_wconf 91' lang='lat' dir='ltr'><strong>in</strong></span> <span class='ocrx_word' id='word_1_26' title='bbox 642 510 769 573; x_wconf 91' lang='lat' dir='ltr'><strong>quo</strong></span> <span class='ocrx_word' id='word_1_27' title='bbox 817 511 944 553; x_wconf 91' lang='lat' dir='ltr'><strong>uno</strong></span> <span class='ocrx_word' id='word_1_28' title='bbox 993 491 1267 554; x_wconf 80' lang='lat' dir='ltr'><strong>maxime</strong></span> <span class='ocrx_word' id='word_1_29' title='bbox 1314 491 1584 553; x_wconf 89' lang='lat' dir='ltr'><strong>ambitio</strong></span> <span class='ocrx_word' id='word_1_30' title='bbox 1632 494 1856 554; x_wconf 90' lang='lat' dir='ltr'><strong>nostra</strong></span> <span class='ocrx_word' id='word_1_31' title='bbox 1899 491 2148 554; x_wconf 88' lang='lat' dir='ltr'><strong>nititur.</strong></span> <span class='ocrx_word' id='word_1_32' title='bbox 2215 489 2335 555; x_wconf 90' lang='lat' dir='ltr'><strong>De-</strong></span> 
     </span>
     <span class='ocr_line' id='line_1_5' title="bbox 319 575 2336 664; baseline 0.001 -23"><span class='ocrx_word' id='word_1_33' title='bbox 319 578 673 642; x_wconf 86' lang='lat' dir='ltr'><strong>monstravi</strong></span> <span class='ocrx_word' id='word_1_34' title='bbox 709 578 865 643; x_wconf 81' lang='lat' dir='ltr'><strong>haee</strong></span> <span class='ocrx_word' id='word_1_35' title='bbox 902 575 1178 643; x_wconf 80' lang='lat' dir='ltr'><strong>Caecilio</strong></span> <span class='ocrx_word' id='word_1_36' title='bbox 1225 578 1420 644; x_wconf 88' lang='lat' dir='ltr'><strong>simul</strong></span> <span class='ocrx_word' id='word_1_37' title='bbox 1466 583 1530 642; x_wconf 87' lang='lat' dir='ltr'><strong>et</strong></span> <span class='ocrx_word' id='word_1_38' title='bbox 1575 578 1734 642; x_wconf 88' lang='lat' dir='ltr'><strong>illud</strong></span> <span class='ocrx_word' id='word_1_39' title='bbox 1782 579 2051 662; x_wconf 85' lang='lat' dir='ltr'><strong>ostendi,</strong></span> <span class='ocrx_word' id='word_1_40' title='bbox 2098 579 2154 642; x_wconf 88' lang='lat' dir='ltr'><strong>si</strong></span> <span class='ocrx_word' id='word_1_41' title='bbox 2199 579 2336 664; x_wconf 86' lang='lat' dir='ltr'><strong>ipse</strong></span> 
     </span>
     <span class='ocr_line' id='line_1_6' title="bbox 262 666 2333 751; baseline -0.001 -18"><span class='ocrx_word' id='word_1_42' title='bbox 262 695 287 733; x_wconf 82' lang='lat'><strong>5</strong></span> <span class='ocrx_word' id='word_1_43' title='bbox 320 689 482 730; x_wconf 88' lang='lat' dir='ltr'><strong>unus</strong></span> <span class='ocrx_word' id='word_1_44' title='bbox 529 688 674 731; x_wconf 82' lang='lat' dir='ltr'><strong>eum</strong></span> <span class='ocrx_word' id='word_1_45' title='bbox 721 666 834 730; x_wconf 84' lang='lat' dir='ltr'><strong>illo</strong></span> <span class='ocrx_word' id='word_1_46' title='bbox 881 688 1009 730; x_wconf 91' lang='lat' dir='ltr'><strong>uno</strong></span> <span class='ocrx_word' id='word_1_47' title='bbox 1055 666 1492 751; x_wconf 77' lang='lat' dir='ltr'><strong>contenderet,</strong></span> <span class='ocrx_word' id='word_1_48' title='bbox 1546 689 1646 730; x_wconf 88' lang='lat' dir='ltr'><strong>me</strong></span> <span class='ocrx_word' id='word_1_49' title='bbox 1703 667 1761 730; x_wconf 91' lang='lat' dir='ltr'><strong>ei</strong></span> <span class='ocrx_word' id='word_1_50' title='bbox 1809 667 1968 731; x_wconf 87' lang='lat' dir='ltr'><strong>satis</strong></span> <span class='ocrx_word' id='word_1_51' title='bbox 2015 668 2333 731; x_wconf 82' lang='lat' dir='ltr'><strong>facturum</strong></span> 
     </span>
     <span class='ocr_line' id='line_1_7' title="bbox 316 754 2333 839; baseline 0 -21"><span class='ocrx_word' id='word_1_52' title='bbox 316 755 542 839; x_wconf 82' lang='lat' dir='ltr'><strong>fuisse3</strong></span> <span class='ocrx_word' id='word_1_53' title='bbox 578 776 749 819; x_wconf 82' lang='lat' dir='ltr'><strong>nune</strong></span> <span class='ocrx_word' id='word_1_54' title='bbox 775 756 844 818; x_wconf 88' lang='lat' dir='ltr'><strong>in</strong></span> <span class='ocrx_word' id='word_1_55' title='bbox 872 777 1061 819; x_wconf 84' lang='lat' dir='ltr'><strong>causa</strong></span> <span class='ocrx_word' id='word_1_56' title='bbox 1089 755 1533 819; x_wconf 87' lang='lat' dir='ltr'><strong>universorum</strong></span> <span class='ocrx_word' id='word_1_57' title='bbox 1560 754 1966 839; x_wconf 77' lang='lat' dir='ltr'><strong>creditorum,</strong></span> <span class='ocrx_word' id='word_1_58' title='bbox 2000 755 2333 819; x_wconf 89' lang='lat' dir='ltr'><strong>hominum</strong></span> 
     </span>
     <span class='ocr_line' id='line_1_8' title="bbox 316 840 2332 929; baseline 0 -22"><span class='ocrx_word' id='word_1_59' title='bbox 316 844 694 926; x_wconf 88' lang='lat' dir='ltr'><strong>praesertim</strong></span> <span class='ocrx_word' id='word_1_60' title='bbox 731 843 1291 928; x_wconf 89' lang='lat' dir='ltr'><strong>amplissimorum,</strong></span> <span class='ocrx_word' id='word_1_61' title='bbox 1330 843 1441 928; x_wconf 91' lang='lat' dir='ltr'><strong>qui</strong></span> <span class='ocrx_word' id='word_1_62' title='bbox 1479 843 1617 908; x_wconf 88' lang='lat' dir='ltr'><strong>sine</strong></span> <span class='ocrx_word' id='word_1_63' title='bbox 1655 864 1751 929; x_wconf 89' lang='lat' dir='ltr'><strong>eo,</strong></span> <span class='ocrx_word' id='word_1_64' title='bbox 1796 865 1985 927; x_wconf 90' lang='lat' dir='ltr'><strong>quem</strong></span> <span class='ocrx_word' id='word_1_65' title='bbox 2022 840 2332 908; x_wconf 79' lang='lat' dir='ltr'>Caecilius</span> 
     </span>
     <span class='ocr_line' id='line_1_9' title="bbox 318 931 2334 1016; baseline -0 -20"><span class='ocrx_word' id='word_1_66' title='bbox 318 952 436 996; x_wconf 83' lang='lat' dir='ltr'><strong>suo</strong></span> <span class='ocrx_word' id='word_1_67' title='bbox 473 932 733 995; x_wconf 89' lang='lat' dir='ltr'><strong>nomine</strong></span> <span class='ocrx_word' id='word_1_68' title='bbox 769 931 1153 1016; x_wconf 76' lang='lat' dir='ltr'><strong>perhiberet,</strong></span> <span class='ocrx_word' id='word_1_69' title='bbox 1193 932 1379 996; x_wconf 79' lang='lat' dir='ltr'><strong>facile</strong></span> <span class='ocrx_word' id='word_1_70' title='bbox 1415 953 1669 996; x_wconf 83' lang='lat' dir='ltr'><strong>causam</strong></span> <span class='ocrx_word' id='word_1_71' title='bbox 1706 952 2107 995; x_wconf 83' lang='lat' dir='ltr'><strong>communem</strong></span> <span class='ocrx_word' id='word_1_72' title='bbox 2146 933 2334 996; x_wconf 86' lang='lat' dir='ltr'><strong>susti-</strong></span> 
     </span>
     <span class='ocr_line' id='line_1_10' title="bbox 315 1019 2334 1104; baseline 0.001 -22"><span class='ocrx_word' id='word_1_73' title='bbox 315 1024 568 1104; x_wconf 89' lang='lat' dir='ltr'><strong>nerent,</strong></span> <span class='ocrx_word' id='word_1_74' title='bbox 621 1041 893 1103; x_wconf 88' lang='lat' dir='ltr'><strong>aequum</strong></span> <span class='ocrx_word' id='word_1_75' title='bbox 950 1041 1089 1084; x_wconf 88' lang='lat' dir='ltr'><strong>esse</strong></span> <span class='ocrx_word' id='word_1_76' title='bbox 1144 1041 1287 1084; x_wconf 88' lang='lat' dir='ltr'><strong>eum</strong></span> <span class='ocrx_word' id='word_1_77' title='bbox 1338 1024 1402 1084; x_wconf 91' lang='lat' dir='ltr'><strong>et</strong></span> <span class='ocrx_word' id='word_1_78' title='bbox 1449 1019 1660 1083; x_wconf 83' lang='lat' dir='ltr'><strong>officio</strong></span> <span class='ocrx_word' id='word_1_79' title='bbox 1707 1042 1850 1084; x_wconf 89' lang='lat' dir='ltr'><strong>meo</strong></span> <span class='ocrx_word' id='word_1_80' title='bbox 1896 1020 2224 1085; x_wconf 79' lang='lat' dir='ltr'><strong>consulere</strong></span> <span class='ocrx_word' id='word_1_81' title='bbox 2270 1024 2334 1084; x_wconf 90' lang='lat' dir='ltr'><strong>et</strong></span> 
     </span>
     <span class='ocr_line' id='line_1_11' title="bbox 236 1107 2333 1194; baseline -0.001 -20"><span class='ocrx_word' id='word_1_82' title='bbox 236 1136 287 1174; x_wconf 85' lang='grc' dir='ltr'><strong>ιο</strong></span> <span class='ocrx_word' id='word_1_83' title='bbox 317 1108 607 1191; x_wconf 88' lang='lat' dir='ltr'><strong>tempori.</strong></span> <span class='ocrx_word' id='word_1_84' title='bbox 709 1107 949 1172; x_wconf 89' lang='lat' dir='ltr'><strong>Durius</strong></span> <span class='ocrx_word' id='word_1_85' title='bbox 1006 1109 1285 1191; x_wconf 81' lang='lat' dir='ltr'><strong>accipere</strong></span> <span class='ocrx_word' id='word_1_86' title='bbox 1341 1108 1462 1172; x_wconf 88' lang='lat' dir='ltr'><strong>hoe</strong></span> <span class='ocrx_word' id='word_1_87' title='bbox 1517 1107 1676 1171; x_wconf 87' lang='lat' dir='ltr'><strong>mihi</strong></span> <span class='ocrx_word' id='word_1_88' title='bbox 1730 1108 1906 1172; x_wconf 85' lang='lat' dir='ltr'><strong>visus</strong></span> <span class='ocrx_word' id='word_1_89' title='bbox 1962 1112 2089 1194; x_wconf 88' lang='lat' dir='ltr'><strong>est,</strong></span> <span class='ocrx_word' id='word_1_90' title='bbox 2143 1130 2333 1192; x_wconf 87' lang='lat' dir='ltr'><strong>quam</strong></span> 
     </span>
     <span class='ocr_line' id='line_1_12' title="bbox 319 1196 2333 1281; baseline 0 -22"><span class='ocrx_word' id='word_1_91' title='bbox 319 1196 564 1281; x_wconf 83' lang='lat' dir='ltr'><strong>vellem,</strong></span> <span class='ocrx_word' id='word_1_92' title='bbox 601 1202 664 1259; x_wconf 80' lang='lat' dir='ltr'><strong>et</strong></span> <span class='ocrx_word' id='word_1_93' title='bbox 701 1218 893 1280; x_wconf 88' lang='lat' dir='ltr'><strong>quam</strong></span> <span class='ocrx_word' id='word_1_94' title='bbox 929 1196 1221 1261; x_wconf 87' lang='lat' dir='ltr'><strong>homines</strong></span> <span class='ocrx_word' id='word_1_95' title='bbox 1260 1197 1412 1260; x_wconf 77' lang='lat' dir='ltr'><strong>belh·</strong></span> <span class='ocrx_word' id='word_1_96' title='bbox 1453 1197 1680 1280; x_wconf 77' lang='lat' dir='ltr'><strong>solent,</strong></span> <span class='ocrx_word' id='word_1_97' title='bbox 1715 1200 1780 1260; x_wconf 87' lang='lat' dir='ltr'><strong>et</strong></span> <span class='ocrx_word' id='word_1_98' title='bbox 1815 1200 2040 1280; x_wconf 88' lang='lat' dir='ltr'><strong>postea</strong></span> <span class='ocrx_word' id='word_1_99' title='bbox 2069 1206 2333 1280; x_wconf 81' lang='lat' dir='ltr'><strong>&#39;prorsus</strong></span> 
     </span>
     <span class='ocr_line' id='line_1_13' title="bbox 317 1284 2334 1369; baseline -0 -20"><span class='ocrx_word' id='word_1_100' title='bbox 317 1284 397 1349; x_wconf 88' lang='lat' dir='ltr'><strong>ab</strong></span> <span class='ocrx_word' id='word_1_101' title='bbox 428 1285 731 1348; x_wconf 87' lang='lat' dir='ltr'><strong>instituta</strong></span> <span class='ocrx_word' id='word_1_102' title='bbox 756 1289 983 1348; x_wconf 86' lang='lat' dir='ltr'><strong>nostra</strong></span> <span class='ocrx_word' id='word_1_103' title='bbox 1008 1306 1357 1368; x_wconf 79' lang='lat' dir='ltr'><strong>paucorum</strong></span> <span class='ocrx_word' id='word_1_104' title='bbox 1387 1285 1631 1348; x_wconf 87' lang='lat' dir='ltr'><strong>dierum</strong></span> <span class='ocrx_word' id='word_1_105' title='bbox 1660 1284 2117 1349; x_wconf 81' lang='lat' dir='ltr'><strong>consuetudine</strong></span> <span class='ocrx_word' id='word_1_106' title='bbox 2144 1286 2334 1369; x_wconf 84' lang='lat' dir='ltr'><strong>longe</strong></span> 
     </span>
     <span class='ocr_line' id='line_1_14' title="bbox 316 1373 1061 1457; baseline 0.011 -21"><span class='ocrx_word' id='word_1_107' title='bbox 316 1373 571 1457; x_wconf 83' lang='lat' dir='ltr'><strong>refugit.</strong></span> <span class='ocrx_word' id='word_1_108' title='bbox 661 1422 664 1429; x_wconf 65' lang='lat'><strong>,</strong></span> <span class='ocrx_word' id='word_1_109' title='bbox 1055 1437 1061 1444; x_wconf 96' lang='lat'>.</span> 
     </span>
     <span class='ocr_line' id='line_1_15' title="bbox 450 1460 2333 1546; baseline 0 -22"><span class='ocrx_word' id='word_1_110' title='bbox 450 1461 587 1524; x_wconf 89' lang='lat' dir='ltr'><strong>Abs</strong></span> <span class='ocrx_word' id='word_1_111' title='bbox 629 1466 692 1524; x_wconf 89' lang='lat' dir='ltr'><strong>te</strong></span> <span class='ocrx_word' id='word_1_112' title='bbox 728 1466 900 1546; x_wconf 84' lang='lat' dir='ltr'><strong>peto,</strong></span> <span class='ocrx_word' id='word_1_113' title='bbox 944 1465 1017 1524; x_wconf 89' lang='lat' dir='ltr'><strong>ut</strong></span> <span class='ocrx_word' id='word_1_114' title='bbox 1054 1460 1213 1524; x_wconf 75' lang='lat' dir='ltr'><strong>mihi</strong></span> <span class='ocrx_word' id='word_1_115' title='bbox 1251 1460 1374 1524; x_wconf 88' lang='lat' dir='ltr'><strong>hoe</strong></span> <span class='ocrx_word' id='word_1_116' title='bbox 1412 1462 1705 1545; x_wconf 80' lang='lat' dir='ltr'><strong>ignoscas</strong></span> <span class='ocrx_word' id='word_1_117' title='bbox 1749 1464 1814 1524; x_wconf 89' lang='lat' dir='ltr'><strong>et</strong></span> <span class='ocrx_word' id='word_1_118' title='bbox 1859 1483 1960 1524; x_wconf 91' lang='lat' dir='ltr'><strong>me</strong></span> <span class='ocrx_word' id='word_1_119' title='bbox 2005 1462 2333 1525; x_wconf 80' lang='lat' dir='ltr'><strong>existimes</strong></span> 
     </span>
     <span class='ocr_line' id='line_1_16' title="bbox 237 1548 2333 1632; baseline -0.001 -16"><span class='ocrx_word' id='word_1_120' title='bbox 237 1578 288 1617; x_wconf 77' lang='lat'><strong>15</strong></span> <span class='ocrx_word' id='word_1_121' title='bbox 316 1549 717 1614; x_wconf 76' lang='lat' dir='ltr'><strong>humanitate</strong></span> <span class='ocrx_word' id='word_1_122' title='bbox 762 1570 901 1613; x_wconf 86' lang='lat' dir='ltr'><strong>esse</strong></span> <span class='ocrx_word' id='word_1_123' title='bbox 946 1548 1367 1632; x_wconf 86' lang='lat' dir='ltr'><strong>prohibitum,</strong></span> <span class='ocrx_word' id='word_1_124' title='bbox 1410 1570 1490 1612; x_wconf 93' lang='lat' dir='ltr'><strong>ne</strong></span> <span class='ocrx_word' id='word_1_125' title='bbox 1536 1553 1761 1613; x_wconf 87' lang='lat' dir='ltr'><strong>eontra</strong></span> <span class='ocrx_word' id='word_1_126' title='bbox 1797 1549 1983 1613; x_wconf 85' lang='lat' dir='ltr'><strong>amici</strong></span> <span class='ocrx_word' id='word_1_127' title='bbox 2021 1571 2333 1613; x_wconf 88' lang='lat' dir='ltr'><strong>summam</strong></span> 
     </span>
     <span class='ocr_line' id='line_1_17' title="bbox 317 1637 2333 1724; baseline 0 -23"><span class='ocrx_word' id='word_1_128' title='bbox 317 1638 870 1724; x_wconf 25' lang='lat' dir='ltr'><strong>existimationem·</strong></span> <span class='ocrx_word' id='word_1_129' title='bbox 904 1638 1263 1701; x_wconf 88' lang='lat' dir='ltr'><strong>miserrimo</strong></span> <span class='ocrx_word' id='word_1_130' title='bbox 1312 1637 1449 1700; x_wconf 89' lang='lat' dir='ltr'><strong>eius</strong></span> <span class='ocrx_word' id='word_1_131' title='bbox 1496 1641 1783 1721; x_wconf 87' lang='lat' dir='ltr'><strong>tempore</strong></span> <span class='ocrx_word' id='word_1_132' title='bbox 1831 1637 2108 1701; x_wconf 79' lang='lat' dir='ltr'><strong>venirem</strong></span> <span class='ocrx_word' id='word_1_133' title='bbox 2190 1660 2333 1702; x_wconf 85' lang='lat' dir='ltr'><strong>eum</strong></span> 
     </span>
     <span class='ocr_line' id='line_1_18' title="bbox 316 1690 2333 1801; baseline 0 -11"><span class='ocrx_word' id='word_1_134' title='bbox 316 1726 373 1790; x_wconf 89' lang='lat' dir='ltr'><strong>is</strong></span> <span class='ocrx_word' id='word_1_135' title='bbox 404 1726 617 1790; x_wconf 89' lang='lat' dir='ltr'><strong>omnia</strong></span> <span class='ocrx_word' id='word_1_136' title='bbox 646 1748 760 1790; x_wconf 88' lang='lat' dir='ltr'><strong>sua</strong></span> <span class='ocrx_word' id='word_1_137' title='bbox 797 1726 1009 1790; x_wconf 87' lang='lat' dir='ltr'><strong>studia</strong></span> <span class='ocrx_word' id='word_1_138' title='bbox 1047 1730 1111 1788; x_wconf 87' lang='lat' dir='ltr'><strong>et</strong></span> <span class='ocrx_word' id='word_1_139' title='bbox 1150 1724 1360 1789; x_wconf 80' lang='lat' dir='ltr'><strong>officia</strong></span> <span class='ocrx_word' id='word_1_140' title='bbox 1396 1725 1465 1788; x_wconf 92' lang='lat' dir='ltr'><strong>in</strong></span> <span class='ocrx_word' id='word_1_141' title='bbox 1500 1747 1600 1788; x_wconf 90' lang='lat' dir='ltr'><strong>me</strong></span> <span class='ocrx_word' id='word_1_142' title='bbox 1637 1725 2031 1789; x_wconf 83' lang='lat' dir='ltr'><strong>contulisset.</strong></span> <span class='ocrx_word' id='word_1_143' title='bbox 2093 1690 2333 1801; x_wconf 58' lang='lat' dir='ltr'><strong>Quodsi</strong></span> 
     </span>
     <span class='ocr_line' id='line_1_19' title="bbox 316 1812 2333 1897; baseline 0 -19"><span class='ocrx_word' id='word_1_144' title='bbox 316 1815 492 1878; x_wconf 84' lang='lat' dir='ltr'><strong>voles</strong></span> <span class='ocrx_word' id='word_1_145' title='bbox 537 1815 605 1878; x_wconf 90' lang='lat' dir='ltr'><strong>in</strong></span> <span class='ocrx_word' id='word_1_146' title='bbox 652 1836 752 1878; x_wconf 92' lang='lat' dir='ltr'><strong>me</strong></span> <span class='ocrx_word' id='word_1_147' title='bbox 798 1835 936 1877; x_wconf 89' lang='lat' dir='ltr'><strong>esse</strong></span> <span class='ocrx_word' id='word_1_148' title='bbox 982 1814 1221 1897; x_wconf 91' lang='lat' dir='ltr'><strong>durior,</strong></span> <span class='ocrx_word' id='word_1_149' title='bbox 1267 1812 1680 1876; x_wconf 84' lang='lat' dir='ltr'><strong>ambitionem</strong></span> <span class='ocrx_word' id='word_1_150' title='bbox 1726 1813 1986 1896; x_wconf 86' lang='lat' dir='ltr'><strong>putabis</strong></span> <span class='ocrx_word' id='word_1_151' title='bbox 2028 1814 2187 1877; x_wconf 88' lang='lat' dir='ltr'><strong>mihi</strong></span> <span class='ocrx_word' id='word_1_152' title='bbox 2226 1815 2333 1878; x_wconf 90' lang='lat' dir='ltr'><strong>ob-</strong></span> 
     </span>
     <span class='ocr_line' id='line_1_20' title="bbox 318 1901 2332 1988; baseline 0 -21"><span class='ocrx_word' id='word_1_153' title='bbox 318 1903 580 1967; x_wconf 87' lang='lat' dir='ltr'><strong>stitisse.</strong></span> <span class='ocrx_word' id='word_1_154' title='bbox 680 1901 825 1987; x_wconf 87' lang='lat' dir='ltr'><strong>Ego</strong></span> <span class='ocrx_word' id='word_1_155' title='bbox 890 1906 1104 1967; x_wconf 90' lang='lat' dir='ltr'><strong>autem</strong></span> <span class='ocrx_word' id='word_1_156' title='bbox 1168 1901 1476 1987; x_wconf 86' lang='lat' dir='ltr'><strong>arbitror,</strong></span> <span class='ocrx_word' id='word_1_157' title='bbox 1549 1901 1801 1966; x_wconf 89' lang='lat' dir='ltr'><strong>etiamsi</strong></span> <span class='ocrx_word' id='word_1_158' title='bbox 1860 1901 1923 1966; x_wconf 88' lang='lat' dir='ltr'><strong>id</strong></span> <span class='ocrx_word' id='word_1_159' title='bbox 1988 1903 2105 1988; x_wconf 84' lang='lat' dir='ltr'><strong>sit,</strong></span> <span class='ocrx_word' id='word_1_160' title='bbox 2174 1903 2332 1967; x_wconf 91' lang='lat' dir='ltr'><strong>mihi</strong></span> 
     </span>
    </p>
   </div>
   <div class='ocr_carea' id='block_1_3' title="bbox 239 1991 1918 2217">
    <p class='ocr_par' dir='ltr' id='par_1_3' title="bbox 239 1991 1918 2217">
     <span class='ocr_line' id='line_1_21' title="bbox 239 1991 979 2076; baseline -0.004 -18"><span class='ocrx_word' id='word_1_161' title='bbox 239 2020 291 2059; x_wconf 76' lang='lat'><strong>20</strong></span> <span class='ocrx_word' id='word_1_162' title='bbox 319 1991 775 2076; x_wconf 82' lang='lat' dir='ltr'><strong>ignoscendum</strong></span> <span class='ocrx_word' id='word_1_163' title='bbox 822 2012 979 2076; x_wconf 90' lang='lat' dir='ltr'><strong>esse,</strong></span> 
     </span>
     <span class='ocr_line' id='line_1_22' title="bbox 746 2128 1918 2217; baseline -0.002 -20"><span class='ocrx_word' id='word_1_164' title='bbox 746 2131 919 2197; x_wconf 62' lang='grc' dir='ltr'><strong>εἐσαεὶ</strong></span> <span class='ocrx_word' id='word_1_165' title='bbox 966 2133 1086 2216; x_wconf 87' lang='grc' dir='ltr'><strong>οὐχ</strong></span> <span class='ocrx_word' id='word_1_166' title='bbox 1136 2133 1388 2217; x_wconf 80' lang='grc' dir='ltr'><em>ὶερήιον</em></span> <span class='ocrx_word' id='word_1_167' title='bbox 1434 2128 1590 2197; x_wconf 74' lang='grc' dir='ltr'><em>οὐδὲ</em></span> <span class='ocrx_word' id='word_1_168' title='bbox 1637 2134 1864 2215; x_wconf 83' lang='grc' dir='ltr'><em>βοείην</em></span> <span class='ocrx_word' id='word_1_169' title='bbox 1881 2132 1918 2196; x_wconf 85' lang='grc'><strong>’.</strong></span> 
     </span>
    </p>
   </div>
   <div class='ocr_carea' id='block_1_4' title="bbox 318 2273 2336 2537">
    <p class='ocr_par' dir='ltr' id='par_1_4' title="bbox 318 2273 2336 2537">
     <span class='ocr_line' id='line_1_23' title="bbox 319 2273 2335 2359; baseline -0.001 -20"><span class='ocrx_word' id='word_1_170' title='bbox 319 2274 516 2339; x_wconf 89' lang='lat' dir='ltr'><strong>Vides</strong></span> <span class='ocrx_word' id='word_1_171' title='bbox 564 2275 758 2359; x_wconf 88' lang='lat' dir='ltr'><strong>enim,</strong></span> <span class='ocrx_word' id='word_1_172' title='bbox 803 2275 871 2337; x_wconf 89' lang='lat' dir='ltr'><strong>in</strong></span> <span class='ocrx_word' id='word_1_173' title='bbox 917 2296 1044 2358; x_wconf 92' lang='lat' dir='ltr'><strong>quo</strong></span> <span class='ocrx_word' id='word_1_174' title='bbox 1090 2294 1281 2336; x_wconf 88' lang='lat' dir='ltr'><strong>eursu</strong></span> <span class='ocrx_word' id='word_1_175' title='bbox 1331 2273 1530 2335; x_wconf 89' lang='lat' dir='ltr'><strong>simus</strong></span> <span class='ocrx_word' id='word_1_176' title='bbox 1577 2277 1641 2336; x_wconf 87' lang='lat' dir='ltr'><strong>et</strong></span> <span class='ocrx_word' id='word_1_177' title='bbox 1687 2294 1880 2356; x_wconf 87' lang='lat' dir='ltr'><strong>quam</strong></span> <span class='ocrx_word' id='word_1_178' title='bbox 1928 2294 2149 2337; x_wconf 87' lang='lat' dir='ltr'><strong>omnes</strong></span> <span class='ocrx_word' id='word_1_179' title='bbox 2197 2294 2335 2357; x_wconf 87' lang='lat' dir='ltr'><strong>gra-</strong></span> 
     </span>
     <span class='ocr_line' id='line_1_24' title="bbox 319 2360 2334 2445; baseline -0.001 -17"><span class='ocrx_word' id='word_1_180' title='bbox 319 2365 445 2428; x_wconf 88' lang='lat' dir='ltr'><strong>tias</strong></span> <span class='ocrx_word' id='word_1_181' title='bbox 498 2385 632 2427; x_wconf 94' lang='lat' dir='ltr'><strong>non</strong></span> <span class='ocrx_word' id='word_1_182' title='bbox 684 2363 873 2427; x_wconf 92' lang='lat' dir='ltr'><strong>modo</strong></span> <span class='ocrx_word' id='word_1_183' title='bbox 928 2360 1319 2444; x_wconf 78' lang='lat' dir='ltr'><strong>retinendaS,</strong></span> <span class='ocrx_word' id='word_1_184' title='bbox 1388 2382 1608 2424; x_wconf 87' lang='lat' dir='ltr'><strong>verum</strong></span> <span class='ocrx_word' id='word_1_185' title='bbox 1663 2362 1857 2424; x_wconf 87' lang='lat' dir='ltr'><strong>etiam</strong></span> <span class='ocrx_word' id='word_1_186' title='bbox 1921 2362 2334 2445; x_wconf 82' lang='lat' dir='ltr'><strong>acquirendas</strong></span> 
     </span>
     <span class='ocr_line' id='line_1_25' title="bbox 318 2448 2336 2537; baseline -0.001 -21"><span class='ocrx_word' id='word_1_187' title='bbox 318 2457 633 2537; x_wconf 69' lang='lat' dir='ltr'><strong>putemus</strong></span> <span class='ocrx_word' id='word_1_188' title='bbox 728 2448 926 2534; x_wconf 84' lang='lat' dir='ltr'><strong>Spero</strong></span> <span class='ocrx_word' id='word_1_189' title='bbox 979 2450 1102 2514; x_wconf 92' lang='lat' dir='ltr'><strong>tibi</strong></span> <span class='ocrx_word' id='word_1_190' title='bbox 1149 2470 1248 2513; x_wconf 85' lang='lat' dir='ltr'><strong>me</strong></span> <span class='ocrx_word' id='word_1_191' title='bbox 1294 2469 1549 2512; x_wconf 81' lang='lat' dir='ltr'><strong>causam</strong></span> <span class='ocrx_word' id='word_1_192' title='bbox 1594 2449 1921 2534; x_wconf 85' lang='lat' dir='ltr'><strong>probasse,</strong></span> <span class='ocrx_word' id='word_1_193' title='bbox 1965 2451 2153 2533; x_wconf 85' lang='lat' dir='ltr'><strong>cupio</strong></span> <span class='ocrx_word' id='word_1_194' title='bbox 2202 2451 2336 2535; x_wconf 90' lang='lat' dir='ltr'><strong>qui·</strong></span> 
     </span>
    </p>
   </div>
   <div class='ocr_carea' id='block_1_5' title="bbox 241 2540 2403 2709">
    <p class='ocr_par' dir='ltr' id='par_1_5' title="bbox 241 2540 2403 2709">
     <span class='ocr_line' id='line_1_26' title="bbox 241 2540 694 2607; baseline -0.007 -2"><span class='ocrx_word' id='word_1_195' title='bbox 241 2568 292 2607; x_wconf 81' lang='lat'><strong>25</strong></span> <span class='ocrx_word' id='word_1_196' title='bbox 322 2540 463 2604; x_wconf 87' lang='lat' dir='ltr'><strong>dem</strong></span> <span class='ocrx_word' id='word_1_197' title='bbox 511 2544 694 2603; x_wconf 84' lang='lat' dir='ltr'><strong>certe.</strong></span> 
     </span>
     <span class='ocr_line' id='line_1_27' title="bbox 452 2625 2403 2709; baseline -0.001 -18"><span class='ocrx_word' id='word_1_198' title='bbox 452 2626 887 2691; x_wconf 87' lang='lat' dir='ltr'><strong>Hermathena</strong></span> <span class='ocrx_word' id='word_1_199' title='bbox 949 2631 1064 2690; x_wconf 85' lang='lat' dir='ltr'><strong>tua</strong></span> <span class='ocrx_word' id='word_1_200' title='bbox 1127 2625 1305 2689; x_wconf 87' lang='lat' dir='ltr'><strong>valde</strong></span> <span class='ocrx_word' id='word_1_201' title='bbox 1371 2647 1472 2689; x_wconf 92' lang='lat' dir='ltr'><strong>me</strong></span> <span class='ocrx_word' id='word_1_202' title='bbox 1528 2626 1798 2690; x_wconf 79' lang='lat' dir='ltr'><strong>delectat</strong></span> <span class='ocrx_word' id='word_1_203' title='bbox 1858 2630 1922 2689; x_wconf 81' lang='lat' dir='ltr'><strong>et</strong></span> <span class='ocrx_word' id='word_1_204' title='bbox 1976 2626 2189 2709; x_wconf 87' lang='lat' dir='ltr'><strong>posita</strong></span> <span class='ocrx_word' id='word_1_205' title='bbox 2243 2628 2335 2690; x_wconf 89' lang='lat' dir='ltr'><strong>ita</strong></span> <span class='ocrx_word' id='word_1_206' title='bbox 2374 2644 2403 2689; x_wconf 80' lang='lat'>5</span> 
     </span>
    </p>
   </div>
   <div class='ocr_carea' id='block_1_6' title="bbox 319 2713 2335 2869">
    <p class='ocr_par' dir='ltr' id='par_1_6' title="bbox 319 2713 2335 2869">
     <span class='ocr_line' id='line_1_28' title="bbox 319 2713 2335 2800; baseline -0.001 -19"><span class='ocrx_word' id='word_1_207' title='bbox 319 2717 485 2781; x_wconf 85' lang='lat' dir='ltr'><strong>belle</strong></span> <span class='ocrx_word' id='word_1_208' title='bbox 549 2722 679 2800; x_wconf 87' lang='lat' dir='ltr'><strong>est,</strong></span> <span class='ocrx_word' id='word_1_209' title='bbox 741 2720 813 2779; x_wconf 88' lang='lat' dir='ltr'><strong>ut</strong></span> <span class='ocrx_word' id='word_1_210' title='bbox 878 2719 1090 2779; x_wconf 88' lang='lat' dir='ltr'><strong>totum</strong></span> <span class='ocrx_word' id='word_1_211' title='bbox 1153 2714 1558 2799; x_wconf 86' lang='lat' dir='ltr'><strong>gymnasium</strong></span> <span class='ocrx_word' id='word_1_212' title='bbox 1622 2714 1759 2777; x_wconf 87' lang='lat' dir='ltr'><strong>eius</strong></span> <span class='ocrx_word' id='word_1_213' title='bbox 1823 2713 2135 2798; x_wconf 80' lang='grc' dir='ltr'><em>ἀνάθημα</em></span> <span class='ocrx_word' id='word_1_214' title='bbox 2199 2737 2335 2778; x_wconf 90' lang='lat' dir='ltr'><strong>esse</strong></span> 
     </span>
     <span class='ocr_line' id='line_1_29' title="bbox 320 2803 1460 2869; baseline -0.002 -2"><span class='ocrx_word' id='word_1_215' title='bbox 320 2805 629 2869; x_wconf 85' lang='lat' dir='ltr'><strong>videatur.</strong></span> <span class='ocrx_word' id='word_1_216' title='bbox 719 2803 998 2867; x_wconf 88' lang='lat' dir='ltr'><strong>Multum</strong></span> <span class='ocrx_word' id='word_1_217' title='bbox 1046 2808 1109 2866; x_wconf 86' lang='lat' dir='ltr'><strong>te</strong></span> <span class='ocrx_word' id='word_1_218' title='bbox 1157 2824 1460 2865; x_wconf 82' lang='lat' dir='ltr'><strong>amamus,</strong></span> 
     </span>
    </p>
   </div>
   <div class='ocr_carea' id='block_1_7' title="bbox 241 3012 1993 3331">
    <p class='ocr_par' dir='ltr' id='par_1_7' title="bbox 241 3012 1993 3331">
     <span class='ocr_line' id='line_1_30' title="bbox 1293 3012 1374 3078; baseline 0 0"><span class='ocrx_word' id='word_1_219' title='bbox 1293 3012 1374 3078; x_wconf 92' lang='lat'><strong>11.</strong></span> 
     </span>
     <span class='ocr_line' id='line_1_31' title="bbox 241 3152 1993 3223; baseline -0.001 -14"><span class='ocrx_word' id='word_1_220' title='bbox 241 3170 292 3209; x_wconf 73' lang='lat' dir='ltr'><strong>ao</strong></span> <span class='ocrx_word' id='word_1_221' title='bbox 667 3152 781 3210; x_wconf 75' lang='lat' dir='ltr'><strong>Ser.</strong></span> <span class='ocrx_word' id='word_1_222' title='bbox 822 3154 1027 3209; x_wconf 83' lang='lat' dir='ltr'><strong>Romae</strong></span> <span class='ocrx_word' id='word_1_223' title='bbox 1055 3154 1232 3223; x_wconf 75' lang='lat' dir='ltr'><strong>paulo</strong></span> <span class='ocrx_word' id='word_1_224' title='bbox 1259 3159 1386 3222; x_wconf 73' lang='lat' dir='ltr'><strong>post</strong></span> <span class='ocrx_word' id='word_1_225' title='bbox 1421 3170 1499 3222; x_wconf 78' lang='lat' dir='ltr'><strong>ep.</strong></span> <span class='ocrx_word' id='word_1_226' title='bbox 1540 3158 1570 3207; x_wconf 90' lang='lat'><strong><em>1</em></strong></span> <span class='ocrx_word' id='word_1_227' title='bbox 1610 3170 1661 3207; x_wconf 88' lang='grc' dir='ltr'><strong>α.</strong></span> <span class='ocrx_word' id='word_1_228' title='bbox 1702 3156 1815 3207; x_wconf 86' lang='grc'><strong>689</strong></span> <span class='ocrx_word' id='word_1_229' title='bbox 1852 3156 1993 3221; x_wconf 83' lang='grc'><strong><em>(65).</em></strong></span> 
     </span>
     <span class='ocr_line' id='line_1_32' title="bbox 962 3274 1701 3331; baseline -0.004 0"><span class='ocrx_word' id='word_1_230' title='bbox 962 3276 1215 3331; x_wconf 86' lang='lat' dir='ltr'>CICERO</span> <span class='ocrx_word' id='word_1_231' title='bbox 1253 3274 1515 3330; x_wconf 89' lang='lat' dir='ltr'>ATTICO</span> <span class='ocrx_word' id='word_1_232' title='bbox 1556 3275 1701 3329; x_wconf 87' lang='lat' dir='ltr'>SAL.</span> 
     </span>
    </p>
   </div>
   <div class='ocr_carea' id='block_1_8' title="bbox 322 3401 2399 3643">
    <p class='ocr_par' dir='ltr' id='par_1_8' title="bbox 322 3401 2399 3643">
     <span class='ocr_line' id='line_1_33' title="bbox 458 3401 2399 3490; baseline -0.003 -20"><span class='ocrx_word' id='word_1_233' title='bbox 458 3404 529 3470; x_wconf 83' lang='lat' dir='ltr'><strong>L.</strong></span> <span class='ocrx_word' id='word_1_234' title='bbox 556 3404 720 3470; x_wconf 91' lang='lat' dir='ltr'><strong>Iulio</strong></span> <span class='ocrx_word' id='word_1_235' title='bbox 752 3403 1039 3490; x_wconf 86' lang='lat' dir='ltr'><strong>Caesare,</strong></span> <span class='ocrx_word' id='word_1_236' title='bbox 1075 3402 1141 3469; x_wconf 84' lang='lat' dir='ltr'><strong>O.</strong></span> <span class='ocrx_word' id='word_1_237' title='bbox 1180 3403 1421 3468; x_wconf 78' lang='lat' dir='ltr'><strong>Marcio</strong></span> <span class='ocrx_word' id='word_1_238' title='bbox 1459 3401 1689 3488; x_wconf 79' lang='lat' dir='ltr'><strong>Figulo</strong></span> <span class='ocrx_word' id='word_1_239' title='bbox 1728 3401 2099 3466; x_wconf 84' lang='lat' dir='ltr'><strong>consulibus</strong></span> <span class='ocrx_word' id='word_1_240' title='bbox 2138 3401 2337 3465; x_wconf 91' lang='lat' dir='ltr'><strong>filiolo</strong></span> <span class='ocrx_word' id='word_1_241' title='bbox 2380 3421 2399 3464; x_wconf 93' lang='lat'>1</span> 
     </span>
     <span class='ocr_line' id='line_1_34' title="bbox 322 3487 2333 3559; baseline -0.005 0"><span class='ocrx_word' id='word_1_242' title='bbox 322 3517 428 3559; x_wconf 91' lang='lat' dir='ltr'><strong>me</strong></span> <span class='ocrx_word' id='word_1_243' title='bbox 474 3498 729 3558; x_wconf 82' lang='lat' dir='ltr'><strong>auctum</strong></span> <span class='ocrx_word' id='word_1_244' title='bbox 776 3493 936 3557; x_wconf 86' lang='lat' dir='ltr'><strong>seito</strong></span> <span class='ocrx_word' id='word_1_245' title='bbox 981 3492 1156 3557; x_wconf 86' lang='lat' dir='ltr'><strong>salva</strong></span> <span class='ocrx_word' id='word_1_246' title='bbox 1192 3491 1506 3557; x_wconf 86' lang='lat' dir='ltr'><strong>Terentia.</strong></span> <span class='ocrx_word' id='word_1_247' title='bbox 1572 3490 1710 3554; x_wconf 89' lang='lat' dir='ltr'><strong>Abs</strong></span> <span class='ocrx_word' id='word_1_248' title='bbox 1757 3495 1822 3554; x_wconf 89' lang='lat' dir='ltr'><strong>te</strong></span> <span class='ocrx_word' id='word_1_249' title='bbox 1858 3493 1993 3552; x_wconf 89' lang='lat' dir='ltr'><strong>tam</strong></span> <span class='ocrx_word' id='word_1_250' title='bbox 2031 3490 2138 3553; x_wconf 88' lang='lat' dir='ltr'><strong>diu</strong></span> <span class='ocrx_word' id='word_1_251' title='bbox 2177 3487 2333 3551; x_wconf 80' lang='lat' dir='ltr'><strong>nihil</strong></span> 
     </span>
     <span class='ocr_line' id='line_1_35' title="bbox 1954 3592 2019 3643; baseline 0 -23"><span class='ocrx_word' id='word_1_252' title='bbox 1954 3592 2019 3643; x_wconf 74' lang='grc'><strong>1*</strong></span> 
     </span>
    </p>
   </div>
  </div>
 </body>
</html>
