2642 3923
358 199 513 254 XXII
1008 196 1430 252 ADNOTATIO
1470 194 1753 251 CRITICA
1825 185 1834 194 ’

354 338 449 393 vel
483 341 613 394 certi
649 340 938 409 quicquam
973 341 1040 391 ut
1076 354 1160 407 ep.
1192 354 1304 406 seq.
1337 344 1367 404 ξ
1387 344 1418 392 5
1457 339 1621 392 Nihil
1655 346 1836 393 tamen
1870 338 2039 393 certi)
2072 368 2143 379 -
2179 342 2247 390 33
2284 353 2378 408 eqo

358 412 440 465 vel
483 427 726 480 cuperem
761 425 850 463 me
888 412 1114 464 auctore
1152 409 1369 476 Baiter,
1420 408 1663 477 Tyrrell,
1715 409 1912 462 ‘edidi’
1953 409 2121 476 Boot,
2168 410 2205 475 †
2223 426 2378 479 eyovc

359 498 603 550 cuperem
646 480 935 545 Wesenb.,
988 480 1140 549 quod
1183 480 1318 533 ferri
1362 496 1527 550 posse
1569 482 1738 550 putat
1780 479 1893 534 Leo
1942 479 2126 533 ‘AnaL
2164 478 2372 533 Plautff

361 551 611 622 Gotting.
644 557 780 606 1896
817 570 871 621 p.
903 556 970 604 25
1008 551 1219 620 insigni
1253 550 1548 620 patientia.
1608 549 1768 604 Certe
1805 568 1917 605 non
1954 550 2195 604 multum
2223 550 2376 603 simi-

358 622 618 676 litudinis
665 622 840 676 habet
886 639 1032 690 supr.
1070 640 1124 691 p.
1158 627 1240 674 30.
1274 628 1330 688 7,
1390 627 1509 675 532.
1540 628 1607 676 30
1653 639 1822 691 neque
1866 638 1986 692 eqo,
2043 621 2377 689 quibuscum

361 695 426 747 cf
460 693 555 747 hic
601 711 648 746 v.
680 699 745 746 33
783 710 880 747 ‘nec
915 694 1072 759 mihi,
1123 698 1204 746 74.
1235 697 1285 759 5,
1314 698 1444 751 374.
1477 698 1570 760 17,
1619 698 1738 746 375.
1770 696 1802 745 8
1838 709 1937 747 nec
1971 709 2090 762 eqo,
2137 690 2269 745 fam.
2300 692 2378 744 IV

363 771 409 819 7.
442 771 473 817 2
510 782 678 834 neque
712 771 776 818 te.
833 761 911 817 Cf.
946 763 1020 816 ad
1051 780 1107 832 p.
1139 768 1258 816 381.
1291 769 1374 816 14.
1422 764 1441 832 ΙΙ
1486 763 1556 817 P.
1586 762 1684 817 63.
1716 769 1748 816 5
1785 781 1858 818 ca
1893 769 2161 817 sescenta?
2198 792 2269 803 —
2308 768 2373 815 12
2403 819 2408 825 ,

360 836 528 889 irasci
572 852 639 889 ne
667 851 891 903 possum
959 834 1140 887 uidem
1176 832 1457 900 Wesenb.,
1495 851 1563 888 ne
1598 835 1768 888 irasci
1803 835 2017 904 quidem
2053 833 2266 886 Manut.
2308 865 2377 873 —

362 911 430 960 14
498 905 686 960 Cetera
703 905 911 971 Baiter,
1006 902 1191 957 esenb.
1212 935 1283 944 —
1311 911 1379 958 15
1400 922 1486 958 απ
1601 903 1901 959 tWesenb.
1923 936 1993 945 —
2013 909 2080 957 25
2095 911 2377 972 putaram

361 976 432 1030 ed
477 1019 487 1029 .
516 976 766 1046 probab,
794 992 906 1029 non
935 978 1066 1029 cert.
1106 975 1368 1029 Fortasse
1394 991 1465 1028 ne
1539 975 1637 1030 hil.
1658 974 1887 1043 quidem
1911 974 1965 1028 H
1992 980 2041 1029 1.
2063 980 2092 1028 1
2122 992 2176 1044 p.
2200 979 2317 1027 374.
2343 979 2374 1027 6

361 1049 512 1101 recte
549 1046 834 1116 Madvigio
882 1045 1123 1114 aliisque
1159 1053 1400 1114 optarem
1437 1046 1845 1116 corrigentibus
1885 1045 2182 1100 obsecutus
2222 1052 2373 1113 opta·

359 1135 500 1172 ram
536 1117 749 1187 scripsi.
805 1117 896 1170 Ad
930 1116 1062 1170 fam.
1090 1134 1144 1185 p.
1165 1122 1250 1169 40.
1273 1122 1356 1169 32.
1388 1148 1458 1158 -
1486 1122 1553 1169 30
1591 1124 1750 1171 tenet
1786 1116 2038 1183 Schuetz,
2067 1116 2275 1170 Baiter.
2307 1146 2375 1155 —-—

360 1193 428 1242 33
466 1189 503 1258 γ’·
520 1195 646 1243 utor
680 1187 939 1241 Wesenb.
973 1187 1112 1241 coni.
1143 1188 1324 1241 media
1366 1194 1495 1242 utor
1536 1188 1633 1241 via
1680 1189 1782 1241 aut
1815 1194 1943 1243 utor
1977 1189 2072 1241 via
2106 1187 2300 1241 media.

438 1259 503 1313 P.
531 1257 631 1314 64.
660 1264 690 1312 8
728 1259 845 1331 [et]
880 1256 1169 1325 Wesenb.,
1217 1257 1324 1311 del.
1361 1257 1643 1325 Lambin.,
1689 1257 1897 1312 Baiter.
1982 1257 2048 1312 V.
2087 1256 2371 1312 Lehmann

361 1327 613 1394 Quaestt.
642 1347 695 1398 p.
726 1336 812 1383 42.
869 1360 930 1370 -
993 1335 1025 1381 9
1070 1335 1133 1383 ut
1177 1327 1466 1396 Wesenb.,
1513 1329 1670 1383 Boot.
1720 1360 1804 1380 -.
1845 1335 1910 1383 11
1958 1327 2195 1400 [neque]
2241 1329 2376 1398 leyes

360 1400 592 1468 Tyrrell.
641 1432 711 1441 —
753 1400 832 1453 Π).
877 1400 1014 1470 leyes
1066 1405 1125 1453 te
1177 1397 1438 1453 Ribbeck
1490 1401 1637 1469 trag.
1665 1399 1773 1454 inc.
1806 1405 1907 1454 117
1962 1417 2017 1469 p.
2049 1405 2151 1453 252
2208 1398 2293 1452 ed.
2324 1398 2376 1451 II

359 1471 468 1539 (ed.
505 1471 583 1523 ΙΠ
627 1489 678 1541 p.
721 1477 821 1524 291
880 1469 945 1525 Si
995 1471 1164 1539 neque
1209 1471 1255 1524 le
1290 1487 1344 1524 es
1387 1487 1557 1539 neque
1600 1472 1770 1525 mores
1813 1473 2048 1541 coywnt),
2093 1468 2374 1537 Wesenb.,

360 1542 516 1596 Boot.
574 1573 644 1583 -—
703 1548 771 1594 24
824 1541 1114 1613 [inimicus
1166 1547 1243 1595 est
1318 1540 1568 1608 Ernesti,
1613 1540 1858 1611 Tyrrell,
1904 1541 2183 1595 inimicius
2230 1539 2371 1593 coni.

359 1612 526 1680 Boot,
581 1613 862 1666 inimicius
915 1618 966 1666 et
1008 1610 1207 1665 Munro
1263 1612 1418 1681 apud
1461 1611 1812 1680 Tyrrellium.
1868 1643 1940 1653 —-
1994 1617 2061 1663 32
2107 1611 2184 1664 mi
2215 1611 2370 1663 coni.

359 1682 600 1750 Ernesti,
638 1684 773 1737 mihi
808 1700 910 1735 scr.
942 1681 1201 1737 Wesenb.
1267 1685 1286 1752 ΙΙ
1349 1682 1419 1736 Ρ.
1440 1682 1540 1737 65.
1561 1689 1593 1736 2
1630 1685 1777 1754 1·ωά
1814 1681 1954 1737 coni.
1984 1699 2031 1735 V.
2054 1687 2086 1734 3
2124 1681 2373 1751 refuyio

364 1757 464 1807 aut
500 1761 551 1808 et
586 1753 695 1822 (vel
731 1754 951 1821 scilicet)
980 1784 1050 1794 —
1083 1754 1312 1821 repudio
1348 1752 1609 1807 Wesenb.
1641 1784 1711 1795 —-
1739 1760 1807 1808 23
1843 1754 1996 1823 volyo
2033 1750 2372 1806 Buechelero

362 1827 588 1878 auctore
623 1823 831 1890 Baiter,
868 1822 1087 1893 Tyrrell
1123 1839 1207 1892 ep.
1237 1829 1324 1890 47,
1362 1825 1482 1878 volo
1519 1824 1698 1890 codd,
1736 1842 1863 1879 cum
1900 1839 2063 1878 cruce
2090 1822 2370 1889 Wesenb.,

359 1894 503 1949 Boot
555 1895 731 1965 (prob.
787 1895 985 1966 volyo),
1048 1895 1497 1965 holopraymatici
1550 1894 1757 1949 Ziehen
1820 1913 1960 1948 mus.
2008 1894 2183 1948 Rhen.
2236 1899 2372 1948 18526

358 1984 412 2037 p.
444 1972 638 2035 590sq.
671 1997 741 2006 -—-
767 1971 835 2019 30
872 1967 1114 2035 aliquid
1150 1983 1250 2020 scr.
1281 1984 1421 2019 mus.
1441 1966 1617 2021 Rhen.
1642 1972 1778 2020 1898
1805 1984 1857 2035 p.
1884 1972 1984 2019 123
2012 1968 2078 2018 ut
2102 1983 2156 2034 p.
2180 1972 2298 2019 237.
2323 1973 2372 2034 2,

360 2045 423 2093 ct
456 2039 590 2107 quid
628 2037 785 2091 codd.
807 2039 866 2090 et
893 2036 1017 2090 edd.
1067 2035 1146 2090 cf.
1168 2055 1220 2106 p.
1244 2042 1364 2091 299.
1386 2043 1470 2090 35.
1519 2037 1576 2090 Ρ.
1602 2042 1718 2090 123.
1742 2042 1809 2089 23
1839 2051 1909 2088 ex
1937 2038 2024 2102 (ne
2052 2036 2208 2103 qwid)
2236 2037 2371 2089 ali-

360 2111 506 2233 ἔξω)
544 2108 760 2162 factum
797 2110 885 2161 est
919 2108 1219 2176 (lepidflcm
1254 2109 1417 2178 (quo),
1454 2125 1508 2177 p.
1540 2112 1746 2161 398.13
1785 2123 1854 2160 ne
1878 2107 2013 2175 quid
2041 2121 2110 2158 ex
2137 2106 2369 2188 aliquid.

430 2180 538 2233 ,ad
606 2184 758 2232 .385.
781 2183 829 2244 1,
860 2183 977 2232 509.
1000 2184 1048 2230 4.
1116 2179 1135 2247 ΙΙ
1199 2178 1267 2232 Ρ.
1289 2178 1388 2232 66.
1411 2183 1478 2232 15
1491 2196 1571 2246 sq.
1601 2195 1681 2232 me
1709 2183 1758 2231 te
1780 2177 2037 2231 Furium
2063 2175 2284 2231 Klotzio
2314 2180 2373 2231 et

358 2198 760 2319 Wesengergio
807 2248 1127 2303 auctoribus
1164 2248 1384 2317 Tyrrell
1397 2293 1410 2317 ,
1463 2257 1513 2304 te
1551 2248 1792 2303 Fwn‘um
1826 2247 1928 2314 RI,
1974 2264 2056 2302 mc
2091 2254 2155 2301 ut
2190 2246 2372 2303 Fw‘io

359 2322 500 2375 coni.
529 2320 674 2374 Boot
707 2319 937 2388 probab.
969 2350 1039 2360 —-
1074 2325 1139 2373 21
1179 2322 1415 2374 centiens
1451 2319 1572 2373 sine
1610 2335 1771 2374 cruce
1806 2318 2013 2372 Baiter.
2045 2350 2116 2360 —
2139 2318 2221 2372 Ib.
2250 2335 2372 2373 cum

359 2392 469 2447 del.
505 2392 650 2445 Boot
686 2391 771 2444 ed.
802 2390 828 2443 I
868 2389 1077 2458 ‘male’,
1127 2389 1409 2457 Wesenb.,
1446 2390 1667 2444 uncinis
1707 2390 1921 2459 saepsit
1956 2389 2164 2442 Baiter.
2194 2420 2265 2430 —
2304 2395 2369 2443 23

357 2463 670 2517 Aleoeandri
724 2463 856 2514 ante
910 2461 1091 2530 accepi
1144 2461 1272 2514 add.
1320 2460 1581 2515 Wesenb.
1657 2460 1723 2514 V.
1771 2460 2061 2514 Lehmann
2115 2458 2368 2525 Quaestt.

356 2551 409 2604 p.
442 2540 526 2586 11.
566 2564 636 2575 -·
669 2532 749 2585 Ib.
779 2527 896 2602 [ct]
930 2530 1211 2597 Wesenb.,
1258 2549 1356 2586 ‘nec
1390 2531 1598 2598 Baiter,
1636 2532 1870 2600 Tyrrell,
1907 2534 2123 2599 ineptus
2159 2537 2286 2596 est,
2324 2538 2373 2585 et

356 2611 538 2659 tamen
581 2605 682 2658 scit
727 2619 858 2656 non
900 2603 1042 2656 nihil
1079 2602 1245 2668 Boot,
1293 2604 1464 2657 Poeta
1500 2634 1568 2642 —
1605 2603 1826 2657 inutilis
1862 2602 1969 2655 del.
1999 2602 2086 2655 Fr.
2118 2599 2372 2655 Schmidt

396 2691 457 2728 ro
531 2717 539 2727 .
570 2673 936 2742 Wurceburg.
969 2677 1105 2726 1892
1142 2691 1197 2742 Ρ.
1229 2678 1295 2726 12
1348 2675 1638 2741 tamquam
1683 2670 1970 2742 sumptum
2015 2688 2085 2726 ex
2118 2689 2172 2741 p.
2206 2677 2288 2725 70.
2321 2678 2368 2725 7.

421 2748 477 2799 te
525 2744 748 2815 egend.:
790 2744 960 2798 Poeta
987 2745 1202 2811 ineptus
1228 2751 1307 2799 est
1332 2751 1383 2799 et
1406 2745 1511 2799 scit
1536 2744 1627 2798 ille
1654 2744 1870 2815 quidem
1893 2744 2054 2809 nihil,
2071 2744 2165 2797 sed
2193 2750 2372 2797 tamen

354 2833 470 2870 oum
505 2823 580 2870 est
614 2814 846 2868 inutilis.
903 2813 968 2866 V.
999 2814 1287 2868 Lehmann
1313 2814 1431 2868 Att.
1496 2820 1650 2880 .194,
1688 2813 1782 2868 hic
1860 2858 1871 2868 .
1895 2820 1978 2868 14.
1999 2820 2083 2880 22,
2123 2817 2206 2867 98.
2239 2819 2287 2867 5.
2354 2817 2358 2862 ἓ

429 2886 499 2940 Ρ.
521 2886 620 2940 67.
643 2889 707 2939 11
746 2892 926 2939 noster
962 2887 1170 2939 amicus
1206 2902 1237 2939 e
1275 2886 1434 2939 codd.
1512 2884 1713 2940 NHOP
1741 2886 1818 2938 Le
1918 2901 2032 2938 ann
2067 2900 2151 2954 ep.
2175 2884 2271 2937 sel.
2295 2883 2366 2937 17

355 2955 596 3010 fortasse
621 2957 787 3008 recte.
809 2986 880 2995 —
900 2960 965 3008 16
994 2956 1158 3010 vides
1176 2955 1394 3025 Tyrrell
1422 2971 1509 3025 ep.
1528 2961 1598 3009 48
1625 2959 1746 3009 tam
1772 2955 1898 3009 fals.
1921 2972 2092 3023 quam
2118 2972 2170 3024 p.
2185 2960 2252 3007 47
2284 2960 2368 3008 30.

359 3059 426 3067 —-
456 3033 522 3079 23
553 3028 739 3093 lapsus
758 3027 946 3094 potius
963 3044 1127 3095 quam
1137 3043 1456 3098 proffessus
1474 3043 1505 3080 e
1526 3026 1684 3080 codd.
1695 3025 1890 3081 EHOP
1909 3025 2196 3080 Lehmann
2215 3026 2373 3078 haud

357 3098 471 3151 scio
511 3113 583 3150 an
618 3096 833 3150 melius.
890 3099 908 3166 ΙΙ
962 3096 1033 3151 Ρ.
1053 3097 1152 3151 68.
1175 3103 1241 3151 18
1253 3115 1334 3166 sq.
1366 3104 1465 3151 aut
1494 3129 1562 3138 —
1589 3104 1690 3152 aut
1724 3105 1858 3152 certe
1886 3097 2120 3164 Manut.,
2159 3096 2369 3163 Baiter,

354 3167 598 3236 Tyrrell,
645 3174 744 3222 aut
778 3174 912 3222 certe
948 3199 1019 3209 —-
1054 3174 1153 3222 aut
1187 3170 1351 3223 etiam
1385 3167 1460 3234 M,
1502 3167 1807 3236 Lehmann,
1847 3184 1973 3221 cum
2010 3182 2171 3222 cruce
2209 3166 2370 3235 Boot,

355 3245 455 3292 aut
498 3245 793 3293 certatmos
842 3269 912 3279 —-
956 3245 1056 3292 aut
1097 3240 1261 3293 etiam
1295 3238 1556 3292 Wesenb.
1605 3270 1676 3280 —
1721 3244 1787 3292 25
1825 3240 2112 3293 mamisses
2149 3238 2369 3307 duplic.

355 3308 583 3375 Bosius,
630 3309 848 3375 Baiter,
898 3308 1117 3377 Tyrrell
1153 3325 1238 3378 ep.
1267 3316 1354 3370 49,
1392 3307 1424 3343 *
1453 3310 1486 3344 *
1506 3311 1747 3378 profecto
1785 3308 2064 3374 Wesenb.,
2101 3308 2261 3362 Boot.
2301 3341 2372 3349 —

354 3386 422 3433 32
468 3396 649 3434 corum
695 3387 745 3434 et
792 3382 1056 3435 exercitus
1103 3380 1242 3433 coni.
1275 3378 1473 3446 Orelli,
1526 3398 1627 3434 scr.
1658 3379 1826 3447 Boot,
1877 3379 2121 3449 Tyrrell,
2169 3386 2221 3434 et
2256 3380 2371 3433 uim

349 3452 618 3505 exercitus
652 3450 726 3518 M,
764 3450 972 3517 Baiter,
1008 3467 1193 3506 corum
1228 3458 1278 3506 et
1347 3452 1490 3521 vim]
1525 3452 1787 3505 exercitus
1814 3449 2075 3504 Wesenb.
2140 3449 2199 3503 V.
2230 3449 2402 3503 Leh-·

350 3539 524 3575 mann
553 3523 667 3575 Att.
684 3540 736 3590 p.
763 3527 844 3575 70.
874 3552 945 3563 -
980 3528 1047 3576 33
1077 3523 1240 3576 bonos
1344 3521 1548 3590 esenb.,
1595 3523 1754 3588 Boot,
1792 3520 2026 3590 Tyrrell,
2062 3537 2163 3575 nos
2191 3522 2371 3588 codd,
