2642 3923
353 194 479 259 178
985 194 1059 249 M.
1098 193 1313 248 TULLI
1349 192 1722 249 CICERONIS

351 338 641 490 saffacius
688 337 1052 402 odorabere.
1126 342 1254 421 Τῆς
1300 339 1629 422 δάμαρτός
1672 361 1803 421 μου
1840 336 1875 403 ὁ
1914 337 2360 423 ἀπελεύθερος

351 424 425 512 (ο
457 432 613 508 σθα,
659 425 740 490 ὃν
785 424 992 512 λέγω)
1039 424 1228 504 ἔδοξέ
1257 449 1371 510 μοι
1416 426 1668 509 πρώην,
1715 424 1778 504 ἐξ
1827 420 1922 490 ὧν
1966 425 2359 510 ἀλογευόμε-

349 538 463 591 νος
521 513 1049 598 παρεφθέγγετο,
1108 513 1559 598 πεφυρακέναι
1617 515 1732 589 τὰς
1790 516 2058 597 ψήφους
2120 513 2191 580 ἐκ
2244 523 2359 597 τῆς

349 602 522 685 ὠνῆς
575 613 710 666 τῶν
752 602 1186 686 ὑπαρχόντων
1238 611 1360 668 τοῦ
1405 603 1876 686 Κροτωνιάτου
1922 605 2358 687 τυραννοκτό-

347 713 490 755 νου.
575 689 867 755 Δέδοικα
915 691 1019 773 δή,
1073 693 1163 774 μή
1212 713 1275 755 τι
1321 691 1368 771 †
1404 692 1664 775 νοήσῃς.
1709 747 1712 750 .
1750 681 1874 766 Εἷς
1909 691 2127 772 δήπου
2161 700 2357 755 τοῦτο
2415 714 2441 753 5

348 779 431 861 δὴ
477 779 1034 862 περισκεψάμενος
1079 779 1159 842 τὰ
1204 780 1403 843 λοιπὰ
1450 776 1895 861 ἐξασφάλισαι.
1986 776 2139 842 Non
2192 784 2356 863 qiieo

349 870 629 950 tantum,
683 870 994 951 quanbum
1038 887 1287 952 vereor,
1348 866 1648 950 scribere3
1706 870 1781 929 'cu
1827 870 2040 931 autem
2099 866 2225 953 fac,
2283 871 2357 930 ut

348 953 507 1017 mihi
542 958 689 1019 tuae
726 954 979 1018 lissterae
1016 954 1234 1018 volent
1272 953 1512 1018 obviae.
1579 953 1754 1018 Haec
1781 953 2093 1018 fesizinans
2131 954 2358 1038 scripsi

347 1042 418 1106 in
475 1042 703 1106 itinere
758 1047 948 1126 atque
1005 1043 1270 1127 agmine.
1361 1041 1561 1106 Piliae
1620 1046 1686 1105 ct
1742 1042 1993 1126 puellae
2050 1040 2358 1107 Caeciliae

349 1130 735 1196 bellissimae
781 1130 1053 1194 salutem
1098 1130 1284 1194 dices.
2386 1155 2442 1194 ιο

1316 1304 1396 1370 V.

700 1425 813 1480 Ser.
850 1426 913 1479 in
948 1427 1143 1480 castris
1186 1426 1240 1479 V
1270 1424 1346 1480 K.
1389 1424 1573 1495 Qum.
1612 1442 1664 1480 a.
1705 1429 1813 1481 704
1850 1430 1989 1496 (50).

980 1547 1235 1603 CICERO
1272 1547 1533 1603 ATTICO
1575 1547 1722 1603 SAL.

479 1655 670 1722 Nunc
714 1657 969 1742 quidem
1015 1657 1306 1741 profecto
1354 1655 1599 1721 Romae
1645 1679 1728 1723 es.
1821 1655 1960 1732 Quo
2005 1661 2098 1744 te,
2157 1658 2214 1723 si
2266 1659 2359 1723 ita

347 1749 474 1832 est,
534 1745 782 1810 salvum
827 1746 1075 1811 venisse
1125 1746 1399 1831 gaudeo3
1457 1744 1623 1809 unde
1682 1746 1938 1830 quidem
1998 1743 2192 1830 quam
2250 1746 2357 1810 diu
2385 1771 2440 1813 ιε

350 1833 594 1919 amisti,
653 1834 859 1919 magis
920 1856 957 1898 a
1013 1854 1117 1897 me
1176 1833 1398 1898 abesse
1453 1833 1779 1917 videbare,
1837 1855 2028 1918 quam
2085 1834 2141 1898 si
2186 1834 2358 1899 domi

348 1941 547 2008 esses3
601 1922 812 1992 minus
861 1922 1029 1987 enim
1074 1921 1235 1987 mihi
1280 1942 1458 1986 meae
1502 1925 1693 1987 notae
1746 1942 1846 1987 res
1895 1926 2099 2006 erant,
2145 1922 2358 1988 minus

349 2011 544 2076 ctiam
588 2011 895 2095 publicae.
987 2009 1194 2086 Quare
1239 2011 1458 2095 velim,
1512 2011 1661 2094 etsi,
1705 2014 1780 2074 ut
1826 2031 2040 2096 spere,
2093 2014 2159 2076 te
2202 2011 2358 2076 haec

347 2100 600 2184 legente
638 2098 1039 2183 aliquantum
1084 2100 1213 2163 iam
1259 2098 1397 2162 viae
1442 2119 1828 2182 processero,
1871 2103 2091 2163 tamen
2135 2100 2355 2164 obvias

349 2187 511 2251 mihi
573 2188 821 2251 litteras
887 2208 1078 2270 quam
1144 2185 1592 2271 argutissimas
1665 2185 1741 2250 de
1805 2186 2101 2251 omnibus
2159 2188 2354 2253 rebus
2384 2213 2439 2253 πο

350 2274 572 2340 crebro
617 2276 867 2359 mittas,
927 2274 1245 2357 imprimis
1300 2273 1379 2338 de
1433 2295 1560 2359 quo
1617 2274 1843 2357 scripsi
1899 2275 1978 2339 ad
2030 2279 2096 2340 ize
2151 2280 2356 2340 antea.
2414 2268 2421 2274 ⁵

359 2368 485 2446 Τῆς
531 2362 861 2447 ξυναόρου
905 2373 1019 2446 τῆς
1066 2360 1219 2446 ἐμῆς
1265 2362 1737 2446 οὑξελεύθερος
1791 2361 1978 2440 ἔδοξέ
2014 2387 2129 2447 μοι
2172 2365 2358 2448 θαμὰ

349 2455 752 2536 βατταρίζων
812 2448 923 2515 καὶ
987 2450 1211 2515 ἀλύων
1271 2449 1352 2515 ἐν
1408 2461 1547 2526 τοῖς
1619 2449 1962 2533 ξυλλόγοις
2033 2449 2143 2516 καὶ
2214 2463 2358 2528 ταῖς

350 2538 609 2622 λέσχαις
643 2538 774 2604 ὑπό
810 2562 874 2603 τι
909 2537 1362 2622 πεφυρακέναι
1389 2538 1503 2613 τὰς
1537 2539 1804 2622 ψήφους
1850 2537 1923 2603 ἐν
1967 2550 2105 2615 τοῖς
2150 2540 2356 2624 ὑπάρ-

350 2643 584 2711 χουσιν
642 2638 780 2702 τοῖς
837 2635 957 2692 τοῦ
1015 2628 1504 2710 Κροτωνιάτου.
1613 2625 1754 2691 Hoc
1816 2631 1889 2690 tu
1953 2626 2212 2713 indaga,
2281 2632 2355 2691 ub
2383 2653 2436 2694 π

351 2716 545 2800 soles,
598 2719 698 2778 ast
740 2715 863 2780 hoc
906 2714 1130 2800 magis.
1200 2712 1309 2792 Ἐξ
1358 2715 1601 2789 ἄστεως
1649 2712 2026 2798 ἑπταλόφου
2082 2720 2356 2800 στείχων

347 2801 728 2889 παρέδωκεν
771 2813 956 2886 μνῶν
992 2799 1112 2885 κδ’,
1158 2799 1264 2886 μη’
1311 2801 1639 2886 ὀφείλημα
1683 2810 1776 2890 τῷ
1823 2805 2160 2891 Καμίλλῳ,
2210 2803 2355 2868 ἑαυ-

284 2973 290 2976 ⁴
348 2895 467 2957 τόν
511 2914 580 2957 τε
626 2890 980 2974 ὀφείλοντα
1023 2899 1190 2974 μνᾶς
1232 2887 1335 2955 κδ’
1382 2889 1453 2955 ἐκ
1488 2901 1623 2955 τῶν
1658 2893 2212 2975 Κροτωνιατικῶν
2245 2890 2355 2957 καὶ

350 2979 420 3049 ἐκ
482 2990 616 3045 τῶν
670 2983 1243 3063 Χερρονησιτικῶν
1296 2975 1402 3062 μη’
1465 2975 1575 3043 καὶ
1637 2988 1805 3063 μνᾶς
1867 2984 2355 3065 κληρονομῆσαι

349 3065 473 3152 χμ’,
510 3065 629 3151 χμ’.
690 3067 958 3132 Τούτων
994 3062 1068 3131 δὲ
1094 3061 1259 3150 μηδὲ
1296 3065 1540 3149 ὀβολὸν
1576 3066 2052 3151 ὃιευθετῆσθαι
2088 3069 2356 3134 πάντων
2382 3093 2437 3134 so

348 3157 384 3222 ὀ
443 3154 848 3239 ειληθέντων
891 3163 1011 3220 τοῦ
1057 3152 1375 3238 δευτέρου
1420 3155 1626 3237 μηνὸς
1668 3164 1747 3240 τῇ
1794 3159 2140 3241 νουμηνίᾳ.
2222 3157 2355 3221 'mv

325 3181 439 3309 ’δῖ
477 3244 929 3326 ἀπελεύθερον
989 3243 1195 3307 αὐτοῦ
1259 3244 1420 3307 ὄντα
1479 3242 1835 3326 ὁμώνυμον
1895 3251 1986 3330 τῷ
2040 3246 2358 3321 Κόνωνος

346 3328 544 3415 πατρὶ
606 3327 815 3414 μηδὲν
878 3329 1243 3414 ὁλοσχερῶς
1310 3329 1834 3415 πεφροντικέναι.
1951 3335 2170 3397 Ταῦτα
2232 3327 2358 3398 οὖν

346 3417 788 3568 ῗὲῗῖτῖέκίῗ
816 3417 2359 3594 ἔῖῗγέἕῖξέξ5ῗὲἳῖοιἙπῖεύῖξὲοἶιῖἓκῗεῖμᾞξ
2384 3535 2440 3578 ‚⁶
