2642 3923
260 636 295 684 3

331 209 460 274 268
970 208 1030 262 M
1078 209 1298 263 TULLI
1334 206 1711 264 CICERONIS

328 353 448 416 nis.
538 351 915 437 PraestabO,
982 352 1039 417 si
1101 350 1435 417 Caesarem
1497 351 1659 416 bene
1716 351 1898 437 novi,
1966 373 2112 416 eum
2169 350 2354 435 prius
2465 403 2474 408 .

331 446 480 506 tuae
542 440 881 525 dignitatis
942 461 1135 525 quam
1204 461 1356 505 suae
1423 439 1730 504 utilitatis
1797 441 2112 505 rationem
2174 438 2356 504 habi-

332 533 567 594 turum.

465 616 641 681 Haec
699 637 892 700 quam
959 617 1307 700 prudenter
1374 615 1498 679 tibi
1567 614 1869 702 scribam,
1928 615 2178 700 nescio,
2241 615 2353 680 sed

333 705 493 769 illud
538 708 707 769 certe
753 705 916 787 sci0‚
959 726 1060 769 me
1108 704 1189 769 ab
1237 702 1552 789 singulari
1600 725 1813 768 amore
1858 724 1931 768 ac
1975 702 2353 769 benevolen·
2410 727 2440 768 s

331 793 445 879 tia,
489 813 925 877 quaecumque
973 792 1206 877 scribo,
1249 792 1374 856 tibi
1422 790 1717 876 scribere,
1762 791 1934 876 quod
1978 796 2044 857 te
2090 789 2215 878 (ita
2258 791 2354 855 in-

334 846 572 946 cofumi
620 878 888 945 Caesare
931 844 1237 966 moriarl’)
1282 881 1453 944 tanti
1496 879 1690 966 faci0‚
1748 884 1823 944 ut
1868 901 2105 963 paucos
2152 900 2352 963 aeque

333 990 406 1034 ac
448 973 515 1035 te
560 990 741 1033 caros
793 967 1082 1033 habeam.
1173 967 1272 1033 De
1324 968 1446 1032 hac
1498 989 1569 1032 re
1624 989 1769 1032 cum
1829 967 2074 1052 aliquid
2118 968 2354 1032 consti-

332 1059 563 1143 tueris,
636 1056 828 1121 velim
899 1055 1061 1120 mihi
1137 1055 1397 1121 scribas,
1498 1053 1668 1120 Nam
1738 1077 1875 1120 non
1945 1055 2354 1121 mediocriter

332 1145 575 1230 laboro,
621 1145 905 1231 utrique,
948 1149 1023 1209 ut
1067 1144 1196 1230 vie,
1241 1148 1422 1208 tuam
1468 1143 1981 1208 benevolentiam
2026 1148 2354 1226 praestare
2383 1168 2439 1210 10

330 1234 561 1320 poesie,
605 1254 799 1317 quam
842 1232 1204 1298 mehercule
1250 1237 1316 1296 te
1363 1235 1839 1316 praestaturum
1883 1231 2149 1296 confido.
2225 1229 2355 1297 Fac

330 1323 560 1387 valeas.

1309 1494 1378 1561 C.

790 1617 904 1673 Ser.
941 1618 1007 1671 in
1041 1618 1236 1672 initere
1264 1617 1440 1687 paulo
1478 1622 1605 1673 ante
1641 1634 1720 1687 ep.
1762 1621 1797 1671 7
1809 1617 1878 1671 Β.

774 1739 1056 1796 CAESAR
1093 1739 1325 1809 OPPIO,
1363 1737 1726 1795 CORNELIO
1766 1739 1914 1795 SAL.
2385 1750 2440 1792 16

465 1848 724 1915 Gaudeo
789 1849 1149 1913 mehercule
1212 1870 1329 1913 vos
1395 1848 1757 1933 significare
1820 1847 2089 1933 litteris,
2161 1868 2355 1932 quam

330 1938 513 2004 valde
571 1937 857 2021 probetis
916 1959 1017 2021 ea,
1080 1958 1243 2022 quae
1301 1937 1471 2020 apud
1531 1934 1887 2002 Corfinium
1945 1941 2097 2002 sunt
2152 1940 2353 2025 gesta.

333 2026 618 2092 Consilio
665 2030 881 2091 vestro
935 2032 1084 2091 utar
1137 2025 1436 2090 lubenter
1491 2031 1555 2090 et
1600 2026 1724 2091 hoc
1768 2025 2127 2110 lubentius,
2181 2025 2355 2109 quod

332 2138 472 2180 mea
518 2118 748 2198 sponte
795 2114 1003 2179 facere
1047 2114 1535 2199 constitueram,
1592 2118 1668 2178 ut
1713 2135 1908 2198 quam
1953 2113 2355 2186 lenissimum

329 2226 431 2268 me
477 2203 845 2287 praeberem
890 2206 956 2267 et
998 2201 1380 2285 Pompeium
1439 2201 1655 2266 darem
1701 2223 1960 2286 operam
2017 2204 2093 2265 ut
2137 2222 2354 2265 recon-
2381 2226 2440 2266 πο

331 2291 629 2356 ciliarem.
720 2277 1153 2376 Temptemus‚
1193 2290 1320 2354 hoc
1362 2289 1555 2354 modo
1603 2290 1660 2354 si
1696 2290 2018 2373 possimus
2065 2289 2355 2354 omnium

331 2380 697 2444 voluntates
741 2399 1112 2461 recuperare
1167 2383 1232 2442 et
1290 2377 1595 2442 diuturna
1638 2378 1909 2442 victoria
1964 2376 2092 2462 uti,
2157 2398 2355 2461 quon·

330 2468 461 2532 iam
518 2466 753 2550 reliqui
798 2465 1174 2531 crudelitate
1227 2465 1446 2530 odium
1493 2466 1773 2550 effugere
1824 2487 1959 2530 non
2002 2468 2356 2549 potuerunt

331 2576 538 2639 neque
582 2553 917 2619 victoriam
971 2553 1215 2618 diutius
1269 2558 1488 2619 tenere
1543 2558 1798 2637 praeter
1851 2575 2051 2618 unum
2095 2551 2167 2618 L.
2215 2552 2355 2618 Sul-

331 2644 481 2728 lam,
526 2664 716 2727 quem
760 2642 1131 2706 imitaturus
1176 2663 1308 2706 non
1355 2663 1513 2706 sum.
1604 2640 1780 2707 Haec
1838 2662 2008 2707 nova
2053 2641 2140 2706 sit
2184 2641 2353 2705 ratio
2382 2665 2440 2707 25

332 2731 641 2814 vincendi,
686 2734 761 2795 ut
796 2729 1233 2796 misericordia
1269 2733 1336 2793 et
1377 2729 1764 2795 liberalitate
1807 2750 1928 2794 nos
1974 2729 2354 2794 muniamus.

332 2819 409 2884 Id
454 2840 644 2903 quem
690 2818 771 2883 ad
813 2817 1078 2883 modum
1112 2818 1253 2882 fieri
1288 2818 1519 2902 possit,
1559 2839 1695 2883 non
1727 2817 1910 2882 nulla
1943 2817 2035 2882 mi
2070 2817 2141 2882 in
2183 2838 2357 2881 men-

334 2913 467 2973 tem
511 2907 797 2992 veniunt‚
841 2910 906 2971 et
950 2905 1156 2971 multa
1189 2906 1458 2990 reperiri
1503 2911 1792 2989 possunt.
1865 2904 1964 2970 De
2009 2904 2113 2970 his
2161 2904 2355 2970 rebus

333 3016 495 3081 rogo
545 3017 660 3060 vos
706 2998 782 3059 ut
826 2994 1287 3081 cogitationem
1335 2994 1718 3078 suscipiatis.

466 3081 548 3148 N.
593 3082 901 3184 Magium,
945 3081 1213 3166 Pompei
1257 3082 1678 3168 praefectum,
1731 3080 2132 3165 deprehendi.
2225 3076 2357 3145 Sci·
2383 3106 2443 3147 ao

333 3173 488 3237 licet
531 3192 674 3235 meo
721 3170 1025 3236 instituto
1072 3192 1228 3235 usus
1282 3192 1427 3236 sum
1488 3174 1554 3235 et
1608 3192 1754 3234 eum
1809 3170 2032 3235 statim
2085 3169 2358 3233 missum

334 3260 471 3324 feci.
561 3256 700 3324 Iam
745 3258 873 3323 duo
918 3259 1225 3343 praefecti
1269 3258 1527 3323 fabrum
1569 3256 1837 3341 Pompei
1881 3258 1953 3322 in
1995 3278 2203 3322 meam
2247 3277 2357 3340 po-

334 3350 636 3411 testatem
671 3350 985 3411 venerunt
1022 3351 1086 3411 et
1133 3367 1172 3409 a
1210 3366 1313 3411 me
1348 3346 1534 3411 missi
1581 3350 1749 3411 sunt.
1826 3345 1895 3411 Si
1933 3344 2151 3410 volent
2187 3343 2358 3430 grati

336 3454 502 3517 esse,
545 3432 868 3498 debebunt
911 3432 1290 3517 Pompeium
1332 3434 1607 3519 hortari,
1661 3439 1735 3499 ut
1779 3434 1967 3499 malit
2010 3432 2173 3497 mihi
2220 3453 2357 3497 esse

335 3520 578 3584 amicus
627 3542 819 3603 quam
864 3521 974 3604 fle,
1034 3521 1145 3604 qui
1204 3527 1271 3586 et
1329 3523 1428 3586 illi
1485 3528 1551 3587 et
1593 3522 1756 3587 mihi
1803 3543 2051 3606 semper
2096 3522 2359 3585 fuerunt
2385 3548 2444 3588 35
