2642 3923
354 202 484 267 508
992 204 1065 257 M.
1105 203 1317 259 TULLI
1354 204 1732 259 CICERONIS

355 347 539 412 δειον
582 347 745 411 illud
788 369 921 411 non
967 348 1222 412 abstuli
1298 347 1482 423 Quod
1517 370 1619 412 me
1656 348 1938 413 hortaris
1975 349 2051 412 ad
2092 350 2384 415 scriben-

355 434 523 520 dum,
569 435 767 500 amice
811 439 886 500 tu
932 436 1208 522 quidem,
1253 436 1363 500 sed
1406 458 1510 500 me
1546 437 1708 500 scito
1746 458 1934 521 agere
1971 437 2137 502 nihil
2175 439 2380 504 aliud.

355 521 646 588 Gravedo
693 528 805 587 tua
850 523 1011 587 mihi
1056 525 1329 588 molesta
1373 528 1487 589 est.
1570 523 1835 607 Quaeso,
1881 524 2127 611 adhibe,
2176 549 2383 609 quam

357 612 523 675 soles
570 612 984 696 diligentiam.
1053 610 1130 676 ‘O
1177 612 1343 675 Tite’
1391 612 1516 676 tibi
1551 613 1853 695 prodesse
1888 613 2109 678 laetor
2175 615 2379 680 ‘Ana-

355 700 557 784 gnini'
605 704 754 763 sunt
800 699 1081 765 Mustela
1123 699 1471 785 ταξιάρχης
1514 705 1578 765 et
1623 699 1811 788 Laco,
1856 702 1966 784 qui
2012 702 2376 785 plurimum
2435 732 2468 771 5

356 788 537 851 bibit.
629 787 913 871 Librum,
960 810 1148 872 quem
1193 809 1405 874 rogas,
1447 789 1802 873 perpoliam
1848 794 1911 853 et
1956 791 2230 854 mittam.

487 875 660 940 Haec
713 875 751 916 ’¹‘
787 875 825 916 ’¹‘
862 876 899 917 '¹‘
954 877 1033 940 ad
1085 877 1521 960 posteriorem.
1614 877 1741 941 ‘Ta
1792 876 1942 962 περὶ
1994 888 2116 943 τοῦ
2164 882 2377 962 καθή-

353 988 585 1040 κοντος
611 1014 629 1047 ,
694 970 1009 1049 quatenus
1067 964 1440 1049 Panaetius,
1498 965 1748 1028 absolvi
1811 965 2076 1030 duobus
2176 965 2374 1030 Illius

352 1056 484 1117 tres
541 1058 718 1137 sunt3
783 1054 921 1139 sed,
972 1075 1116 1117 cum
1175 1053 1363 1117 initio
1421 1053 1742 1117 divisisset
1786 1054 1906 1139 ita,
1960 1054 2086 1117 tria
2130 1075 2375 1138 genera

354 1141 728 1224 exquirendi
775 1141 967 1205 officii
1015 1163 1180 1226 esse,
1233 1164 1453 1226 unum,
1497 1162 1641 1205 cum
1686 1141 2128 1227 deliberemus,
2171 1142 2374 1206 hone·
2407 1173 2468 1211 ιο

353 1233 526 1293 stum
572 1252 654 1293 an
698 1234 886 1312 turpe
934 1229 1047 1313 sit,
1105 1229 1399 1315 alterum,
1453 1230 1610 1293 utile
1656 1251 1739 1293 an
1783 1230 2033 1314 inutile,
2078 1232 2374 1316 tertium,

350 1338 494 1381 cum
539 1317 695 1381 haec
739 1318 908 1381 inter
952 1339 1020 1381 se
1064 1338 1349 1402 pugnare
1395 1318 1748 1401 videantur,
1793 1339 1920 1400 quo
1966 1319 2155 1383 modo
2202 1320 2374 1383 iudi-

350 1406 622 1469 candum
666 1406 769 1490 sit,
815 1405 1024 1488 qualis
1062 1427 1253 1469 causa
1286 1405 1541 1490 Reguli,
1587 1406 1791 1469 redire
1827 1406 2188 1492 honestum,
2234 1430 2371 1471 ma-

351 1515 498 1557 nere
551 1493 738 1578 utile,
797 1494 873 1557 de
927 1494 1177 1558 duobus
1231 1493 1457 1576 primis
1517 1494 1838 1577 praeclare
1892 1494 2225 1580 disseruit,
2289 1495 2370 1559 de

350 1582 544 1645 tertio
599 1581 941 1665 pollicetur
989 1604 1056 1646 se
1102 1582 1417 1667 deincepS,
1464 1582 1572 1646 sed
1615 1582 1781 1646 nihil
1825 1582 2099 1665 scripsit.
2189 1582 2364 1646 Eum
2401 1610 2456 1650 ιε

353 1670 560 1733 locum
604 1668 986 1734 Posidonius
1040 1675 1411 1753 persecutus
1469 1676 1570 1735 est.
1661 1669 1807 1756 Ego
1854 1676 2068 1735 autem
2112 1674 2178 1734 et
2224 1672 2368 1735 eius

353 1757 590 1822 librum
645 1758 946 1822 accersivi
1002 1763 1065 1823 et
1119 1759 1200 1823 ad
1252 1758 1742 1823 Athenodorum
1787 1755 2058 1822 Calvum
2114 1759 2368 1842 scripsi,

350 1850 423 1910 ut
468 1847 547 1910 ad
597 1868 699 1910 me
734 1850 815 1912 τὰ
850 1848 1173 1931 κεφάλαια
1208 1848 1526 1932 mitteret3
1572 1868 1735 1930 quae
1772 1851 2085 1931 exspecto.
2161 1846 2370 1922 Quem

354 1935 541 1999 velim
597 1935 930 2000 cohortere
985 1939 1048 1999 et
1104 1956 1320 2021 roges,
1385 1939 1460 2000 ut
1519 1957 1711 2019 quam
1766 1935 2060 2019 primum.
2153 1933 2231 2000 In
2287 1957 2363 2000 eo

351 2028 448 2088 est
500 2022 652 2108 περὶ
705 2034 825 2089 τοῦ
877 2026 1041 2089 κατὰ
1098 2029 1486 2109 περίστασιν
1538 2026 1963 2107 καθήκοντος.
2057 2022 2240 2099 Quod
2285 2025 2365 2088 de
2395 2052 2453 2090 20

351 2112 765 2197 inscriptione
818 2113 1101 2196 quaeriS,
1153 2133 1284 2176 non
1344 2113 1600 2196 dubito,
1654 2112 1810 2196 quin
1855 2119 2157 2195 καθῆκον
2203 2113 2366 2176 ‘offi-

349 2200 539 2264 cium'
597 2202 710 2285 sit,
771 2201 899 2264 nisi
955 2200 1109 2284 quid
1163 2205 1238 2264 tu
1291 2201 1493 2285 aliud3
1558 2200 1667 2263 sed
1721 2201 2056 2283 inscriptio
2113 2200 2367 2283 plenior

348 2289 447 2352 ‘de
493 2288 764 2352 officiis.'
856 2294 1253 2373 Προσφωνῶ
1300 2293 1513 2353 autem
1562 2287 1856 2352 Ciceroni
1901 2289 2054 2353 filio.
2128 2288 2363 2353 Visum

348 2382 445 2441 est
489 2399 617 2441 non
665 2378 1012 2442 ἀνοίκειον.

478 2464 576 2529 De
620 2464 887 2548 Myrtilo
952 2465 1240 2529 dilucide.
1334 2462 1388 2528 Ο
1454 2466 1674 2548 quales
1732 2468 1807 2529 tu
1863 2485 2113 2548 semper
2167 2465 2367 2529 istos!
2397 2493 2452 2531 25

347 2551 569 2618 Itane?
624 2554 693 2617 in
737 2552 814 2618 D.
862 2553 1177 2617 Brutum?
1234 2550 1320 2616 Di
1366 2553 1539 2617 istis!
1629 2553 1774 2637 Ego
1821 2574 1942 2639 me,
1986 2556 2060 2616 ut
2099 2553 2370 2636 scripse-

346 2664 483 2705 ram
498 2695 515 2727 ,
585 2641 654 2706 in
729 2640 1190 2726 Pompeianum
1260 2662 1394 2704 non
1462 2641 1677 2705 abdidi
1743 2641 1950 2724 primo
2019 2645 2369 2725 tempesta-

345 2730 549 2811 tibus,
611 2730 844 2814 quibus
897 2730 992 2793 nil
1048 2729 1345 2809 taetrius3
1411 2729 1635 2794 deinde
1680 2730 1761 2793 ab
1809 2727 2160 2793 Octaviano
2208 2730 2371 2793 coti-

346 2818 445 2881 die
492 2819 763 2903 litterae,
808 2822 882 2881 ut
926 2817 1259 2900 negotium
1297 2818 1700 2902 susciperem,
1747 2815 2033 2901 Capuam
2058 2817 2371 2900 venirem,

345 2907 579 2970 iterum
626 2929 761 2971 rem
806 2907 1128 2989 publicam
1167 2927 1505 2988 servarem,
1549 2904 1823 2970 Romam
1860 2906 2086 2989 utique
2121 2906 2346 2969 statim
2399 2933 2455 2972 ω

452 3029 813 3095 (Αἴδεσθεν
856 3026 979 3114 μὲν
1025 3029 1423 3111 ἀνήνασθαι,
1469 3029 1698 3095 δεῖσαν
1742 3027 1800 3094 δ’
1846 3027 2261 3111 ὑποδέχθαι.’

346 3169 408 3235 Is
463 3174 676 3237 tamen
733 3171 868 3255 egit
922 3192 1072 3234 sane
1129 3174 1392 3233 strenue
1447 3172 1511 3233 et
1566 3170 1717 3254 agit.
1810 3169 2082 3233 Romam
2148 3169 2364 3233 veniet

345 3281 488 3322 cum
543 3281 739 3322 manu
792 3280 1054 3343 magna,
1110 3258 1221 3322 sed
1275 3262 1375 3321 est
1428 3257 1616 3340 plane
1670 3279 1843 3341 puer.
1935 3256 2130 3321 Putat
2187 3279 2364 3322 sena-

342 3350 483 3410 tum
545 3346 783 3410 statim.
877 3346 1032 3422 Quis
1096 3346 1352 3410 veniet?
1436 3343 1505 3410 Si
1559 3346 1832 3431 venerit,
1895 3345 2040 3430 quis
2099 3346 2364 3409 incertis

344 3434 535 3497 rebus
601 3433 877 3498 offendet
937 3434 1338 3498 Antonium?
1419 3433 1561 3498 Kal.
1608 3434 1862 3498 Iunuar.
1910 3433 2032 3498 erit
2087 3433 2364 3498 fortasse
2395 3460 2450 3501 ³5

342 3521 681 3605 praesidio,
719 3526 832 3586 aut
870 3523 1127 3606 quidem
1167 3527 1315 3586 ante
1346 3522 1838 3608 depugnabitur.
1909 3521 2117 3586 Puero
2156 3522 2364 3586 muni-
