2642 3923
648 203 1159 259 EPISTULARUM
1196 205 1295 258 AD
1333 204 1658 261 ATTIOUM
1695 205 1747 259 H
1787 213 1832 273 1,
1872 211 1920 259 2.
2209 205 2297 270 43

407 345 729 412 Favonius
774 369 982 412 meam
1018 348 1264 413 tribum
1301 347 1457 413 tulit
1495 348 1827 414 honestius
1864 370 2058 434 quam
2098 371 2298 434 suam,
2337 367 2367 413 9

274 432 505 501 Luccei
557 436 852 519 perdidit.
926 436 1271 501 Accusavit
1315 436 1622 502 Nasicam
1666 437 2004 502 inhoneste
2048 459 2122 503 ac
2167 459 2299 502 mo·

276 524 453 589 deste
517 528 745 589 tamen.
857 524 1041 589 Dixit
1104 525 1222 609 ita,
1296 529 1370 589 ut
1433 524 1649 591 Rhodi
1712 526 2035 591 videretur
2107 526 2298 591 molis

274 612 495 696 potius
542 634 735 696 quam
780 612 1027 677 Moloni
1075 634 1335 697 operam
1382 614 1648 679 dedisse.
1740 613 1932 698 Mihi,
1980 615 2153 698 quod
2199 615 2299 679 de-

219 725 248 767 ⁶
273 700 637 785 fendissem,
673 701 900 765 leviter
937 702 1311 766 suscensuit.
1388 699 1578 767 Nunc
1613 707 1830 766 tamen
1865 702 2028 786 petit
2064 704 2299 767 iterum

275 789 370 853 rei
423 788 716 873 publicae
771 811 975 854 causa.
1078 788 1385 854 Lucceius
1443 790 1599 874 quid
1654 794 1829 877 agat,
1890 791 2166 855 scribam
2221 790 2300 856 ad

274 880 368 961 te,
430 899 576 942 cum
638 875 971 942 Caesarem
1036 878 1283 963 videro,
1348 879 1458 962 qui
1526 879 1730 943 aderit
1793 879 2007 944 biduo.
2114 877 2300 956 Quod
2324 896 2387 944 10

277 963 562 1049 Sicyonii
617 970 684 1030 te
736 967 1025 1049 laedunt,
1082 964 1313 1031 Catoni
1370 970 1435 1031 et
1490 967 1626 1031 eius
1682 967 2061 1032 aemulatori
2117 968 2300 1032 attri-

276 1055 424 1119 buis
455 1052 741 1119 Servilio.
812 1016 1025 1130 Quid‘P'
1069 1075 1142 1119 ea
1187 1055 1380 1141 plaga
1421 1076 1636 1120 nonne
1681 1055 1762 1120 ad
1807 1056 2047 1121 multos
2094 1056 2299 1121 bonos

194 1168 249 1208 ιο
276 1143 450 1208 viros
496 1143 818 1227 pertinet?
911 1140 1063 1225 Sed,
1118 1143 1174 1206 si
1218 1143 1311 1207 ita
1357 1143 1615 1228 placuit,
1663 1144 2019 1229 laudemus,
2076 1144 2301 1210 deinde

276 1230 348 1296 in
393 1230 889 1295 discessionibus
937 1232 1060 1296 soli
1104 1232 1585 1315 relinquamur?

409 1318 756 1384 Amalthea
799 1341 940 1384 mea
983 1325 1051 1383 te
1097 1324 1423 1404 exspectat
1471 1325 1535 1385 et
1579 1321 1826 1406 indiget
1871 1321 1985 1385 tui.
2059 1319 2299 1385 Tuscu-
2322 1340 2380 1386 11

275 1408 495 1472 lanum
544 1412 609 1471 et
653 1406 1113 1492 Pompeianum
1159 1409 1343 1472 valde
1396 1430 1500 1472 me
1546 1409 1889 1492 delectant,
1941 1409 2071 1473 nisi
2126 1410 2298 1493 quod

277 1517 399 1580 me,
442 1497 628 1560 illum
673 1497 884 1580 ipsum
922 1496 1235 1561 vindicem
1273 1497 1439 1567 aeris
1476 1497 1685 1582 alieni,
1731 1518 1876 1562 aere
1910 1519 2042 1562 non
2079 1494 2300 1562 Corin·

197 1610 250 1650 ιε
278 1585 439 1668 thio,
484 1584 596 1648 sed
638 1583 762 1649 hoc
807 1585 1307 1650 circumforaneo
1356 1586 1726 1650 obruerunt.
1801 1585 1877 1651 In
1916 1584 2127 1650 Gallia
2163 1606 2299 1669 spe·

277 1694 495 1737 ramus
542 1693 680 1737 esse
724 1673 945 1737 otium.
1037 1672 1458 1758 Prognostica
1503 1695 1645 1738 mea
1690 1696 1835 1738 cum
1879 1675 2297 1739 oratiunculis

277 1782 478 1846 prope
524 1761 692 1825 diem
729 1766 1023 1845 exspecta
1060 1766 1124 1826 et
1158 1766 1393 1846 tamen,
1440 1762 1596 1846 quid
1634 1762 1877 1847 cogites
1915 1762 1993 1827 de
2022 1764 2297 1827 adventu

277 1853 421 1935 tuo,
485 1849 692 1914 scribe
754 1850 834 1913 ad
896 1871 1031 1914 nos.
1141 1847 1311 1913 Nam
1375 1850 1533 1913 mihi
1596 1849 1951 1934 Pomponia
2012 1851 2297 1915 nuntiari

277 1937 470 2003 iussit
505 1941 572 2003 te
613 1959 828 2003 mense
866 1936 1138 2014 Quintili
1174 1937 1418 2003 Romae
1454 1939 1607 2004 fore.
1680 1936 1755 2003 Id
1793 1963 1829 2002 a
1867 1940 1996 2003 tuis
2042 1938 2297 2025 litteris,

196 2053 252 2093 ao
282 2049 440 2112 quas
487 2028 569 2092 ad
614 2048 716 2092 me
761 2027 837 2091 de
884 2048 1076 2091 censu
1122 2033 1236 2092 tuo
1284 2028 1569 2114 miseras,
1616 2028 2030 2111 discrepabat.

411 2114 663 2199 Paetus,
708 2121 782 2179 ut
827 2120 1014 2181 antea
1059 2116 1139 2181 ad
1184 2120 1248 2180 te
1295 2116 1548 2200 scripsi,
1596 2137 1813 2180 omnes
1860 2116 2091 2202 libros,
2135 2137 2298 2200 quos
2323 2136 2385 2182 1⁶2

280 2205 480 2269 frater
517 2225 670 2268 suus
708 2204 1093 2289 reliquisset,
1128 2204 1286 2268 mihi
1319 2204 1595 2268 donavit.
1671 2203 1814 2269 Hoc
1852 2204 2027 2269 illius
2065 2226 2299 2269 munus

279 2294 351 2357 in
392 2296 506 2357 tua
551 2292 885 2378 diligentia
932 2293 1214 2375 positum
1263 2297 1376 2357 est.
1470 2290 1538 2357 Si
1585 2314 1687 2357 me
1732 2314 1937 2379 amas,
1989 2314 2166 2377 cura,
2226 2297 2300 2358 ut

279 2384 735 2446 conserventur
799 2385 862 2444 et
927 2381 1007 2444 ad
1071 2403 1172 2444 me
1234 2382 1662 2466 perferantur3
1727 2380 1851 2446 hoc
1913 2381 2073 2444 mihi
2137 2380 2301 2447 nihil

197 2496 252 2535 ὀ
283 2473 497 2553 potest
543 2489 682 2533 esse
735 2469 1000 2553 gratius.
1091 2468 1180 2533 Et
1236 2490 1380 2533 cum
1428 2468 1702 2535 Graecos
1757 2474 1898 2534 tum
1954 2491 2104 2534 vero
2162 2470 2300 2534 dili-

281 2562 506 2644 genter
560 2556 827 2622 Latinos
892 2561 966 2621 ut
1019 2578 1355 2623 conserves
1412 2557 1618 2622 velim.
1720 2558 1929 2622 Tuum
1987 2578 2125 2622 esse
2177 2558 2302 2624 hoc

280 2645 731 2710 munusculum
777 2645 1038 2729 putabo.
1111 2644 1216 2710 Ad
1252 2644 1591 2710 Octavium
1639 2646 1782 2711 dedi
1826 2647 2109 2731 litteras3
2154 2668 2299 2711 cum

282 2736 421 2819 ipso
466 2732 631 2798 nihil
678 2755 850 2797 eram
897 2733 1179 2818 locutus;
1232 2755 1441 2817 neque
1496 2736 1664 2799 enim
1712 2736 1837 2800 ista
1881 2739 1995 2799 tua
2040 2736 2301 2820 negotia

279 2822 698 2907 provincialia
761 2843 900 2886 esse
962 2823 1271 2924 putabam
1339 2844 1544 2906 neque
1598 2828 1662 2887 te
1714 2824 1782 2887 in
1837 2824 2300 2888 tocullionibus

198 2937 254 2976 so
281 2910 616 2976 habebam.
708 2907 837 2975 Sed
882 2910 1129 2996 scripsi,
1174 2914 1249 2975 ut
1295 2910 1504 2994 debui,
1552 2911 1909 2998 diligenter.

1252 3085 1335 3151 Π.

527 3207 641 3263 Ser.
679 3208 755 3262 ad
791 3208 978 3261 villam
1016 3226 1084 3261 m.
1125 3208 1276 3273 Dec„
1312 3215 1376 3262 ut
1410 3209 1641 3274 videtur,
1678 3225 1728 3262 α.
1770 3212 1879 3263 694
1909 3212 2049 3275 (60).

917 3329 1171 3387 CICERO
1210 3329 1473 3385 ATTICO
1515 3330 1662 3385 SAL.

412 3437 599 3523 Cura,
644 3439 873 3506 amabo
909 3445 993 3523 te,
1041 3438 1411 3506 Ciceronem
1447 3443 1758 3505 nostrum.
1849 3437 1933 3504 Ei
1979 3461 2098 3504 nos
2146 3457 2303 3505 συν·
2344 3461 2363 3502 1

200 3551 251 3595 ιε
284 3539 506 3594 νοσεῖν
549 3527 854 3592 videmur.
948 3533 1388 3612 Πελληναίων
1432 3529 1501 3593 111
1548 3529 1843 3592 manibus
1890 3527 2185 3591 tenebam
2235 3531 2300 3590 et
2339 3545 2368 3590 2
