2642 3923
547 170 1059 226 EPISTULARUM
1097 171 1195 226 AD
1230 171 1556 227 ATTICUM
1589 172 1718 226 VIII
1757 171 2008 227 11B—D.
2152 170 2281 236 239

263 336 386 380 nos
430 315 744 399 conferas,
789 320 863 380 ut
908 316 1232 381 communi
1277 315 1548 382 consilio
1587 300 1688 381 ⁴rei
1732 314 2030 400 publicae
2076 314 2284 380 adflic-

266 407 371 468 tae
417 425 603 487 opem
648 407 840 488 atque
885 403 1194 469 auxilium
1240 404 1536 470 feramus.
1629 403 1888 490 Censeo,
1932 405 2035 469 via
2071 402 2286 488 Appia

265 492 391 557 iter
435 491 630 557 facias
677 496 742 556 et
787 491 1076 558 celeriter
1120 492 1539 558 Brundisium
1582 493 1817 558 venias.

1244 668 1320 734 D.

211 799 240 842 ο
631 789 745 845 Ser.
784 789 1030 845 Formiis
1065 790 1178 844 ΙΙΙ
1207 790 1283 845 Κ.
1323 790 1500 846 Man.
1538 808 1589 845 a.
1632 794 1740 846 705
1780 794 1917 858 (49).

506 911 581 967 M.
620 911 877 969 CICERO
917 913 1066 968 ΙΜΡ.
1105 912 1160 970 S.
1196 913 1263 968 D.
1302 912 1415 969 CN.
1453 911 1716 969 MAGNO
1755 911 2029 968 PROCOS

403 1017 567 1086 Cum
612 1021 691 1086 ad
734 1025 801 1086 te
842 1021 1095 1086 litteras
1132 1020 1472 1105 misissem,
1518 1043 1681 1107 quae
1716 1022 1840 1086 tibi
1879 1020 2116 1087 Canusi
2151 1021 2284 1085 red-

270 1109 441 1175 ditae
486 1114 655 1193 sunt,
701 1110 1126 1193 suspicionem
1171 1110 1418 1174 nullam
1460 1109 1776 1174 habebam
1820 1114 1887 1175 te
1940 1110 2034 1174 rei
2079 1109 2285 1193 publi—

271 1200 380 1263 cae
424 1219 614 1263 causa
670 1219 844 1262 mare
902 1198 1330 1262 transiturum
1393 1220 1691 1282 eramque
1752 1198 1823 1263 in
1882 1219 1995 1282 spe
2053 1218 2286 1299 magna

191 1311 244 1352 ιο
270 1286 408 1351 fore
453 1289 527 1351 ut
572 1285 642 1350 in
674 1283 866 1350 Italia
908 1306 1242 1370 possemus
1287 1290 1401 1350 aut
1436 1286 1843 1353 concordiam
1877 1286 2286 1372 constituere,

272 1396 400 1459 qua
443 1373 604 1438 mihi
656 1374 823 1438 nihil
874 1374 1110 1453 ⁴utilius
1170 1373 1533 1459 videbatur,
1594 1379 1707 1440 aut
1767 1396 1904 1440 rem
1962 1374 2285 1459 publicam

272 1484 520 1527 summa
554 1483 700 1527 cum
736 1462 1050 1548 dignitate
1086 1463 1436 1528 defendere.
1500 1461 1770 1527 Interim
1804 1463 2089 1529 nondum
2124 1463 2285 1527 meis

270 1550 510 1616 litteris
555 1550 636 1615 ad
680 1554 745 1615 te
788 1550 1054 1634 perlatis
1100 1572 1177 1616 ex
1222 1550 1304 1623 iis
1351 1551 1690 1636 mandatis,
1734 1573 1897 1636 quae
1941 1550 2019 1617 D.
2066 1549 2283 1616 Laelio

273 1639 353 1704 ad
397 1639 689 1704 consules
735 1638 1015 1722 dederas,
1061 1638 1297 1704 certior
1333 1640 1433 1704 tui
1469 1639 1721 1705 consilii
1756 1638 1965 1705 factus
2008 1661 2141 1704 non
2184 1661 2287 1704 ex-

192 1752 245 1794 16
274 1727 584 1813 spectavi,
647 1726 800 1792 dum
862 1726 1024 1792 mihi
1086 1749 1123 1791 a
1184 1731 1251 1791 te
1312 1726 1570 1792 litterae
1632 1727 2070 1813 redderentur,
2142 1749 2285 1792 con·

273 1815 615 1899 festimque
668 1836 814 1880 cum
868 1813 1105 1891 Quinto
1171 1815 1370 1880 fratre
1435 1819 1500 1881 et
1552 1837 1697 1880 cum
1758 1815 1979 1882 liberis
2043 1815 2284 1880 nostris

273 1905 397 1970 iter
461 1904 541 1969 ad
601 1907 668 1969 te
729 1903 799 1968 in
850 1902 955 1988 Ap
957 1903 1154 1968 uliam
1216 1904 1423 1969 facere
1485 1904 1680 1988 coepi.
1781 1902 1945 1969 Cum
2002 1903 2285 1970 Teanum

276 1992 628 2058 Sidicinum
670 1993 1005 2077 venissem,
1051 1990 1119 2058 C.
1164 1991 1471 2078 Messius,
1513 1992 1847 2057 familiaris
1893 1996 2074 2078 tuus,
2126 1992 2284 2057 mihi

274 2081 439 2147 dixit
484 2081 721 2183 aliique
765 2081 1124 2165 complures
1170 2078 1507 2146 Caesarem
1551 2081 1676 2146 iter
1718 2080 1955 2146 habere
2000 2044 2285 2165 Capuam

195 2194 248 2236 zo
275 2172 341 2234 et
384 2191 459 2234 eo
513 2169 655 2253 ipso
703 2168 804 2233 die
859 2190 1231 2234 mansurum
1287 2191 1421 2233 esse
1466 2168 1828 2234 Aeserniae.
1921 2166 2087 2234 Sane
2143 2191 2285 2233 sum

275 2262 661 2344 commotus,
719 2256 917 2343 quod,
975 2258 1031 2331 si
1074 2258 1167 2322 ita
1213 2262 1409 2339 esset,
1469 2279 1604 2322 non
1655 2257 1845 2323 modo
1903 2257 2028 2322 iter
2073 2279 2286 2322 meum

274 2345 720 2431 interclusum,
770 2345 879 2411 sed
924 2366 1027 2411 me
1070 2345 1284 2430 ipsum
1337 2346 1528 2429 plane
1573 2349 1908 2430 exceptum
1961 2345 2284 2429 putabam.

274 2434 501 2519 Itaque
570 2438 712 2498 tum
774 2431 957 2498 Cales
1020 2435 1327 2519 processi,
1391 2438 1466 2498 ut
1519 2433 1613 2499 ibi
1667 2433 2079 2518 potissimum
2141 2454 2286 2499 con-

278 2523 595 2609 sisterem,
646 2522 800 2586 dum
844 2525 1089 2586 certum
1128 2522 1319 2587 nobis
1368 2520 1449 2586 ab
1486 2520 1796 2588 Aesernia
1843 2522 1919 2586 de
1965 2544 2067 2608 e0,
2115 2522 2286 2607 quod

196 2635 250 2677 ιε
277 2610 619 2695 audieram,
662 2610 1019 2675 referretur.

406 2697 499 2763 At
543 2697 728 2782 mihi,
786 2718 933 2763 cum
977 2696 1240 2764 Calibus
1287 2719 1518 2783 essem,
1582 2698 1867 2763 adfertur
1918 2698 2284 2763 litterarum

275 2791 534 2851 tuarum
595 2787 980 2871 exemplum,
1043 2807 1203 2871 quas
1265 2791 1342 2851 tu
1405 2787 1485 2851 ad
1549 2785 1894 2851 Lentulum
1958 2786 2282 2851 consulem

276 2873 579 2939 misisses.
671 2874 810 2939 Hae
873 2874 1148 2959 scriptae
1213 2874 1304 2939 sic
1367 2877 1574 2960 erant,
1637 2875 1890 2939 litteras
1948 2873 2072 2939 tibi
2131 2897 2168 2939 a
2212 2873 2280 2938 L.

276 2960 566 3027 Domitio
612 2986 664 3027 a.
704 2963 759 3027 d
799 2980 925 3027 1111
958 2961 1100 3027 Kal.
1138 2961 1407 3027 Martias
1453 2962 1679 3027 allatas
1728 2984 1865 3028 esse
1910 2959 2284 3049 (earumque

196 3077 252 3119 so
279 3051 639 3152 exemplum
672 3049 1195 3137 subscripseras);
1229 3051 1573 3136 magnique
1609 3051 1915 3116 interesse
1950 3050 2045 3115 rei
2079 3051 2284 3152 publi-

277 3161 386 3205 cae
430 3139 774 3222 scripseras
821 3161 1038 3205 omnes
1084 3138 1300 3222 copias
1347 3138 1557 3223 primo
1595 3160 1851 3224 quoque
1894 3143 2181 3222 tempore
2217 3138 2285 3203 in

276 3249 478 3293 unum
500 3228 714 3292 locum
740 3227 1093 3311 convenire,
1130 3232 1194 3291 et
1229 3230 1323 3314 ut,
1357 3227 1675 3312 praesidio
1707 3227 1877 3312 quod
1905 3226 2064 3291 satis
2101 3231 2289 3312 esset,

277 3314 533 3399 Capuae
576 3315 979 3401 relinqueret.
1069 3279 1193 3381 llis
1249 3336 1369 3401 ego
1423 3314 1661 3381 litteris
1713 3315 1897 3380 lectis
1953 3315 2023 3379 in
2071 3314 2286 3380 eadem

194 3518 250 3562 2.
276 3403 1422 3559 ἓὲῗὲἲὲωῗὲθῖἓεῗῗέἓὶξῃωωῗε
1429 3407 1555 3575 (1ῗο
1567 3403 2048 3579 ‘fflm‘zff
2056 3422 2288 3553 ‹3²3ssss

1355 3543 1370 3577 7
