2642 3923
665 205 1181 261 EPISTULARUM
1217 205 1314 262 AD
1354 206 1680 262 ATTICUM
1715 207 1792 261 IX
1828 212 1879 277 6,
1917 213 1964 263 6.
2190 207 2317 273 261

1255 401 1367 468 VI.

706 504 818 562 Ser.
852 504 1096 560 Formiis
1143 506 1195 561 V
1223 507 1311 561 Id.
1342 506 1515 561 Mart.
1548 524 1598 561 a.
1631 511 1736 561 705
1779 510 1914 576 (49).

905 610 1195 666 CICERO
1230 611 1524 667 ATTICO
1559 611 1724 667 SAL.

430 700 570 767 Nos
616 702 821 766 adhuc
866 700 1210 766 Brundisio
1256 701 1437 766 nihil.
1522 701 1731 767 Roma
1776 703 2033 787 scripsit
2077 702 2320 767 Balbus
2357 719 2386 770 1

247 817 272 857 5
299 791 516 875 putari
569 792 699 854 iam
744 789 1091 854 Lentulum
1144 791 1472 855 consulem
1526 792 1883 855 tramisisse
1929 813 2046 856 nec
2089 813 2236 855 eum
2282 814 2320 856 a

300 879 546 943 minore
582 877 787 942 Balbo
835 882 1237 962 conventum,
1284 878 1455 962 quod
1500 879 1557 943 is
1603 879 1726 944 hoc
1771 880 1901 944 iam
1937 877 2175 944 Canusi
2212 901 2319 943 au-

300 968 526 1053 disset3
596 967 743 1031 inde
806 966 884 1030 ad
949 988 1016 1030 se
1070 989 1213 1031 eum
1280 967 1633 1051 scripsisse3
1706 968 2128 1051 cohortesque
2190 989 2320 1052 sex,

302 1076 466 1140 quae
508 1054 715 1120 Albae
758 1055 1051 1138 fuissent,
1097 1054 1175 1118 ad
1214 1053 1482 1119 Curium
1527 1057 1631 1120 via
1666 1055 1949 1121 Minucia
1983 1056 2317 1140 transisse3

300 1144 365 1208 id
412 1142 747 1208 Caesarem
807 1142 886 1207 ad
941 1164 1008 1206 se
1062 1143 1420 1228 scripsisse,
1474 1148 1540 1209 et
1592 1144 1772 1209 brevi
1828 1149 2115 1228 tempore
2172 1165 2319 1208 eum

221 1259 275 1299 ιο
303 1232 384 1297 ad
427 1232 654 1298 urbem
699 1232 1008 1296 futurum.
1078 1230 1258 1316 Ergo
1305 1236 1454 1296 utar
1498 1236 1612 1296 tuo
1659 1233 1927 1296 consilio
1973 1254 2181 1315 neque
2216 1253 2318 1296 me

299 1319 620 1404 Arpinum
670 1319 797 1384 hoc
848 1324 1137 1403 tempore
1190 1320 1419 1384 abdam
1438 1371 1456 1404 ,
1509 1321 1652 1403 etsi,
1697 1319 1987 1385 Ciceroni
2035 1342 2176 1385 meo
2222 1325 2318 1385 to-

301 1429 451 1493 gam
515 1430 744 1491 puram
813 1429 1009 1491 quom
1075 1408 1224 1472 dare
1285 1407 1520 1492 Arpini
1591 1409 1844 1493 vellem,
1913 1408 2079 1472 hanc
2146 1431 2320 1473 eram

301 1497 509 1580 ipsam
563 1496 1038 1561 excusationem
1082 1495 1423 1560 relicturus
1470 1496 1548 1560 ad
1594 1495 1946 1562 Caesarem.
2024 1496 2148 1562 Sed
2193 1498 2321 1561 for·

300 1589 475 1649 tasse
534 1585 606 1648 in
659 1605 733 1649 eo
789 1583 931 1668 ipso
994 1584 1375 1669 offendetur,
1435 1606 1548 1649 cur
1600 1606 1733 1650 non
1784 1584 2028 1650 Romae
2083 1586 2318 1669 potius,
2382 1590 2402 1611 ⁶

223 1699 273 1739 ιε
301 1672 397 1737 Ac
441 1676 676 1755 tamen,
722 1672 780 1736 si
825 1676 924 1737 est
968 1673 1455 1758 conveniendus,
1498 1672 1604 1737 hic
1648 1673 2074 1757 potissimum.
2156 1672 2322 1738 Tum

301 1762 550 1844 reliqua
594 1760 970 1847 videbimus,
1014 1760 1079 1824 id
1125 1765 1225 1826 est
1270 1765 1336 1825 et
1381 1782 1508 1844 quo
1559 1765 1624 1825 et
1670 1783 1797 1845 qua
1842 1766 1907 1826 et
1954 1761 2222 1845 quand0.

435 1847 787 1933 Domitius,
842 1854 916 1914 ut
961 1849 1182 1935 audi0,
1233 1849 1303 1913 in
1350 1847 1602 1914 Cosano
1647 1854 1747 1913 est
1793 1854 1857 1913 et
1903 1850 2192 1935 quidem,
2244 1854 2319 1914 ut
2358 1867 2390 1915 2

303 1938 514 2024 aiunt,
567 1942 831 2022 paratus
879 1937 956 2002 ad
1001 1937 1464 2024 navigandum,
1523 1937 1578 2002 si
1623 1938 1693 2002 in
1737 1934 2145 2024 Hispaniam,
2189 1960 2322 2004 non

302 2026 529 2111 probo,
567 2027 623 2091 si
662 2026 740 2090 ad
779 2024 1085 2112 Gnaeum,
1128 2026 1350 2109 laud03
1388 2027 1617 2110 quovis
1655 2027 1874 2111 potius
1912 2032 2099 2109 certe,
2129 2049 2322 2111 quam

222 2143 277 2182 πο
303 2120 377 2180 ut
423 2113 720 2180 Curtium
775 2114 1017 2200 videat,
1072 2137 1257 2198 quem
1314 2135 1434 2199 ego
1489 2120 1799 2199 patronus
1857 2116 2136 2198 aspicere
2189 2137 2321 2180 non

302 2225 585 2287 possum.
659 2201 824 2277 Quid
871 2203 1076 2267 alios?
1151 2202 1293 2288 Sed,
1340 2204 1586 2287 opinor,
1633 2203 2051 2287 quiescamuS,
2095 2225 2177 2268 ne
2209 2225 2321 2268 no-

304 2296 505 2356 stram
550 2291 803 2375 culpam
839 2311 1276 2375 coarguamus,
1325 2291 1454 2376 qui,
1500 2291 1652 2355 dum
1689 2291 1933 2378 urbem,
1977 2291 2043 2355 id
2081 2296 2180 2356 est
2218 2314 2323 2376 pa-

303 2380 511 2458 triam,
559 2401 846 2443 amamus
887 2379 1164 2462 dumque
1197 2401 1331 2443 rem
1371 2385 1826 2444 conventuram
1861 2384 2184 2464 putamus,
2229 2381 2325 2445 ita

301 2490 423 2534 nos
469 2467 803 2553 gessimuS,
844 2471 920 2532 ut
966 2467 1153 2551 plane
1196 2468 1530 2532 interclusi
1575 2468 1874 2552 captique
1920 2468 2135 2532 simus.

218 2583 275 2623 25
438 2553 692 2639 Scripta-
751 2555 881 2619 iam
943 2555 1219 2638 epistula
1283 2554 1503 2640 Capua
1565 2556 1819 2621 litterae
1884 2562 2036 2620 sunt
2093 2556 2323 2620 allatae
2360 2574 2393 2622 3

305 2645 426 2709 hoc
469 2643 784 2728 exemplo:
858 2642 1282 2727 ‘Pompeius
1339 2665 1539 2708 mare
1586 2645 1915 2710 transiit
1960 2666 2127 2709 cum
2176 2666 2322 2709 om-

303 2733 530 2797 nibus
587 2731 1003 2816 militibus,
1063 2754 1250 2815 quos
1312 2753 1560 2797 secum
1613 2732 1903 2797 habuit.
1995 2732 2140 2797 Hic
2193 2755 2323 2797 nu-

305 2842 552 2884 merus
608 2824 724 2884 est
767 2819 1154 2885 hominum
1200 2820 1419 2885 milia
1464 2821 1798 2906 triginta
1841 2826 1915 2885 et
1962 2821 2323 2886 consules

305 2908 447 2972 duo
512 2913 584 2972 et
648 2908 949 2972 tribuni
1012 2908 1103 2992 pl.
1170 2913 1243 2972 et
1306 2914 1737 2993 senatores,
1811 2910 1940 2992 qui
2003 2909 2324 2973 fuerunt

224 3018 474 3064 :iocum
519 3017 630 3081 eo,
685 3018 937 3061 omnes
992 3018 1153 3061 cum
1209 2996 1580 3061 uxoribus
1628 3001 1702 3061 et
1745 2997 2041 3061 liberis
2135 2996 2325 3062 Con·

307 3084 694 3149 scendisse
747 3084 1035 3149 dicitur
1088 3107 1140 3149 a.
1189 3085 1245 3148 d.
1293 3103 1398 3149 1111
1452 3084 1710 3150 Nonas
1767 3084 2110 3150 Martias.
2212 3085 2324 3149 Ex

305 3194 389 3238 ea
442 3173 561 3237 die
605 3173 814 3238 fuere
862 3174 1454 3257 septemtriones
1501 3174 1730 3239 venti.
1823 3172 2105 3260 Naves,
2161 3175 2326 3259 qui-

303 3261 442 3325 bus
506 3282 688 3326 usus
751 3282 901 3326 non
964 3266 1107 3346 est,
1172 3283 1426 3326 omnes
1480 3267 1611 3326 aut
1663 3262 2137 3345 praecidisse
2198 3267 2327 3326 aut

304 3350 736 3415 incendisse
783 3349 1085 3414 dicunt?

218 3464 274 3505 35
434 3436 532 3503 De
585 3437 704 3502 hac
759 3460 827 3502 re
883 3438 1137 3503 litterae
1182 3436 1250 3502 L.
1291 3436 1559 3503 Metello
1606 3438 1870 3502 tribuno
1917 3437 2001 3521 pl.
2041 3434 2327 3520 Capuam

303 3526 537 3592 allatae
581 3531 733 3591 sunt
780 3549 818 3590 a
866 3524 1088 3591 Clodia
1135 3548 1343 3610 socru,
1392 3548 1555 3610 quae
1599 3527 1741 3610 ipsa
1784 3525 2062 3589 transiit.
2154 3523 2328 3588 Ante
2363 3542 2400 3593 4
