2642 3923
330 185 415 248 70
974 184 1047 238 M.
1087 184 1300 239 TULLI
1336 182 1714 239 CICERONIS

461 328 559 394 De
602 350 673 394 re
716 328 973 413 publica
1015 327 1182 393 nihil
1225 328 1431 393 habeo
1471 328 1552 392 ad
1587 332 1653 393 te
1689 326 1965 392 scribere
2008 327 2137 391 nisi
2183 347 2352 390 sum—

328 440 505 482 mum
570 417 790 482 odium
854 417 1143 482 omnium
1203 415 1540 483 hominum
1601 415 1669 480 in
1734 437 1869 498 608,
1944 415 2055 499 qui
2127 418 2350 478 tenent

330 506 559 572 omnia.
634 504 1015 570 Mutationis
1060 508 1279 569 tamen
1314 527 1460 588 spes
1496 505 1691 568 nulla.
1767 502 1910 586 Sed,
1957 501 2128 586 quod
2162 502 2349 567 facile

329 595 588 680 86111168,
631 594 845 658 taedet
889 593 1102 677 ipsum
1144 591 1522 677 Pompeium
1557 591 2092 676 vehementerque
2135 590 2348 674 paeni·

329 687 438 747 tet.
513 681 666 747 Non
701 681 1004 766 provideo
1052 682 1229 767 satie,
1275 702 1466 765 quem
1502 680 1746 746 exitum
1771 680 2065 744 futurum
2101 684 2349 766 putem3
2403 705 2429 746 5

332 771 442 837 sed
487 776 658 836 certe
702 770 1001 834 videntur
1045 735 1229 834 haec
1247 770 1466 852 aliquo
1514 773 1834 853 eruptura.

462 859 694 924 Libros
731 857 1099 941 Alexandri,
1143 857 1542 942 neglegentis
1588 857 1871 922 hominis
1909 859 1974 921 et
2015 877 2148 921 non
2193 856 2348 921 boni

330 952 573 1031 poetae,
619 947 730 1011 sed
764 950 981 1011 tamen
1016 967 1147 1011 non
1182 945 1453 1048 inutilis,
1499 945 1622 1010 tibi
1658 945 1893 1010 remisi.
1966 941 2347 1009 Numerium

329 1033 738 1100 Numestium
796 1034 1072 1099 libenter
1129 1033 1341 1118 accepi
1401 1034 1470 1098 in
1515 1033 1862 1097 amicitiam
1905 1036 1970 1097 et
2021 1031 2349 1097 hominem

329 1144 602 1225 gravem·
642 1127 707 1188 et
759 1122 1139 1207 prudentem
1198 1126 1264 1187 et
1319 1122 1586 1207 dignum
1639 1125 1753 1187 tua
1797 1121 2347 1186 commendatione
2376 1149 2431 1187 ιο

335 1213 624 1298 cognovi.

1219 1385 1456 1451 XXIII.

648 1508 761 1564 Ser.
800 1507 1007 1563 Romae
1042 1514 1169 1563 ante
1206 1508 1330 1562 XV
1361 1508 1436 1562 K.
1469 1508 1610 1562 Nov.
1650 1527 1701 1563 a.
1740 1511 1853 1564 695
1890 1510 2029 1577 (59).

966 1629 1222 1686 CICERO
1260 1629 1523 1686 ATTICO
1561 1630 1709 1686 SAL.

461 1741 831 1825 Numquam
877 1744 1026 1805 ante
1071 1740 1352 1805 arbitror
1391 1744 1457 1804 te
1496 1740 1836 1824 epistulam
1872 1762 2078 1805 meam
2113 1740 2350 1825 legisse
2378 1766 2431 1807 15

331 1830 458 1896 nisi
521 1852 663 1894 mea
724 1851 918 1893 manu
981 1828 1302 1912 scriptam.
1409 1827 1513 1892 Ex
1579 1850 1652 1893 60
1718 1827 2020 1913 colligere
2089 1829 2351 1912 poteris,

335 1924 574 2004 quanta
620 1918 1034 2002 occupatione
1078 1917 1403 1982 distinear.
1496 1914 1690 2001 Nam,
1750 1937 1893 1982 cum
1953 1917 2135 1982 vacui
2196 1921 2352 1982 tem·

333 2009 509 2093 poris
554 2007 720 2072 nihil
762 2006 1090 2091 haberem,
1135 2011 1200 2070 et
1245 2028 1390 2071 cum
1433 2005 1810 2071 recreandae
1853 2007 2116 2071 voculae
2163 2028 2353 2071 causa

332 2118 589 2163 11606886
648 2100 818 2161 68861
875 2094 1035 2159 1111111
1095 2094 1450 2177 ambulare,
1508 2093 1665 2159 haec
1710 2094 1944 2159 dictavi
1998 2094 2350 2159 ambulans.

333 2185 620 2249 Primum
678 2184 881 2269 igitur
946 2182 1109 2247 illud
1167 2187 1234 2247 te
1300 2183 1464 2247 scire
1521 2183 1696 2266 v010,
1760 2180 2352 2267 Sampsiceramum,
2381 2211 2434 2249 20

334 2278 631 2338 nostrum
658 2271 949 2354 amicum,
984 2270 1391 2336 vehementer
1428 2271 1530 2334 sui
1566 2274 1775 2335 8161118
1811 2272 2134 2355 paenitere
2170 2272 2353 2337 resti-

335 2362 560 2445 tuique
603 2361 673 2424 in
715 2381 860 2424 eum
903 2359 1117 2424 locum
1163 2380 1408 2443 cupere,
1455 2381 1531 2424 ex
1577 2380 1706 2443 quo
1744 2358 1997 2442 decidit,
2044 2359 2353 2424 dolorem-

335 2471 458 2533 que
495 2471 681 2515 suum
709 2447 1040 2532 impertire
1064 2447 1255 2512 nobis
1285 2452 1350 2512 et
1377 2447 1757 2512 medicinam
1783 2447 2106 2512 interdum
2134 2452 2354 2533 aperte

335 2559 660 2623 quaerere,
720 2558 913 2621 quam
969 2556 1087 2620 ego
1144 2557 1410 2619 possum
1463 2536 1748 2600 invenire
1791 2536 2063 2621 nullam3
2128 2536 2354 2602 deinde

335 2647 554 2692 omnes
592 2625 769 2690 illius
815 2624 1018 2708 partis
1065 2629 1358 2688 auctores
1396 2646 1470 2689 60
1516 2624 1724 2688 800108
1767 2624 1950 2688 1111Πο
1988 2624 2350 2689 adversario
2380 2651 2431 2692 25

335 2735 799 2799 consenescere,
843 2713 1325 2779 consensionem
1371 2713 1814 2776 universorum
1846 2733 1966 2778 1160
2000 2712 2354 2777 voluntatis

335 2825 452 2868 nec
498 2801 808 2867 sermonis
854 2801 1161 2866 maiorem
1204 2806 1511 2884 umquam
1555 2801 1768 2865 fuisse.

467 2889 607 2955 Nos
644 2895 859 2955 autem
895 2886 1073 2976 (nam
1109 2889 1175 2952 id
1223 2893 1290 2953 16
1337 2888 1498 2953 80116
1547 2909 1777 2972 cupere
1815 2893 1991 2954 certo
2038 2887 2200 2976 scio)
2242 2913 2356 2974 pu-

336 2979 522 3045 blicis
576 2978 862 3044 consiliis
915 2978 1113 3043 nullis
1158 2978 1551 3042 intersumus
1606 2980 1909 3061 totosque
1961 2997 2081 3041 nos
2138 2978 2216 3042 ad
2261 2978 2355 3042 fo-

334 3089 585 3133 rensem
631 3089 889 3151 operam
934 3066 1348 3149 laboremque
1385 3064 1791 3129 contulimus,
1846 3064 1949 3129 Ex
1988 3087 2134 3150 quo,
2181 3067 2354 3149 quod
2382 3094 2435 3133 ao

335 3155 522 3220 facile
556 3155 848 3240 intellegi
883 3155 1109 3239 possit,
1153 3154 1221 3217 in
1262 3153 1468 3218 multa
1497 3152 2101 3218 commemoratione
2136 3176 2355 3219 earum

334 3267 575 3329 rerum,
639 3265 798 3327 quas
865 3243 1208 3327 gessimus,
1276 3241 1714 3325 desiderioque
1776 3263 2121 3307 versamur.
2232 3240 2356 3306 Sed

335 3333 668 3416 βοώπιὸος
712 3334 972 3395 11081166
1017 3330 1530 3416 consanguineus
1576 3351 1709 3394 non
1761 3331 2109 3396 mediocres
2154 3333 2356 3396 terro·

336 3440 436 3483 res
483 3420 637 3484 iacit
684 3423 877 3503 atque
914 3417 1250 3483 denuntiat
1286 3423 1354 3482 et
1391 3416 1895 3502 Sampsiceramo
1940 3423 2153 3505 negat,
2196 3422 2356 3484 cete·

335 3506 426 3570 ris
486 3528 639 3589 prae
702 3527 769 3571 se
827 3506 951 3570 fert
1011 3510 1075 3570 et
1130 3510 1433 3572 ostentat.
1524 3505 1727 3582 Quam
1788 3508 1870 3573 ob
1924 3530 2089 3594 rem,
2147 3508 2203 3572 si
2254 3530 2357 3573 1116
2384 3536 2435 3576 35
