2642 3923
589 209 1101 265 EPISTULARUM
1138 211 1238 264 AD
1276 212 1601 267 ATTICUM
1638 212 1766 267 XIV
1806 221 1856 282 9,
1896 221 1977 269 10.
2158 216 2287 278 441

1245 443 1325 510 X.

555 564 667 620 Ser.
706 567 769 619 in
806 566 1111 620 Puteolano
1147 566 1321 619 XIII
1352 566 1426 619 K.
1458 564 1604 620 Mai.
1630 583 1681 621 a.
1713 570 1822 621 710
1861 569 1996 634 (44).

874 688 1161 743 CICERO
1195 689 1486 744 ATTICO
1522 689 1686 744 SAL.

403 795 584 861 Itane
645 798 841 861 vero‘?
914 795 1036 861 hoc
1097 820 1276 862 meus
1343 801 1407 862 et
1469 802 1622 861 tuus
1686 797 1929 861 Brutus
1993 798 2153 883 egit,
2217 801 2355 864 uti

218 909 243 951 5
270 883 519 948 Lanuvi
577 890 774 970 esset,
835 889 909 949 ut
962 885 1320 950 Trebonius
1378 886 1718 949 itineribus
1779 887 1978 950 deviis
2041 886 2290 969 profici—

271 976 552 1037 sceretur
596 973 665 1037 in
708 973 1126 1059 provinciam,
1173 979 1245 1038 ut
1300 974 1518 1038 omnia
1562 975 1750 1058 facta,
1796 975 2055 1059 scripta,
2102 974 2290 1060 dicta,

270 1062 602 1144 promissa,
646 1062 929 1146 cogitata
967 1061 1252 1126 Caesaris
1290 1064 1435 1146 plus
1471 1062 1774 1147 valerent,
1820 1085 2006 1146 quam
2060 1062 2115 1126 si
2151 1062 2289 1145 ipse

267 1150 559 1214 viveret?
632 1149 1068 1214 Meministine
1103 1172 1200 1216 me
1235 1150 1506 1215 clamare
1544 1150 1658 1214 illo
1686 1151 1828 1234 ipso
1867 1152 2074 1234 primo
2105 1149 2290 1234 Capi-

269 1238 475 1302 tolino
524 1239 624 1302 die
670 1243 961 1303 senatum
998 1240 1070 1303 in
1105 1237 1499 1322 Capitolium
1545 1261 1583 1303 a
1625 1240 2031 1323 praetoribus
2074 1239 2290 1303 vocari

190 1352 242 1393 10
270 1326 519 1391 debere?
618 1324 703 1390 Di
771 1327 1194 1409 immortales,
1267 1350 1428 1411 quae
1496 1332 1636 1391 tum
1698 1348 1892 1410 opera
1948 1327 2116 1391 effici
2179 1349 2290 1411 po—

268 1418 531 1479 tuerunt
590 1415 980 1479 laetantibus
1037 1415 1336 1479 omnibus
1390 1416 1607 1501 bonis,
1669 1416 1862 1479 etiam
1919 1419 2020 1479 sat
2082 1415 2290 1501 bonis,

268 1503 490 1567 fractis
526 1502 914 1567 latronibus!
979 1502 1303 1567 Liberalia
1330 1507 1404 1567 tu
1433 1525 1703 1568 accusas.
1778 1503 1945 1579 Quid
1972 1504 2111 1568 fieri
2148 1508 2289 1567 tum

268 1591 528 1674 potuit?
592 1591 720 1654 iam
765 1591 1012 1674 pridem
1057 1592 1463 1675 perieramus.
1555 1592 1994 1656 Meministine
2047 1596 2113 1656 te
2168 1592 2289 1656 cla-

268 1700 444 1742 mare
489 1700 745 1742 causam
790 1680 1058 1763 perisse,
1113 1679 1169 1742 si
1213 1680 1434 1743 funere
1488 1681 1695 1744 elatus
1751 1681 1960 1744 esset?
2041 1681 2133 1744 At
2177 1680 2288 1744 ille

190 1790 241 1833 1⁵
268 1767 464 1831 etiam
509 1767 577 1829 in
621 1766 763 1831 foro
802 1768 1172 1831 combustus
1217 1768 1642 1851 laudatusque
1678 1768 2132 1832 miserabiliter
2163 1790 2289 1832 ser-

267 1855 457 1938 vique
504 1858 569 1918 et
614 1859 872 1939 egentes
918 1855 987 1919 in
1031 1859 1203 1919 tecta
1245 1860 1469 1919 nostra
1516 1877 1660 1920 cum
1704 1856 1952 1920 facibus
1997 1857 2286 1921 immissi.

269 1941 443 2019 Quae
479 1943 748 2008 deinde?
784 1948 858 2008 ut
896 1943 1171 2008 audeant
1207 1943 1437 2010 dicere:
1495 1943 1697 2009 ‘Tune
1734 1948 1958 2010 contra
1995 1942 2287 2010 Caesaris

266 2037 497 2096 nutum
508 2032 566 2096 ‘3'
620 2031 796 2096 Haec
840 2037 907 2096 et
953 2033 1079 2097 alia
1112 2033 1278 2097 ferre
1312 2055 1446 2097 non
1480 2053 1761 2118 possum.
1852 2032 2079 2118 Itaque
2129 2035 2288 2118 εγῆν

266 2123 395 2205 πρὸ
443 2118 584 2204 γῆς’
636 2121 879 2204 cogit03
922 2124 1037 2184 tua
1082 2125 1299 2185 tamen
1345 2121 1722 2205 ὑπηνέμιος.

189 2236 240 2275 20
402 2207 659 2273 Nausea
704 2209 915 2272 iamne
967 2210 1157 2292 plane
1203 2210 1408 2273 abiit?
1498 2209 1660 2274 Mihi
1716 2209 1972 2294 quidem
2028 2232 2106 2273 ex
2150 2211 2284 2275 tuis
2323 2229 2354 2275 2

267 2298 503 2362 litteris
551 2296 937 2361 coniectanti
980 2298 1075 2361 ita
1119 2298 1471 2363 videbatur.
1562 2297 1776 2362 Redeo
1825 2299 1904 2362 ad
1949 2298 2287 2384 Tebassos,

269 2386 537 2450 Scaevas
551 2437 568 2469 ,
632 2384 1018 2470 Frangones.
1111 2385 1250 2450 Hos
1314 2390 1389 2451 tu
1453 2386 1780 2451 existimas
1847 2386 2161 2451 confidere
2217 2409 2287 2453 se

267 2475 379 2537 illa
414 2474 753 2538 habituros
800 2475 1124 2538 stantibus
1158 2475 1392 2539 nobis?
1465 2475 1534 2538 in
1565 2475 1800 2559 quibus
1837 2475 1984 2558 plus
2022 2475 2284 2539 virtutis

266 2566 594 2647 putarunt,
641 2583 834 2645 quam
880 2562 1128 2646 experti
1173 2566 1342 2627 sunt.
1431 2563 1615 2627 Pacis
1660 2564 1772 2627 isti
1829 2564 2072 2627 scilicet
2119 2585 2286 2628 ama—

186 2676 238 2717 25
267 2656 439 2715 tores
486 2655 551 2714 et
594 2670 728 2714 non
769 2650 1094 2714 latrocinii
1139 2656 1449 2715 auctores.
1520 2651 1611 2715 At
1658 2672 1777 2736 ego
1787 2702 1804 2735 ,
1850 2674 1994 2716 cum
2040 2653 2165 2715 tibi
2210 2653 2286 2717 de

268 2737 542 2803 Curtilio
609 2739 836 2822 scripsi
892 2737 1370 2822 Sextilianoque
1424 2740 1652 2825 fund0‚
1716 2739 1942 2823 scripsi
1997 2740 2073 2804 de
2130 2739 2285 2805 Cen·

267 2827 503 2911 sorino,
550 2826 626 2889 de
670 2826 991 2911 Messalla,
1034 2827 1110 2891 de
1148 2826 1404 2913 Planc0,
1447 2827 1524 2891 de
1559 2827 1888 2910 Postum0‚
1933 2828 2010 2892 de
2055 2849 2285 2913 genere

266 2920 425 2979 toto.
489 2915 723 2978 Melius
759 2916 885 2979 fuit
922 2916 1163 2997 perisse
1199 2915 1312 2979 illo
1352 2916 1709 3001 interfecto,
1736 2917 1909 3000 quod
1934 2937 2284 3000 numquam

268 3003 617 3085 accidisset,
665 3025 856 3087 quam
900 3003 1057 3067 haec
1100 3004 1330 3068 videre.

184 3118 239 3159 so
401 3090 704 3155 Octavius
739 3091 1081 3175 Neapolim
1106 3092 1285 3155 venit
1320 3109 1475 3156 me
1510 3091 1653 3157 Kal.
1724 3091 1826 3157 Ibi
1864 3115 2009 3157 eum
2045 3093 2285 3158 Balbus
2321 3111 2353 3158 3

265 3202 450 3245 mane
472 3179 782 3264 postridie
806 3179 1150 3264 eodemque
1173 3180 1273 3244 die
1296 3202 1544 3244 mecum
1563 3181 1633 3244 in
1652 3179 1957 3264 Cumano,
1977 3181 2161 3245 illum
2180 3182 2284 3246 he-

265 3269 601 3333 reditatem
637 3268 976 3333 aditurum.
1050 3267 1192 3353 Sed,
1226 3272 1300 3332 ut
1330 3269 1573 3354 scribis,
1612 3269 1958 3354 ριξόθεμιν
1984 3291 2284 3354 magnam

265 3380 409 3422 cum
436 3356 741 3421 Antonio.
806 3355 1152 3420 Buthrotia
1186 3357 1349 3420 mihi
1377 3361 1489 3421 tua
1525 3379 1626 3420 res
1656 3363 1772 3442 est,
1801 3362 1876 3422 ut
1903 3357 2108 3441 debet,
2137 3358 2285 3421 erit-

266 3469 389 3531 que
417 3467 620 3510 curae.
704 3443 887 3519 Quod
916 3446 1185 3528 quaeriS,
1220 3445 1432 3508 iamne
1469 3445 1548 3508 ad
1582 3451 1846 3510 centena
1883 3442 2284 3529 Cluvianum,

132 3614 139 3621 ‚
184 3561 237 3602 ⁸5
266 3536 606 3599 adventare
634 3533 900 3597 videtur.
950 3530 1207 3597 Scilicet
1232 3533 1442 3612 primo
1472 3554 1638 3596 amlo
1668 3539 1860 3596 nxxx
1887 3532 2281 3597 detersimus.
