2642 3923
262 159 396 213 VIII
901 157 1324 213 ADNOTATIO
1364 156 1647 212 CRITIGA

270 315 382 352 non
425 306 520 354 est
564 298 651 351 Fr.
692 298 948 352 Schmidt
990 315 1174 369 progr.
1212 298 1468 352 Norimb.
1509 304 1645 353 1879
1682 317 1734 368 p.
1770 305 1861 366 15,
1910 299 2063 366 quod
2097 299 2284 369 ipsum

270 385 391 423 esse
426 368 485 422 in
522 368 581 423 M
610 367 783 424 Orelli
819 372 1087 437 testatur3
1123 369 1272 438 inde,
1311 372 1379 422 ut
1410 369 1647 435 videtur,
1683 369 1897 438 Tyrrell
1937 388 2050 424 non
2085 378 2192 424 est.
2224 410 2236 422 .
2268 413 2280 426 .

271 439 411 495 coni.
474 456 589 493 non
643 441 849 495 bonus
894 448 971 495 est
1015 441 1158 494 Boot
1203 442 1261 493 et
1306 441 1581 509 corruptis
1627 441 2054 508 insequentibus
2099 441 2282 494 verbis

269 510 378 564 ita:
435 512 637 579 quiviS,
682 515 777 580 qai
812 512 1015 565 Mnem.
1049 516 1184 564 1892
1222 529 1276 581 p.
1310 517 1411 564 113
1450 528 1529 578 sq.
1550 554 1562 578 ,
1617 528 1731 565 ‘non
1766 519 1841 566 est
1875 513 2006 566 usai
2038 510 2283 580 Tyrre113

270 580 465 634 malim
489 598 602 635 novi
627 583 783 637 utilis
809 589 898 636 est.
919 614 989 623 —
1018 588 1049 635 5
1080 583 1524 652 oppuynandam
1551 581 1822 649 Lambin.,
1861 582 2019 650 Boot,
2048 580 2278 651 Tyrrell.

274 651 557 706 ‘Graecos’
607 668 736 705 non
777 653 1121 706 ‘constanter
1154 652 1275 721 τὴν
1303 655 1565 707 Σικυῶνα
1604 654 1850 706 vocasse’
1891 653 2090 707 docere
2125 656 2281 722 pote-

270 725 360 776 rat
394 722 552 776 Neue
584 723 1018 777 ‘Formenlehre’
1059 723 1085 776 I
1110 741 1163 792 p.
1187 729 1303 776 657.
1336 753 1405 763 -
1436 729 1503 776 10
1531 723 1673 778 Sunt
1709 731 1888 778 autem
1914 731 2099 779 actae
2126 723 2282 777 Koch

269 810 452 863 progr.
492 793 740 847 PortenS.
782 800 919 848 1868
956 813 1009 864 p.
1042 799 1124 848 18.
1163 825 1232 834 —
1270 800 1337 846 22
1355 811 1435 862 sq.
1467 810 1661 862 prave,
1697 801 1957 849 tantam
1994 794 2097 862 (sic
2132 793 2279 863 vulg.

271 866 425 928 vett.)
471 866 755 919 cavillator
798 864 825 894 ¹⁸
843 882 1031 936 genere
1067 863 1330 918 Wesenb.
1366 866 1500 934 (eav.
1540 866 1604 919 de
1639 882 1826 935 ι(φεψιεψε
1862 865 2123 934 Ernesti),
2162 865 2282 918 sine

271 937 435 989 aster.
483 934 698 1000 Baiter,
744 935 978 1004 Tyrrell.
1059 934 1143 988 De
1196 951 1313 989 voc.
1360 942 1574 989 tamen
1618 953 1664 989 V.
1713 935 2001 989 Lehmann
2053 936 2123 989 de
2170 932 2279 988 Cic.

272 1020 356 1074 ep.
387 1004 461 1059 ad
497 1005 613 1059 Att.
643 1024 695 1075 p.
731 1012 831 1059 193
850 1024 950 1074 sq.,
989 1005 1063 1059 ad
1098 1005 1229 1060 fam.
1270 1024 1323 1076 p.
1359 1011 1439 1059 12.
1472 1010 1554 1073 28,
1591 1003 1747 1061 Verr.
1776 1025 1830 1076 p.
1862 1011 1981 1061 386.
2012 1012 2097 1074 24,
2133 1005 2282 1059 infra

273 1076 346 1129 ad
381 1094 435 1146 p.
469 1081 551 1130 20.
584 1082 675 1145 15,
731 1083 814 1130 43.
850 1083 939 1145 17,
998 1082 1081 1130 66.
1113 1082 1207 1143 23,
1266 1081 1351 1130 92.
1383 1081 1476 1143 27,
1532 1081 1615 1130 98.
1647 1083 1697 1144 5,
1756 1083 1873 1130 145.
1905 1082 1989 1145 35,
2046 1082 2165 1130 279.
2195 1082 2280 1142 20,

273 1152 391 1200 300.
413 1152 497 1214 34,
536 1152 656 1201 353.
678 1151 728 1210 8,
767 1152 995 1215 360.19,
1035 1152 1261 1213 366.18‚
1300 1150 1528 1214 394.18,
1559 1152 1776 1214 399.11,
1808 1153 2032 1215 437.17,
2062 1153 2280 1213 45227,

270 1221 397 1271 454.
421 1222 506 1284 28,
544 1223 664 1271 497.
697 1224 746 1272 9.
801 1217 885 1271 De
920 1235 1154 1286 yenere
1190 1217 1264 1270 ad
1290 1215 1447 1270 Verr.
1479 1234 1532 1286 p.
1562 1223 1682 1271 439.
1704 1224 1790 1285 32,
1827 1218 1957 1272 fam.
1979 1217 2108 1271 VHI
2136 1227 2165 1271 3
2197 1233 2278 1271 ex.

271 1320 340 1329 --
378 1294 444 1342 25
482 1289 554 1342 in
578 1305 637 1341 re
655 1305 713 1357 p.
734 1287 836 1356 Μ’,
877 1287 993 1356 0111,
1030 1287 1188 1342 Koch
1214 1304 1397 1359 progr.
1431 1287 1576 1342 Port.
1602 1293 1737 1342 1868
1774 1306 1827 1357 p.
1852 1294 1934 1356 18,
1962 1288 2141 1342 multo
2167 1304 2281 1342 me-

271 1357 381 1412 lius
418 1361 476 1412 et
509 1358 698 1412 nescio
736 1374 809 1412 an
845 1375 971 1412 vere
999 1376 1122 1413 cam
1139 1359 1347 1428 populo
1374 1357 1574 1413 Muret.
1603 1391 1673 1400 —
1701 1365 1766 1412 27
1804 1360 2047 1441 [speres]
2073 1359 2280 1428 Baiter,

273 1447 398 1483 cum
427 1444 588 1483 cruce
608 1428 890 1497 Wesenb.,
921 1428 1028 1483 del.
1049 1429 1207 1483 Boot.
1245 1429 1336 1482 Ad.
1363 1428 1494 1484 fam.
1515 1447 1568 1499 p.
1593 1435 1710 1483 196.
1734 1436 1781 1493 2,
1809 1430 1959 1483 infra
1985 1449 2035 1500 p.
2061 1436 2175 1484 174.
2198 1435 2279 1496 16,

274 1506 391 1555 239.
413 1506 498 1554 31.
517 1531 588 1541 -
617 1506 684 1554 29
698 1517 778 1568 sq.
811 1504 970 1568 (non)
1002 1501 1183 1554 leviter
1214 1532 1273 1539 —
1306 1541 1324 1566 ,
1343 1507 1401 1554 et
1434 1516 1615 1554 vereor
1634 1499 2023 1571 Peerlkampio
2053 1503 2281 1554 auctore

272 1570 427 1624 Boot.
459 1601 530 1612 -
555 1576 622 1624 36
662 1588 898 1642 aayares
932 1571 1019 1624 Fr.
1050 1569 1306 1624 Schmidt
1340 1586 1524 1640 progr.
1553 1570 1906 1641 Norimberg.
1938 1577 2073 1624 1879
2110 1588 2163 1640 p.
2197 1577 2280 1639 15,

271 1643 509 1712 viryines
544 1640 703 1695 codd.
732 1644 961 1712 propter
995 1659 1042 1694 v.
1073 1646 1139 1695 33
1179 1640 1274 1710 (ad
1309 1659 1362 1709 p.
1393 1648 1475 1695 24.
1506 1643 1589 1710 8),
1639 1658 1764 1694 011111
1801 1657 1961 1695 cruce
1999 1640 2281 1710 Wesenb.,

271 1713 381 1783 [ad
424 1713 660 1782 viryines
706 1713 898 1783 atque]
934 1711 1150 1777 Baiter,
1196 1711 1441 1780 Tyrrell,
1488 1727 1593 1766 om.
1640 1711 1797 1766 Boot.
1853 1714 1871 1775 Ιὶ
1920 1712 1990 1766 Ρ.
2023 1713 2117 1766 15.
2146 1719 2181 1765 4
2226 1719 2284 1767 et

273 1799 378 1836 om.
407 1781 671 1836 Wesenb.
710 1798 779 1835 ex
817 1782 1064 1851 ‘plerisq.
1105 1781 1229 1837 cdd.
1268 1781 1420 1849 Ma1.,
1468 1779 1549 1850 (Ρ,
1586 1782 1730 1836 Boot
1766 1783 1922 1836 tacit.
1961 1814 2031 1824 —
2068 1788 2100 1836 8
2138 1784 2280 1838 miti-

307 1871 467 1907 amwr
492 1852 711 1922 Tyrrell
737 1853 894 1906 tacit.
915 1853 1042 1906 fort.
1063 1855 1229 1907 recte.
1250 1885 1320 1894 —
1341 1859 1371 1906 9
1400 1854 1605 1919 infecta
1631 1854 1819 1922 potius
1849 1871 2019 1922 quam
2045 1855 2284 1925 ‘neylecta

271 1871 560 1978 {ehmann
607 1923 942 1979 ‘Jahresben
983 1924 1082 1978 des
1125 1922 1320 1994 philol.
1358 1922 1615 1977 Vereins’
1667 1929 1803 1978 1888
1839 1942 1892 1994 Ρ.
1925 1930 2046 1992 257,
2084 1926 2284 1979 iniecta

273 1995 345 2049 M.
384 2027 454 2036 —
494 2001 559 2048 16
595 1999 897 2059 πολιτικοῖς
931 1997 1232 2062 honestum,
1281 1995 1426 2048 nihil
1459 1995 1670 2049 illustre
1708 1994 1853 2063 vulg.
1883 1996 2034 2062 vett„
2072 1995 2281 2064 Baiter,

272 2065 506 2135 Tyrrell,
543 2069 662 2120 πολ.
700 2067 843 2120 nihil
868 2066 1095 2132 illustre,
1129 2067 1273 2119 nihil
1297 2067 1574 2119 honestam
1600 2065 1745 2118 Boot
1769 2063 2026 2118 Vahleno
2055 2067 2282 2119 auctore

271 2136 426 2190 haud
453 2136 567 2190 scio
597 2153 670 2190 an
697 2153 840 2190 vere.
869 2168 940 2177 —
970 2142 1036 2190 22
1058 2154 1138 2205 sq.
1174 2132 1549 2201 Τοποθεσίαν,
1584 2153 1747 2204 qaam
1768 2137 2035 2204 postulae,
2072 2136 2284 2190 Miseni

272 2208 363 2260 vul
409 2249 420 2261 .
451 2210 609 2276 vett„
656 2207 872 2276 Baiter,
919 2208 1078 2274 Boot,
1117 2207 1237 2260 sine
1274 2205 1394 2259 ulla
1429 2205 1880 2276 interpunctione
1916 2204 2086 2274 Wes.,
2123 2206 2279 2276 Tyrr.

272 2277 337 2333 V.
368 2226 628 2347 geyfferti
664 2277 815 2332 Lael.
845 2296 899 2347 p.
931 2283 1022 2347 20,
1059 2277 1208 2330 infra
1244 2295 1297 2346 p.
1328 2282 1412 2330 43.
1444 2282 1528 2345 20,
1571 2283 1650 2330 72.
1683 2283 1766 2343 21,
1806 2283 1890 2331 94.
1920 2283 2006 2346 32,
2046 2284 2163 2331 121.
2196 2283 2280 2346 14,

273 2355 391 2403 221.
418 2357 465 2418 7,
504 2355 622 2404 243.
655 2354 739 2417 24,
779 2355 897 2402 334.
921 2354 1004 2417 33,
1045 2355 1162 2402 354.
1186 2353 1270 2412 26,
1309 2353 1429 2400 364.
1453 2353 1500 2415 7,
1540 2353 1765 2415 367.20,
1796 2354 1915 2402 385.
1938 2354 2023 2418 32,
2053 2354 2172 2403 387.
2197 2355 2280 2417 19,

272 2420 363 2474 fin.
392 2420 418 2473 I
454 2426 503 2474 3.
534 2425 592 2489 8,
646 2419 724 2472 ΠΙ
754 2426 835 2473 12.
864 2425 931 2473 41
952 2437 1051 2485 111.,
1108 2418 1268 2472 Tusc.
1297 2418 1377 2471 III
1405 2423 1487 2471 22.
1519 2423 1613 2484 54,
1669 2418 1838 2473 divin.
1867 2419 1919 2472 Π
1948 2425 1996 2475 1.
2029 2425 2060 2472 3
2098 2435 2147 2473 a.
2179 2435 2280 2488 ex.,

273 2490 402 2545 Tac.
433 2490 565 2544 dial.
597 2495 681 2543 20.
711 2497 771 2555 4,
822 2490 1011 2559 Ρο1οΡ.
1039 2488 1114 2542 Μ.
1143 2489 1195 2542 Π
1224 2495 1287 2542 51
1329 2490 1398 2557 (3.
1422 2490 1499 2559 9),
1546 2488 1598 2542 Π
1626 2494 1693 2542 96
1725 2493 1793 2558 (6.
1827 2492 1879 2559 9)
1900 2506 2000 2558 ex„
2039 2493 2279 2560 corrupt.

274 2580 374 2616 scr.
405 2561 536 2615 hist.
565 2561 709 2650 Aug.
737 2559 917 2614 XXIV
946 2566 1029 2614 33.
1060 2566 1095 2612 4
1131 2559 1222 2629 (cf.
1249 2558 1431 2613 XXVI
1458 2566 1541 2612 31.
1576 2561 1643 2627 7).
1673 2591 1743 2601 -
1780 2566 1845 2613 27
1875 2562 1952 2614 mi
1979 2579 2025 2614 V.
2047 2579 2100 2631 p.
2124 2568 2171 2614 9.
2198 2567 2279 2615 19.

274 2665 343 2673 -
381 2638 448 2685 30
486 2636 827 2701 φιλορητορα
863 2630 1031 2699 Βοο6,
1076 2629 1311 2700 Tyr-rell,
1343 2632 1711 2699 philorhetora
1745 2629 1821 2700 M,
1859 2631 2067 2685 Baiter.
2106 2662 2176 2672 -
2212 2637 2279 2684 32

273 2705 394 2757 sine
432 2719 592 2757 cruce
628 2702 835 2768 Baiter,
872 2701 1030 2757 Boot.
1158 2701 1228 2755 P.
1251 2702 1348 2755 16.
1372 2707 1400 2754 7
1439 2703 1520 2756 ita
1550 2704 1606 2754 Σ
1626 2701 1934 2770 (Lehmann
1961 2702 2078 2756 Att.
2099 2720 2151 2771 p.
2172 2705 2279 2768 43),

271 2773 554 2841 Wesenb.,
592 2789 699 2826 om.
718 2771 794 2837 M,
831 2772 1039 2841 Baiter,
1071 2774 1199 2840 (ita)
1229 2779 1409 2826 tamen
1437 2770 1645 2825 Orellio
1676 2775 1820 2826 auct.
1876 2772 2035 2839 Boot,
2063 2771 2281 2841 Tyrrell

273 2861 359 2915 ep.
389 2851 473 2898 20.
510 2875 580 2885 -
616 2842 695 2898 Ib.
726 2845 822 2897 vix
856 2844 984 2897 huie
1022 2845 1078 2895 Σ
1109 2842 1418 2912 (Lehmann
1445 2843 1561 2896 Att.
1591 2861 1644 2912 p.
1674 2847 1781 2910 46).
1818 2876 1888 2885 -
1929 2850 1992 2896 12
2029 2844 2282 2914 friyebat,

271 2932 438 2984 qaum
472 2913 733 2968 Wesenb.
772 2930 885 2967 non
921 2914 1079 2967 bene.
1117 2945 1187 2954 —-
1228 2920 1292 2966 13
1324 2914 1612 2982 produxit
1649 2912 1850 2981 Orelli,
1897 2913 2085 2979 Klotz,
2138 2913 2284 2967 Boot

270 2986 427 3040 tacit.
466 3016 536 3026 —
586 2991 649 3039 14
671 3002 751 3052 sq.
789 3002 876 3040 ree
920 2986 1182 3056 ayebatwr
1207 3016 1277 3026 -
1312 2984 1626 3053 πανήγυρις
1659 2984 1720 3037 10
1756 2983 2079 3054 parenthesi
2114 2983 2281 3054 vulg.,

271 3073 441 3126 quam
475 3054 770 3126 permultis
806 3055 945 3109 locis
981 3058 1047 3108 116
1083 3070 1555 3124 supervacaneam
1591 3054 1787 3123 delevi,
1823 3071 1963 3122 quos
1999 3053 2151 3108 locos
2188 3054 2283 3109 hic

271 3143 595 3181 enumerare
650 3126 949 3180 molestum
994 3125 1196 3193 visum,
1254 3125 1506 3196 singulos
1555 3125 1704 3179 infra
1749 3124 1918 3195 paulo
1963 3125 2282 3180 accuratius

270 3198 476 3252 notavi.
554 3196 633 3252 Cf.
665 3197 739 3251 ad
774 3197 906 3251 fam.
936 3215 988 3266 p.
1021 3202 1067 3251 2.
1101 3202 1180 3250 13.
1230 3228 1300 3236 -
1342 3203 1405 3249 16
1444 3198 1495 3251 ei
1539 3213 1642 3250 om.
1673 3196 1835 3265 Rav„
1879 3195 2037 3264 Boot,
2075 3195 2135 3248 M
2171 3214 2281 3251 non

271 3268 499 3337 omittit,
539 3269 636 3322 sed
674 3267 849 3321 habet
877 3268 1115 3336 placeret
1150 3284 1276 3321 nee.
1305 3299 1377 3308 —-
1416 3273 1482 3321 17
1520 3267 1802 3338 [praetor]
1837 3266 1982 3320 Boot
2017 3268 2173 3322 tacit.
2212 3299 2283 3309 -—·

270 3347 339 3395 20
376 3342 690 3395 maximam
726 3339 889 3399 Rav..
938 3337 1052 3401 all.,
1097 3337 1387 3405 Wesenb.,
1439 3338 1605 3406 Boot,
1652 3339 1883 3392 maxime
1920 3337 2003 3405 M,
2055 3340 2285 3393 maximi

271 3411 355 3465 ed.
384 3411 545 3478 Iens.,
582 3410 791 3476 Baiter,
828 3408 1061 3477 Tyrrell.
1090 3439 1161 3450 —
1190 3414 1255 3461 27
1285 3410 1587 3464 excidisse
1616 3410 1785 3463 laude
1814 3426 1915 3462 scr.
1936 3426 2076 3464 mus.
2103 3409 2279 3464 Rhen.

272 3487 409 3536 1898
446 3500 498 3551 p.
533 3487 630 3533 121
655 3497 755 3549 sq.,
792 3481 1056 3549 excepisse
1093 3480 1309 3533 laudem
1348 3484 1415 3544 (v.
1447 3480 1521 3533 ad
1556 3498 1608 3550 p.
1641 3483 1834 3549 5415)
1873 3480 2031 3534 codd.
2054 3483 2112 3534 et
2138 3480 2283 3543 edd,
