2642 3923
649 222 1160 279 EPISTULARUM
1196 224 1296 278 AD
1344 223 1678 279 ATTICUM
1715 224 1818 279 vn
1856 231 1906 293 1,
1942 230 1991 279 2.
2201 225 2327 289 189

1258 455 1341 521 H.

530 575 644 631 Ser.
673 576 952 631 Bnmdisi
998 577 1051 631 V
1079 577 1153 633 Κ.
1182 578 1336 646 Dec„
1362 585 1427 633 ut
1459 579 1692 646 vidam,
1729 594 1782 633 a.
1814 582 1922 634 704
1959 582 2097 646 (50).

939 698 1195 755 CICERO
1231 699 1496 755 ATTICO
1534 700 1682 755 SAL.

435 808 851 873 Brundisium
901 808 1193 872 venimus
1238 826 1342 872 vn
1385 806 1653 873 Kalend.
1692 807 2024 874 Decembr.
2062 811 2166 874 usi
2209 813 2323 874 tua

251 922 275 962 ε
300 897 610 962 felicitate
652 896 1024 982 navigandi3
1069 896 1165 961 ita
1209 896 1378 961 belle
1421 897 1610 961 nobis

366 1018 657 1085 ‘Flavit
711 1019 800 1084 ab
857 1018 1091 1104 Epiro
1145 1020 1612 1085 lenissumus
1672 1018 2254 1085 Onchesmites'.

302 1161 492 1226 Hunc
537 1163 1080 1243 σπονδειάζοντα,
1135 1161 1192 1225 si
1236 1160 1341 1226 cui
1387 1161 1563 1225 voles
1610 1172 1746 1226 τῶν
1790 1160 2148 1247 νεωτέρων,
2202 1184 2320 1245 pro

301 1253 414 1315 tuo
457 1250 734 1313 vendito.
812 1247 1130 1313 Valetudo
1180 1252 1295 1313 tua
1332 1270 1435 1313 me
1478 1250 1662 1314 valde
1710 1249 2077 1333 conturbat3
2124 1251 2319 1336 signi-

300 1339 496 1403 ficant
558 1338 729 1402 enim
793 1340 942 1402 tuae
1004 1337 1258 1401 litterae
1320 1340 1388 1401 te
1440 1357 1706 1420 prorsus
1767 1336 2072 1403 laborare.
2172 1339 2317 1423 Ego

222 1454 275 1494 ιο
302 1430 545 1512 autem,
597 1447 741 1491 cum
788 1425 1009 1508 sciam,
1069 1446 1263 1509 quam
1308 1425 1397 1489 sis
1440 1425 1651 1510 fortis,
1695 1425 2134 1492 vehementius
2181 1448 2320 1493 esse

302 1514 605 1599 quiddam
651 1515 959 1599 suspicor,
1005 1513 1179 1598 quod
1220 1517 1288 1578 te
1334 1518 1523 1598 cogat
1568 1514 1787 1579 cedere
1834 1517 1899 1579 et
1943 1537 2144 1600 prope
2185 1538 2318 1581 mo-

302 1603 456 1667 dum
525 1601 855 1687 infringat.
954 1600 1104 1666 Etsi
1168 1603 1438 1667 alteram
1500 1606 1881 1687 quartanam
1943 1602 2319 1689 Pamphilus

301 1694 454 1756 tuus
515 1690 677 1755 mihi
740 1690 904 1754 dixit
960 1689 1305 1756 decessisse
1360 1694 1428 1754 et
1481 1690 1749 1756 alteram
1794 1690 2099 1757 leviorem
2148 1714 2319 1758 acce-

304 1780 464 1845 dere.
556 1778 855 1844 Terentia
907 1799 1078 1863 vero,
1124 1799 1286 1862 quae
1334 1779 1591 1862 quidem
1637 1779 1858 1844 eodem
1903 1783 2191 1865 tempore
2239 1782 2318 1846 ad

223 1897 275 1935 11>
302 1872 557 1953 portam
612 1866 1067 1932 Brundisinam
1119 1867 1297 1930 venit
1351 1887 1480 1950 quo
1535 1888 1653 1952 ego
1712 1867 1782 1932 in
1826 1872 2086 1970 portum
2131 1869 2317 1933 mihi-

305 1978 428 2041 que
474 1956 665 2022 obvia
710 1955 779 2020 in
823 1956 965 2021 foro
1012 1954 1165 2042 fuit,
1219 1952 1288 2020 L.
1326 1953 1631 2020 Pontium
1677 1955 1858 2022 sibi
1838 1979 1907 2021 111
1954 1956 2317 2023 Trebulano

304 2045 539 2110 dixisse
597 2044 900 2109 narrabat
964 2044 1159 2108 etiam
1222 2065 1361 2109 eam
1416 2043 1772 2111 decessisse.
1874 2043 2058 2121 Quod
2115 2048 2171 2110 si
2226 2048 2318 2111 ita

305 2138 421 2219 est,
455 2139 558 2212 est,
597 2133 769 2217 quod
804 2154 1102 2197 maxume
1136 2131 1495 2197 mehercule
1532 2137 1708 2219 opto,
1751 2133 1944 2218 idque
1980 2154 2167 2218 spero
2204 2139 2318 2200 tua

302 2222 643 2306 prudentia
687 2225 752 2286 et
788 2222 1221 2304 temperantia
1264 2226 1331 2284 te
1377 2225 1807 2286 consecutum.

222 2337 276 2377 20
434 2309 643 2375 Venio
701 2310 780 2374 ad
839 2310 1146 2393 epistulas
1201 2313 1376 2393 tuas3
1440 2329 1599 2393 quas
1653 2329 1774 2395 ego
1820 2313 2140 2375 sescentas
2185 2332 2315 2376 uno

302 2403 592 2483 tempore
636 2398 877 2483 accepi,
929 2398 1122 2462 aliam
1167 2397 1293 2461 alia
1337 2397 1795 2483 iucundiorem,
1853 2418 2016 2482 quae
2062 2399 2317 2482 quidem

303 2491 486 2562 erant
529 2490 643 2551 tua
679 2508 887 2551 manu.
963 2484 1134 2550 Nam
1158 2484 1451 2550 Alexidis
1487 2508 1749 2551 manum
1785 2486 2101 2573 amabam,
2145 2487 2318 2572 quod

302 2579 439 2640 tam
499 2596 699 2659 prope
764 2574 1098 2639 accedebat
1161 2573 1241 2638 ad
1295 2573 1784 2639 similitudinem
1834 2578 2012 2660 tuae,
2065 2540 2316 2641 litteras

304 2685 436 2728 non
494 2663 812 2748 amabam,
867 2662 1039 2746 quod
1091 2661 1460 2727 indicabant
1513 2666 1580 2727 te
1624 2684 1757 2728 non
1798 2663 2026 2729 valere.
2118 2662 2316 2729 Cuius

225 2779 275 2818 25
306 2751 609 2837 quoniam
654 2751 896 2816 mentio
942 2751 1114 2815 facta
1158 2754 1272 2835 est,
1316 2750 1618 2815 'hronem
1659 2749 1872 2816 Patris
1918 2773 2182 2837 aegrum
2225 2774 2318 2817 re-

303 2839 495 2924 liqui,
552 2839 1046 2924 adulescentem,
1112 2842 1186 2903 ut
1228 2839 1408 2904 nosti
1452 2837 1557 2923 (et
1612 2838 1795 2925 adde,
1849 2840 1904 2904 si
1952 2840 2107 2925 quid
2153 2839 2319 2927 vis),

303 2929 595 3013 probum.
690 2925 879 2992 Nihil
939 2892 1070 2991 11(11
1135 2928 1383 2991 melius.
1471 2925 1702 3012 Itaque
1754 2948 1937 2993 careo
1992 2949 2181 3013 aegre
2236 2934 2319 3015 et,

304 3037 692 3100 quamquam
742 3015 1081 3081 videbatur
1139 3036 1209 3079 se
1262 3036 1400 3080 non
1452 3016 1736 3101 graviter
1787 3014 2051 3101 habere,
2104 3020 2321 3082 tamen

306 3126 447 3169 sum
504 3104 823 3169 sollicitus
876 3104 1351 3187 maximamque
1406 3125 1586 3187 spem
1637 3104 1845 3169 habeo
1899 3105 1969 3169 in
2021 3103 2125 3169 Μ’.
2164 3103 2316 3170 Curi

221 3220 276 3260 ιο
303 3192 669 3295 diligentia,
725 3192 804 3257 de
857 3213 984 3276 qua
1039 3191 1119 3256 ad
1162 3213 1265 3257 me
1310 3193 1570 3276 scripsit
1615 3191 1769 3258 'hro
1816 3197 1881 3257 et
1924 3194 2117 3258 multi
2159 3215 2315 3258 nun·

300 3281 562 3346 tiarunt.
657 3278 890 3345 Curius
937 3285 1152 3345 autem
1194 3280 1336 3364 ipse
1382 3280 1601 3365 sensit,
1648 3302 1843 3365 quam
1885 3286 1961 3346 tu
2005 3281 2203 3345 velles
2250 3303 2321 3347 se

302 3392 340 3433 a
384 3391 488 3434 me
532 3369 735 3454 diligi,
792 3373 856 3432 et
903 3389 977 3433 eo
1024 3390 1167 3433 sum
1212 3368 1554 3433 admodum
1598 3368 1966 3435 delectatus.
2056 3369 2146 3433 Et
2192 3391 2313 3434 me·

300 3458 557 3522 hercule
603 3461 720 3543 est,
765 3479 958 3541 quam
1002 3456 1188 3522 facile
1232 3457 1490 3543 diligas,
1545 3456 1898 3542 αὐτόχθων
1942 3458 2012 3520 111
2055 3456 2318 3521 homine

300 3546 652 3611 urbanitas.
714 3544 878 3609 Eius
922 3549 1381 3610 testamentum
1425 3545 1692 3629 deporto
1736 3549 2108 3610 nostrorum
2147 3543 2314 3608 Cice-

2362 827 2390 875 1

2357 1270 2388 1317 2

2355 2329 2384 2376 3
