2642 3923
345 219 432 281 22
983 218 1055 272 M.
1097 217 1308 272 TULLI
1346 216 1720 272 CICERONIS

347 362 634 425 omnium
692 360 1139 424 coniunctione
1206 364 1272 424 et
1341 360 1725 424 auctoritate
1796 359 2165 424 consulatus
2235 361 2360 425 mei

343 449 511 513 fixus
549 453 613 512 et
657 447 964 512 fundatus
991 448 1344 532 videbatur,
1390 448 1514 510 nisi
1554 447 1696 530 quis
1734 469 1853 511 nos
1881 446 2036 511 deus
2072 469 2360 533 respexe-

344 538 432 601 rit
496 537 783 620 elapsum
833 536 993 601 scito
1040 557 1179 599 esse
1224 536 1300 600 de
1344 535 1641 599 manibus
1680 556 1807 599 uno
1844 535 1969 600 hoc
2001 536 2257 620 iudicio,
2304 538 2359 601 si

345 588 657 689 mdicium
711 627 810 688 est
855 624 1125 709 triginta
1174 623 1469 688 homines
1528 624 1751 707 populi
1796 622 2074 689 Romani
2116 624 2359 689 levissi-

345 735 487 778 mos
516 734 589 777 ac
623 712 1052 796 nequissimos
1090 713 1441 776 nummulis
1478 713 1752 795 acceptis
1792 712 1892 776 ius
1931 733 2004 776 ac
2038 713 2134 777 fas
2174 735 2361 777 omne
2414 740 2441 779 5

348 801 554 866 delere
582 807 665 885 et,
702 801 874 884 quod
912 822 1131 864 omnes
1168 822 1298 865 non
1335 800 1524 865 modo
1561 800 1872 885 11011111168,
1909 822 2128 865 16111111
2167 802 2361 866 etiam

334 890 618 973 pecudes
662 889 906 953 factum
952 910 1088 953 esse
1134 888 1365 972 sciant,
1420 888 1484 953 id
1528 887 1795 952 Talnam
1842 892 1905 952 et
1949 888 2250 953 Plautum
2296 894 2361 953 et

315 975 699 1062 *Spongiam
753 981 818 1042 et
871 982 1112 1042 ceteras
1166 976 1360 1041 huius
1415 977 1588 1041 modi
1643 976 2023 1060 quisquilias
2079 981 2359 1042 statuere

346 1087 697 1149 numquam
756 1086 893 1130 esse
950 1065 1205 1129 factum.
1299 1063 1424 1130 Sed
1483 1070 1720 1149 tamen,
1775 1070 1849 1129 ut
1902 1070 1967 1129 te
2015 1065 2091 1128 de
2136 1087 2204 1129 re
2248 1088 2360 1149 pu·

348 1154 515 1218 blica
541 1154 849 1238 consoler,
873 1175 1006 1218 non
1041 1154 1152 1238 ita,
1188 1158 1262 1217 ut
1291 1158 1628 1237 sperarunt
1659 1153 1812 1217 mali
1838 1157 2023 1218 tanto
2052 1154 2358 1238 imposito
2387 1182 2441 1220 10

346 1243 439 1306 rei
512 1242 804 1326 publicae
863 1242 1151 1324 vulnere,
1214 1242 1440 1305 alacris
1505 1242 1785 1306 exsultat
1847 1241 2226 1325 improbitas
2290 1243 2362 1306 in

346 1330 632 1395 victoria.
704 1329 875 1395 Nam
918 1330 1107 1413 plane
1153 1329 1246 1393 ita
1281 1333 1690 1414 putaverunt,
1733 1351 1877 1394 cum
1923 1330 2171 1415 religi0,
2216 1353 2361 1394 cum

347 1417 673 1502 pudicitia,
717 1440 860 1483 cum
896 1417 1276 1482 iudiciorum
1311 1417 1488 1502 fides,
1534 1439 1679 1481 cum
1716 1422 1975 1482 senatus
2013 1419 2360 1483 auctoritas

348 1507 757 1590 concidisset,
819 1507 956 1570 fore
1013 1510 1088 1570 ut
1146 1510 1364 1590 aperte
1407 1505 1638 1570 victrix
1696 1506 1985 1607 nequitia
2029 1528 2103 1570 ac
2156 1507 2358 1571 libido

350 1615 587 1678 poenas
635 1594 715 1658 ab
764 1593 1006 1695 optimo
1068 1615 1320 1695 quoque
1382 1599 1628 1677 peteret
1687 1595 1787 1658 sui
1847 1594 2112 1679 (1010118,
2170 1617 2362 1679 quem
2388 1622 2439 1661 15

350 1682 825 1766 improbissimo
855 1682 1083 1766 cuique
1119 1682 1440 1746 inusserat
1478 1682 1784 1747 severitas
1811 1683 2181 1747 consulatus
2217 1684 2358 1747 mei

350 1770 523 1834 Idem
579 1791 698 1856 ego
755 1770 863 1835 ille
909 1769 1069 1856 (non
1123 1771 1294 1836 enim
1348 1770 1508 1834 mihi
1563 1770 1780 1835 videor
1836 1771 2183 1835 insolenter
2227 1772 2361 1857 glo·

347 1859 530 1945 riari,
587 1881 730 1923 cum
790 1859 868 1923 de
926 1881 1028 1922 me
1081 1859 1250 1942 apud
1304 1863 1371 1923 te
1428 1859 1684 1942 loquor,
1744 1859 1813 1923 in
1858 1881 1932 1924 66
1984 1860 2361 1942 praesertim

351 1947 653 2051 epistula,
720 1971 911 2032 quam
977 1947 1126 2012 nolo
1199 1947 1342 2012 aliis
1401 1947 1568 2033 legi)
1632 1947 1826 2031 idem,
1888 1947 2177 2035 inquam,
2239 1970 2359 2034 ego

350 2038 628 2101 recreavi
663 2036 953 2101 adflictos
991 2037 1237 2100 animos
1274 2036 1591 2100 bonorum
1628 2057 1826 2099 unum
1864 2058 2178 2120 quemque
2216 2058 2360 2101 con·
2389 2066 2442 2103 20

349 2126 631 2209 firmans,
668 2125 979 2209 excitans;
1018 2124 1405 2188 insectandis
1433 2146 1583 2188 vero
1619 2124 2146 2209 exagitandisque
2180 2147 2362 2189 num-

350 2213 571 2277 mariis
599 2213 919 2277 iudicibus
948 2234 1201 2277 omnem
1229 2212 1527 2277 omnibus
1556 2213 1862 2276 studiosis
1890 2234 1963 2276 ac
1996 2213 2360 2277 fautoribus

351 2301 527 2365 illius
584 2301 890 2365 victoriae
945 2305 1320 2385 παρρησίαν
1383 2300 1615 2384 eripui,
1676 2299 1974 2364 Pisonem
2036 2301 2362 2366 consulem

350 2388 529 2453 nulla
562 2389 634 2452 in
666 2410 735 2452 re
773 2388 1118 2453 consistere
1164 2411 1463 2472 umquam
1504 2410 1643 2452 sum
1689 2410 1936 2472 passus,
1981 2389 2363 2472 desponsam

351 2475 597 2541 homini
638 2477 765 2540 iam
804 2473 1055 2561 Syriam
1094 2477 1313 2561 ademi,
1361 2482 1652 2541 senatum
1688 2477 1768 2540 ad
1804 2477 2142 2560 pristinam
2179 2499 2363 2542 suam
2390 2506 2442 2546 25

352 2564 758 2630 severitatem
802 2566 1094 2665 revocavi
1140 2569 1332 2648 atque
1377 2565 1694 2629 abiectum
1732 2564 2023 2650 excitavi,
2068 2563 2364 2630 Clodium

351 2658 751 2737 praesentem
795 2653 959 2753 fregi
1005 2652 1072 2716 in
1118 2658 1343 2718 senatu
1381 2674 1524 2717 cum
1564 2653 1851 2717 oratione
1889 2657 2199 2737 perpetua
2235 2655 2364 2737 ple-

351 2741 618 2805 nissima
655 2741 993 2827 gravitatis
1031 2745 1169 2805 tum
1209 2740 1622 2805 altercatione
1656 2740 1849 2804 huius
1876 2741 2075 2825 modi3
2122 2764 2198 2805 ex
2237 2764 2365 2826 qua

351 2830 501 2894 licet
545 2851 747 2914 pauca
791 2830 1115 2931 degustes3
1169 2851 1317 2893 nam
1376 2833 1583 2893 cetera
1625 2850 1756 2893 non
1811 2834 2083 2912 possunt
2127 2829 2365 2895 habere

353 2918 615 2981 eandem
651 2939 857 3001 neque
882 2917 1014 2981 vim
1048 2939 1255 3001 neque
1282 2922 1683 2982 venustatem
1712 2921 1957 2981 remoto
1995 2918 2107 2982 illo
2148 2919 2363 2984 studio
2393 2947 2447 2986 οο

355 3005 815 3089 contentionis,
880 3027 1069 3089 quem
1131 3005 1357 3089 ἀγῶνα
1410 3028 1524 3070 108
1589 3005 1940 3090 appellatis
2033 3004 2229 3092 Nam,
2291 3012 2366 3072 ut

350 3092 573 3158 Idibus
611 3093 801 3157 Maiis
847 3095 916 3157 in
951 3097 1242 3158 senatum
1285 3092 1715 3177 convenimus,
1761 3098 2024 3178 rogatus
2062 3115 2181 3180 ego
2229 3117 2366 3160 sen-

351 3182 621 3246 tentiam
666 3182 873 3246 multa
917 3182 1050 3246 dixi
1107 3182 1183 3247 de
1238 3205 1487 3246 summa
1539 3204 1609 3247 re
1667 3182 1965 3267 publica,
2012 3186 2203 3266 atque
2254 3183 2366 3247 ille

350 3269 530 3334 locus
569 3269 866 3335 inductus
893 3293 931 3334 a
965 3292 1067 3334 me
1094 3274 1192 3335 est
1230 3270 1557 3354 divinitus,
1599 3291 1682 3334 116
1717 3292 1846 3334 11116
1881 3233 2073 3355 plaga
2110 3277 2367 3356 accepta

352 3362 566 3456 patres
594 3358 942 3441 conscripti
976 3358 1398 3441 conciderent,
1434 3380 1514 3421 ne
1552 3359 1917 3443 deficerent,
1957 3359 2190 3423 vulnus
2228 3381 2366 3425 esse
2394 3388 2447 3429 85

353 3446 489 3509 eius
548 3445 750 3531 modi,
810 3446 981 3529 quod
1040 3446 1197 3510 mihi
1256 3467 1375 3510 nec
1435 3446 1956 3510 dissimulandum
2004 3467 2122 3511 nec
2173 3449 2367 3530 perti-

353 3533 758 3597 mescendum
803 3533 1144 3617 videretur,
1189 3554 1270 3597 ne
1307 3538 1420 3597 aut
1458 3535 1811 3618 ignorando
1852 3534 2220 3599 stultissimi
2256 3543 2370 3601 aut
