2642 3923
590 222 1105 279 EPISTULARUM
1140 224 1240 278 AD
1278 224 1606 280 ATTIOUM
1639 225 1718 279 IX
1756 231 1890 280 7—·1
1903 226 1963 278 B.
2158 224 2285 288 267

268 367 574 431 faciemus
632 389 753 432 nos
813 389 886 432 ea
948 367 1242 453 suadere,
1311 390 1473 452 quae
1537 369 1725 433 nobis
1784 369 2082 433 videntur
2139 372 2291 431 tuae

269 454 602 541 dignitati,
643 477 776 520 non
825 454 1114 520 Caesaris
1163 457 1402 521 actioni
1452 478 1589 522 esse
1633 457 2006 540 utilissima,
2059 460 2123 520 et
2167 454 2292 520 hoc
2343 496 2348 501 -

272 542 604 608 Caesarem
674 566 793 627 pro
864 566 979 608 sua
1048 544 1452 630 indulgentia
1518 547 1587 610 in
1651 567 1801 609 suos
1867 545 2290 629 probaturum
2344 598 2349 602 .

271 637 590 715 putamus,

219 833 245 873 ι
1246 807 1321 874 Β.

538 927 654 984 Ser.
693 926 902 983 Romae
945 928 1000 982 V
1029 935 1129 983 aut
1162 929 1261 982 IV
1290 929 1377 984 Id.
1420 930 1595 986 Mart.
1634 947 1684 985 a.
1725 933 1837 984 705
1872 932 2010 997 (49).

765 1051 1042 1106 BALBUS
1078 1050 1419 1108 CICERONI
1460 1053 1607 1109 [MP.
1646 1052 1794 1108 SAL.

405 1156 468 1224 S.
505 1159 582 1224 V.
620 1158 691 1223 B.
780 1158 1209 1243 Posteaquam
1254 1160 1510 1225 litteras
1558 1182 1927 1226 communes
1974 1181 2121 1224 cum
2164 1158 2289 1242 Op·
2329 1174 2358 1222 1

271 1249 380 1331 pio
441 1247 521 1311 ad
578 1251 642 1312 te
701 1247 872 1334 dedi,
930 1247 1009 1311 ab
1072 1245 1344 1312 Caesare
1403 1249 1750 1333 epistulam
1809 1249 2022 1331 accepi
2030 1298 2048 1332 ,
2108 1247 2289 1312 cuius

192 1362 246 1403 ιο
272 1335 636 1419 exemplum
694 1335 817 1399 tibi
873 1335 1040 1400 misi.
1139 1334 1243 1399 Ex
1303 1336 1542 1421 quibus
1611 1335 1970 1421 perspicere
2028 1335 2289 1419 poteriS,

273 1445 466 1507 quam
520 1423 738 1507 cupiat
783 1423 1186 1488 concordiam
1229 1444 1412 1489 suam
1456 1430 1521 1490 et
1565 1424 1834 1508 Pompei
1878 1423 2288 1488 reconciliare

272 1516 337 1577 et
385 1533 577 1595 quam
626 1516 911 1576 remotus
957 1512 1044 1576 sit
1089 1512 1170 1575 ab
1218 1512 1394 1576 omni
1449 1513 1853 1598 erudelitate3
1914 1512 2085 1596 quod
2142 1533 2288 1576 eum
2331 1555 2350 1589 „

274 1602 529 1685 sentire,
574 1603 648 1663 ut
694 1598 913 1684 debe0,
958 1599 1141 1664 valde
1187 1601 1454 1685 gaudeo,
1537 1600 1636 1664 De
1679 1605 1746 1665 te
1782 1605 1846 1665 et
1892 1605 2008 1664 tua
2054 1600 2177 1664 fide
2222 1604 2287 1664 et

272 1688 512 1772 pietate
571 1687 738 1752 idem
794 1685 1180 1774 mehercule,
1238 1688 1330 1751 mi
1389 1686 1637 1771 Cicero,
1698 1689 1904 1753 sentio
1967 1688 2137 1773 quod
2195 1690 2288 1772 tu,

193 1802 246 1844 ιε
271 1798 405 1841 non
447 1796 637 1859 posse
680 1780 861 1840 tuam
905 1775 1144 1840 famam
1190 1780 1255 1839 et
1303 1776 1587 1841 officium
1634 1776 1977 1860 sustinere,
2023 1780 2098 1840 ut
2142 1797 2286 1840 con·

272 1869 376 1928 tra
421 1886 567 1928 eum
614 1885 790 1928 arma
825 1864 1012 1946 feras,
1058 1887 1095 1928 a
1132 1885 1259 1948 quo
1305 1868 1563 1928 tantum
1598 1864 1980 1928 beneficium
2016 1867 2082 1928 te
2117 1885 2288 1927 acce-

272 1953 445 2037 pisse
490 1951 828 2036 praedices.
922 1949 1254 2018 Gaesarem
1307 1951 1432 2017 hoc
1491 1951 1659 2017 idem
1714 1951 2138 2037 probaturum
2184 1973 2286 2015 ex·
2324 1970 2355 2016 2

274 2041 600 2125 ploratum
660 2062 777 2124 pro
837 2041 1148 2126 singulari
1210 2041 1347 2105 eius
1400 2042 1800 2106 humanitate
1851 2041 2057 2105 habeo
2104 2040 2287 2124 eique

275 2130 779 2198 cumulatissime
825 2130 983 2193 satis
1027 2129 1346 2193 facturum
1401 2134 1467 2194 te
1524 2135 1697 2194 certo
1754 2129 1884 2194 seio
1899 2182 1916 2214 ,
1962 2150 2105 2192 eum
2150 2128 2288 2191 nul-

195 2246 248 2285 20
274 2217 407 2282 lam
464 2222 713 2301 partem
770 2217 925 2281 belli
982 2221 1205 2281 contra
1248 2239 1395 2282 eum
1456 2218 1767 2301 suscipias
1824 2238 2033 2300 neque
2076 2216 2287 2280 socius

277 2306 414 2369 eius
459 2305 835 2369 adversariis
881 2305 1094 2369 fueris.
1185 2304 1403 2389 Atque
1456 2305 1580 2370 hoc
1631 2327 1763 2369 non
1818 2305 2028 2370 solum
2082 2305 2153 2368 in
2204 2308 2289 2388 te,

275 2394 393 2457 tali
440 2397 506 2457 et
548 2396 734 2457 tanto
778 2394 947 2478 viro,
993 2393 1150 2457 satis
1197 2393 1490 2480 habebit,
1547 2394 1655 2457 sed
1702 2394 1897 2459 etiam
1940 2392 2102 2456 mihi
2147 2392 2286 2475 ipse

278 2503 393 2546 sua
438 2481 753 2546 concessit
797 2480 1153 2564 voluntate,
1206 2503 1288 2546 ne
1334 2482 1403 2544 in
1448 2482 1529 2546 iis
1577 2481 1805 2546 castris
1850 2502 2080 2566 essem,
2127 2500 2290 2564 quae

276 2573 501 2634 contra
536 2567 883 2633 Lentulum
920 2573 1032 2633 aut
1067 2568 1447 2653 Pompeium
1483 2570 1701 2634 futura
1740 2574 1970 2654 essent,
2016 2589 2289 2652 quorum

196 2684 249 2725 π
274 2657 581 2722 beneficia
624 2658 902 2721 maxima
946 2656 1267 2742 haberem,
1313 2657 1564 2741 sibique
1611 2658 1768 2721 satis
1815 2678 1951 2722 esse
1997 2657 2189 2741 dixit,
2234 2656 2288 2720 si

276 2749 542 2830 togatus
599 2744 846 2809 urbana
893 2745 1104 2810 officia
1151 2745 1277 2809 sibi
1333 2745 1824 2831 praestitissem,
1881 2767 2042 2829 quae
2097 2746 2291 2808 etiam

277 2834 431 2917 illis,
475 2833 530 2896 si
573 2832 820 2917 vellem,
866 2837 1191 2916 praestare
1236 2854 1508 2917 possem.
1581 2831 1809 2917 Itaque
1844 2854 2014 2897 nunc
2049 2831 2292 2898 Romae

280 2921 495 2985 omnia
528 2922 790 3006 negotia
827 2919 1084 2984 Lentuli
1121 2942 1415 3006 procuro,
1453 2922 1739 2986 sustineo
1776 2942 2116 3005 meumque
2156 2920 2293 2984 offi-

279 3010 469 3093 cium,
512 3009 718 3092 fidem,
763 3009 1067 3092 pietatem
1111 3010 1194 3073 iis
1238 3012 1515 3093 praesto.
1591 3006 1717 3074 Sed
1750 3009 2112 3074 mehercule
2157 3031 2293 3072 rur·
2391 3069 2394 3072 ,

198 3124 254 3165 ω
282 3119 391 3162 sus
438 3098 568 3161 iam
611 3097 927 3161 abiectam
972 3097 1459 3180 compositionis
1516 3118 1696 3181 spem
1739 3117 1873 3162 non
1915 3096 2293 3180 desperatis-

281 3186 504 3250 simam
553 3206 690 3250 esse
733 3189 911 3271 puto,
958 3186 1261 3269 quoniam
1302 3184 1534 3250 Caesar
1579 3190 1676 3250 est
1712 3206 1786 3250 ea
1821 3189 2054 3270 mente,
2100 3206 2293 3269 quam

282 3277 505 3357 optare
550 3272 871 3339 debemus

412 3361 552 3426 Hac
607 3384 677 3428 re
733 3361 896 3425 mihi
954 3362 1188 3445 placet,
1247 3361 1301 3425 si
1357 3361 1483 3426 tibi
1543 3360 1825 3445 videtur,
1883 3365 1949 3425 te
2008 3359 2089 3424 ad
2148 3380 2323 3422 eum.

279 3450 554 3514 scribere
618 3453 683 3514 et
745 3450 826 3514 ab
891 3470 965 3514 eo
1036 3449 1428 3532 praesidium
1490 3453 1735 3533 petere,
1809 3453 1883 3512 ut
1944 3447 2192 3530 petiisti
2258 3470 2295 3511 a

199 3565 252 3606 aa
278 3536 582 3622 Pompeio
630 3559 733 3602 me
788 3537 1044 3622 quidem
1099 3537 1495 3621 adprobante
1551 3536 1951 3621 temporibus
2000 3534 2294 3598 Milonia-
