2642 3923
288 810 306 853 1

246 161 256 172 ⁶
349 201 479 266 348
988 202 1062 256 M.
1101 201 1313 257 TULLI
1352 201 1730 257 CICERONIS

1244 432 1481 499 XXIII.

688 554 801 610 Ser.
832 556 1111 610 Brundisi
1157 556 1283 609 VII
1308 556 1397 609 Id.
1432 555 1619 625 Quint.
1658 574 1708 610 a.
1743 560 1853 611 70⁷
1890 560 2026 625 (47).

989 678 1244 733 CICERO
1283 678 1546 733 ATTICO
1587 678 1734 733 SAL.

485 786 669 863 Quod
723 787 801 851 ad
855 792 922 851 te
969 788 1346 871 scripseram
1395 791 1469 850 ut
1513 808 1657 851 cum
1706 786 1977 853 Camillo
2024 789 2376 854 communi-

353 897 547 959 cares,
592 876 669 940 de
715 898 789 940 eo
838 874 1148 940 Camillus
1195 874 1357 939 mihi
1404 875 1664 977 scripsit
1711 881 1766 940 te
1811 899 2026 941 secum
2066 877 2373 944 locutum.
2436 907 2462 946 5

351 964 522 1028 Tuas
577 964 828 1028 litteras
885 964 1361 1048 exspectabam3
1424 964 1549 1027 nisi
1605 964 1766 1028 illud
1812 965 2069 1049 quidem
2114 967 2374 1052 mutari,

354 1053 408 1117 si
466 1052 653 1116 aliter
699 1057 823 1136 est,
879 1057 944 1115 et
992 1056 1276 1137 oportet,
1329 1074 1457 1116 11011
1505 1052 1689 1117 video
1738 1074 1946 1137 posse.
2040 1052 2181 1140 Sed,
2225 1076 2372 1119 cum

353 1142 434 1205 ab
480 1141 595 1205 illo
642 1141 884 1225 accepis
856 1162 1020 1204 ssem
1064 1141 1345 1226 litterae,
1402 1140 1752 1205 desideravi
1796 1146 1942 1206 tuas
1988 1138 2144 1228 (etsi
2188 1148 2371 1226 puta—

353 1230 501 1294 bam
566 1234 632 1294 te
693 1230 1031 1294 certiorem
1095 1229 1336 1293 factum
1399 1250 1534 1293 non
1593 1228 1789 1316 esse),
1851 1230 2044 1295 modo
2099 1230 2370 1317 valeres3

354 1318 699 1401 scripseras
739 1317 908 1381 enim
945 1322 1010 1381 te
1047 1318 1325 1401 quodam
1362 1316 1747 1382 valetudinis
1787 1339 2019 1403 genere
2047 1321 2368 1403 temptari.
2403 1350 2458 1387 10

487 1404 773 1490 Agusius
832 1405 1091 1489 quidam
1146 1404 1381 1470 Rhodo
1433 1411 1694 1470 venerat
1738 1424 1864 1470 v111
1918 1405 2070 1472 Idus
2117 1406 2367 1483 Quinct.

351 1494 417 1558 Is
472 1494 815 1558 nuntiabat
870 1491 1181 1569 Quintum
1234 1494 1440 1557 filium
1497 1494 1574 1557 ad
1622 1492 1958 1559 Caesarem
2010 1496 2369 1579 profectum

352 1600 457 1647 1111
509 1582 650 1646 Kal.
696 1580 865 1668 Iun„
915 1581 1339 1647 Philotimum
1391 1581 1693 1647 Rhodum
1747 1584 1951 1667 pridie
2007 1604 2155 1648 eum
2198 1585 2366 1649 diem

353 1671 631 1755 venisse,
680 1634 917 1734 habe're
972 1671 1052 1735 ad
1104 1693 1207 1734 me
1260 1670 1530 1736 litteras.
1619 1670 1841 1755 Ipsum
1886 1670 2205 1757 Agusium
2260 1696 2366 1736 au-

353 1759 504 1824 dies.
580 1756 704 1825 Sed
747 1759 996 1823 tardius
1040 1759 1166 1824 iter
1211 1759 1501 1823 faciebat.
1577 1759 1678 1823 Eo
1725 1759 1864 1843 feci,
1908 1764 1983 1823 ut
2032 1760 2162 1845 [00]
2211 1761 2365 1825 cele-
2394 1789 2448 1827 15

354 1849 511 1912 riter
557 1848 734 1912 eunti
782 1847 1011 1911 darem.
1088 1846 1254 1923 Quid
1300 1848 1387 1911 sit
1431 1847 1503 1911 in
1547 1847 1626 1911 iis
1673 1847 1929 1933 litteris,
1975 1850 2208 1933 nescio,
2256 1850 2364 1914 sed

353 1936 513 2002 mihi
585 1937 768 2001 valde
831 1934 1108 2013 Quintus
1171 1937 1374 2001 frater
1436 1936 1814 2021 gratulatur.
1912 1900 2234 2021 Equidem
2296 1938 2364 2003 in

353 2047 494 2090 11100
549 2030 734 2090 tanto
788 2030 1047 2109 peccato
1101 2024 1267 2088 nihil
1324 2047 1405 2089 ne
1451 2025 1841 2109 cogitatione
1887 2026 2145 2110 quidem
2192 2027 2364 2093 adse·

355 2115 467 2198 qui
512 2135 795 2200 possum,
840 2115 1012 2198 quod
1054 2113 1215 2177 mihi
1252 2114 1588 2178 tolerabile
1623 2114 1833 2198 possit
1872 2135 2025 2178 esse.
2100 2115 2191 2178 Te
2232 2137 2365 2201 oro,

353 2206 427 2267 ut
473 2203 549 2267 de
594 2202 714 2267 hac
757 2203 991 2266 misera
1036 2202 1298 2286 cogites,
1355 2206 1420 2267 et
1463 2201 1643 2287 illud,
1689 2203 1766 2266 de
1791 2224 1959 2304 quo·
1987 2203 2066 2266 ad
2111 2207 2177 2267 te
2222 2225 2364 2287 pro·
2391 2230 2446 2268 κο

352 2291 522 2355 xime
569 2290 814 2376 scripsi,
860 2294 934 2354 ut
979 2289 1222 2373 aliquid
1258 2290 1632 2354 conficiatur
1669 2291 1747 2354 ad
1785 2291 2070 2373 inopiam
2105 2292 2363 2375 propul-

354 2379 643 2465 sandam,
696 2383 761 2442 et
814 2378 1008 2442 etiam
1064 2379 1141 2443 de
1195 2378 1346 2480 ipso·
1398 2383 1804 2443 testamento.
1894 2377 2063 2443 Illud
2111 2401 2364 2464 quoque

352 2468 580 2533 vellem
628 2471 831 2550 antea,
880 2467 990 2530 sed
1037 2467 1252 2530 omnia
1296 2466 1647 2531 timuimus,
1722 2467 1955 2532 Melius
2004 2467 2315 2551 quidem
2296 2490 2366 2532 m

351 2556 646 2658 pessimis
719 2555 883 2619 1111111
949 2554 1074 2619 fuit
1138 2554 1422 2620 discidio.
1529 2555 1794 2638 Aliquid
1857 2556 2226 2620 fecissemus
2290 2561 2366 2620 ut

350 2644 475 2708 viri
528 2644 630 2707 vel
681 2643 1049 2707 tabularum
1100 2664 1414 2707 novarum
1457 2644 1716 2709 nomine
1761 2644 1864 2709 vel
1906 2648 2365 2709 nocturnarum
2392 2674 2444 2711 25

352 2733 901 2817 expugnationum
972 2732 1074 2796 vel
1138 2731 1433 2796 Metellae
1505 2733 1608 2797 vel
1672 2734 1959 2797 omnium
2021 2734 2366 2818 malorum3

350 2842 466 2885 nec
519 2843 620 2884 res
672 2822 973 2906 perisset,
1032 2825 1096 2885 et
1151 2820 1511 2884 videremur
1565 2820 1809 2904 aliquid
1863 2821 2104 2885 doloris
2158 2821 2364 2886 virilis

348 2909 669 2974 habuisse.
743 2908 1009 2973 Memini
1057 2909 1314 2973 omnino
1363 2913 1508 2973 tuas
1545 2909 1818 2995 litteras,
1863 2910 1974 2974 sed
2010 2914 2075 2974 et
2110 2914 2366 2993 tempus

348 2998 538 3083 illud;
582 2998 705 3062 etsi
751 2997 1002 3081 quidvis
1048 2997 1388 3080 praestitit.
1480 2995 1672 3062 Nunc
1716 2997 1972 3081 quidem
2015 2998 2153 3082 ipse
2198 2998 2367 3062 vide-

350 3090 460 3150 tur
515 3086 915 3169 denuntiare3
982 3086 1274 3150 audimus
1332 3086 1500 3149 enim
1554 3086 1632 3150 de
1687 3091 1903 3150 statua
1958 3084 2160 3151 Clodi.
2242 3084 2367 3150 Ge·
2398 3116 2450 3153 30

349 3197 658 3239 nerumne
720 3180 1016 3238 nostrum
1080 3174 1492 3258 potissimum
1553 3175 1601 3258 †
1635 3179 1711 3238 ut
1772 3174 1897 3239 hoc
1953 3174 2057 3238 vel
2109 3175 2366 3239 tabulas

349 3263 594 3326 novas?
666 3261 883 3327 Placet
938 3262 1097 3326 mihi
1156 3263 1359 3347 igitur
1412 3267 1477 3326 et
1530 3263 1688 3327 item
1740 3262 1866 3326 tibi
1920 3263 2222 3327 nuntium
2274 3285 2370 3327 re-

350 3351 544 3414 mitti.
634 3349 818 3414 Petet
882 3351 1153 3415 fortasse
1217 3351 1480 3415 tertiam
1537 3351 1927 3435 pensionem.
2021 3349 2370 3416 Considera

349 3438 571 3523 igitur,
614 3443 861 3522 tumne,
920 3460 1064 3502 cum
1111 3440 1191 3503 ab
1238 3440 1379 3522 ipso
1425 3443 1742 3522 nascetur,
1789 3462 1872 3503 an
1914 3439 2111 3523 prius,
2203 3440 2370 3525 Ego,

350 3527 407 3589 si
444 3525 576 3589 ullo
614 3527 806 3590 modo
844 3530 1135 3612 potuere,
1170 3527 1274 3591 vel
1307 3528 1643 3592 nocturnis
1680 3528 2022 3593 itineribus
2061 3531 2371 3614 experiar,
2398 3557 2452 3597 ss
