2642 3923
609 192 1122 248 EPISTULARUM
1158 192 1257 246 AD
1293 192 1619 247 ATTICUM
1656 193 1705 243 V
1745 197 1967 247 15—17.
2178 196 2302 257 145

288 340 573 405 triduum
620 339 966 421 Apameae,
1024 336 1294 400 totidem
1339 336 1473 401 dies
1521 334 1831 421 Synnade.
1918 335 2300 401 Audivimus

286 428 451 493 nihil
497 426 670 492 aliud
706 427 832 490 nisi
869 426 1182 507 imperata
1220 424 1611 509 ἐπικεφάλια
1648 426 1891 490 solvere
1926 447 2060 489 non
2093 447 2302 509 posse,

288 517 463 596 ὠνοξς
518 515 804 579 omnium
859 513 1175 596 venditaS,
1239 512 1574 577 civitatum
1628 514 1935 599 gemitus,
1992 514 2301 597 ploratus„

288 607 577 668 monstra
623 602 932 686 quaedam
975 623 1107 665 non
1152 600 1449 687 hominiS,
1496 602 1605 665 sed
1650 602 1819 665 ferae
1860 602 2075 666 nescio
2118 602 2298 665 cuius

237 718 261 759 5
289 692 602 757 immanis.
668 689 831 765 Quid
869 689 1165 774 quaeris?
1233 690 1445 752 taedet
1482 690 1743 754 omnino
1782 712 1891 754 eos
1928 690 2112 753 vitae.
2186 687 2299 754 Le·
2337 706 2367 753 3

288 785 523 845 vantur
548 783 765 844 tamen
796 779 1063 841 miserae
1090 777 1401 861 civitatee,
1439 778 1611 861 quod
1646 778 1862 842 nullus
1890 778 1964 842 fit
2005 782 2298 861 sumptus

289 869 359 932 in
415 889 533 932 nos
588 887 793 950 neque
846 867 916 930 in
968 866 1216 950 legatos
1269 886 1477 947 neque
1534 866 1601 929 in
1648 871 2049 949 quaestorem
2095 887 2299 949 neque

289 957 358 1020 in
405 976 803 1040 quemquam.
879 954 1053 1019 Scito
1098 974 1230 1017 non
1275 954 1464 1018 modo
1502 976 1620 1018 nos
1658 954 1934 1038 foenum,
1980 958 2092 1018 aut
2130 954 2301 1038 quod

292 1066 326 1108 e
372 1044 512 1129 lege
557 1041 723 1108 Iulia
769 1042 904 1106 dari
950 1042 1133 1126 solet,
1178 1063 1310 1104 non
1347 1043 1645 1128 accipere,
1691 1043 1800 1106 sed
1834 1064 1914 1107 ne
1951 1042 2129 1127 ligna
2166 1043 2300 1125 qui-

212 1160 264 1199 10
292 1133 453 1216 dem,
499 1153 612 1196 nec
660 1134 914 1214 praeter
960 1095 1266 1214 quattuor
1301 1128 1503 1195 lectos
1540 1134 1605 1194 et
1640 1134 1881 1194 tectum
1919 1152 2300 1214 quemquam

293 1221 571 1303 accipere
637 1219 1004 1303 quicquam,
1070 1218 1292 1281 multis
1355 1218 1514 1282 locis
1578 1240 1660 1282 ne
1722 1222 1964 1282 tectum
2027 1219 2301 1304 quidem,

291 1313 356 1373 et
409 1308 478 1371 in
531 1307 942 1371 tabernaculo
988 1327 1241 1369 manere
1287 1306 1676 1390 plerumque.
1766 1305 1993 1391 Itaque
2038 1307 2301 1371 incredi-

290 1396 485 1460 bilem
531 1396 598 1460 in
643 1394 901 1459 modum
947 1416 1288 1458 concursus
1335 1394 1500 1459 fiunt
1538 1417 1614 1458 ex
1653 1395 1845 1480 agriS,
1889 1417 1965 1458 ex
2002 1395 2178 1481 vicis,
2222 1417 2299 1458 ex

291 1484 587 1549 domibus
653 1483 964 1547 omnibus.
1065 1481 1426 1546 Mehercule
1489 1483 1682 1547 etiam
1746 1483 2021 1547 adventu
2075 1487 2299 1547 nostro

213 1596 263 1637 15
292 1572 698 1637 reviviscunt.
789 1571 1074 1655 Iustitia,
1128 1570 1549 1656 abstinentia,
1600 1571 1934 1635 clementia
1986 1572 2086 1635 tui
2132 1569 2302 1635 Cice·

293 1661 468 1725 ronis
531 1658 804 1743 [itaque]
863 1659 1193 1743 opiniones
1251 1659 1538 1722 omnium
1591 1658 1931 1741 superavit.
2032 1658 2303 1745 Appius,
2338 1678 2369 1724 4

292 1753 365 1812 ut
411 1749 654 1812 audivit
698 1769 816 1812 nos
863 1748 1095 1832 venire,
1152 1746 1221 1810 in
1266 1747 1561 1825 ultimam
1607 1747 2001 1829 provinciam
2048 1770 2115 1811 se
2160 1769 2302 1811 con-

292 1837 441 1900 iecit
512 1836 783 1901 Tarsum
856 1857 1074 1919 usque.
1190 1833 1291 1898 Ibi
1364 1835 1574 1898 forum
1639 1835 1791 1919 agit.
1892 1834 1989 1900 De
2060 1835 2300 1899 Partho

292 1924 619 1990 silentium
683 1929 808 2008 est,
872 1924 981 1989 sed
1034 1928 1251 1988 tamen
1305 1923 1592 1988 concisos
1651 1923 1898 2007 equites
1951 1928 2211 1988 nostros
2267 1947 2303 1988 a

212 2040 265 2079 20
292 2013 583 2078 barbaris
619 2012 1005 2077 nuntiabant
1040 2012 1107 2096 ii,
1151 2013 1263 2096 qui
1302 2012 1656 2076 veniebant.
1719 2011 1991 2076 Bibulus
2027 2034 2109 2077 ne
2136 2013 2303 2097 cogi·

291 2102 474 2166 tabat
511 2101 766 2186 quidem
803 2101 995 2165 etiam
1030 2122 1199 2163 nunc
1234 2101 1304 2163 in
1340 2099 1732 2184 provinciam
1771 2123 1951 2165 suam
1988 2101 2303 2184 accedere3

291 2188 357 2253 id
401 2193 615 2253 autem
659 2189 862 2252 facere
902 2189 985 2253 ob
1023 2210 1161 2251 eam
1199 2209 1454 2252 causam
1490 2188 1804 2274 dicebant,
1849 2189 2020 2273 quod
2055 2189 2302 2253 tardius

292 2277 485 2342 vellet
543 2278 852 2342 decedere.
953 2274 1091 2340 Nos
1162 2276 1232 2340 in
1285 2280 1497 2341 castra
1549 2277 2076 2362 properabamus,
2141 2299 2303 2362 quae

291 2365 556 2429 aberant
602 2365 814 2429 tridui.
1062 2386 1066 2390 ·

213 2583 263 2624 25
1202 2556 1403 2623 XVII.

411 2677 528 2733 Ser.
565 2680 627 2731 in
663 2679 856 2734 itinere
893 2679 968 2732 ad
1005 2685 1185 2733 castra
1205 2680 1493 2818 ssggerffilzy
1526 2681 1612 2734 Id.
1656 2687 1705 2735 et
1734 2681 1885 2749 prid.
1924 2681 2010 2735 Id.
2051 2679 2192 2735 Sext.

1113 2767 1162 2802 α.
1478 2794 1489 2805 .

923 2870 1178 2927 CICERO
1218 2871 1479 2927 ATTICO
1520 2872 1668 2927 SAL.

425 2979 658 3064 Accepi
705 2979 910 3043 Roma
956 2978 1092 3043 sine
1138 2980 1416 3063 epistula
1472 2985 1585 3045 tua
1639 2980 2013 3045 fasciculum
2058 2981 2302 3046 littera-
2342 3002 2368 3049 1

209 3095 262 3132 30
291 3088 461 3153 rum3
505 3068 573 3131 in
620 3089 767 3152 qu0,
815 3071 869 3132 si
915 3068 1104 3131 modo
1143 3068 1407 3132 valuisti
1454 3073 1517 3132 et
1556 3067 1798 3133 Romae
1842 3070 2043 3154 fuisti,
2087 3069 2301 3135 Philo·

290 3155 434 3219 timi
478 3156 639 3221 duco
696 3177 833 3220 esse
897 3155 1176 3240 culpam,
1238 3178 1371 3220 non
1435 3162 1629 3220 tuam.
1722 3155 1902 3221 Hanc
1963 3159 2303 3242 epistulam

293 3243 526 3308 dictavi
573 3244 794 3308 sedens
842 3244 910 3308 in
954 3244 1169 3327 raeda,
1215 3265 1361 3308 cum
1406 3244 1477 3307 in
1522 3249 1726 3308 castra
1773 3245 2221 3330 proficiscerer,
2266 3271 2303 3312 a

292 3332 524 3416 quibus
574 3332 830 3397 aberam
874 3330 1072 3396 bidui.
1162 3330 1389 3396 Paucis
1447 3331 1669 3397 diebus
1724 3331 2039 3398 habebam
2094 3340 2301 3399 certos

289 3420 598 3504 homineS,
648 3420 882 3505 quibus
921 3420 1136 3484 darem
1180 3420 1449 3484 litteras.
1524 3419 1747 3504 Itaque
1784 3443 1859 3486 eo
1896 3443 1999 3485 me
2038 3423 2301 3487 servavi.

207 3534 259 3574 ³5
287 3506 427 3573 Nos
482 3514 727 3594 tamen,
782 3507 906 3572 etsi
959 3507 1083 3573 hoc
1138 3512 1203 3575 te
1258 3530 1336 3572 ex
1384 3508 1526 3573 aliis
1573 3509 1789 3573 audire
1834 3509 2033 3592 malo,
2099 3509 2191 3574 sic
2234 3510 2305 3573 in
2340 3526 2371 3573 2

402 3622 491 3662 010.
520 3623 649 3669 epist.
679 3622 738 3662 11.
1920 3616 1985 3665 10
