2642 3923
256 791 279 837 1

321 185 410 250 90
961 185 1034 239 M.
1074 185 1288 239 TULLI
1325 184 1701 240 CICERONIS

1225 415 1430 481 XVH.

604 536 716 593 Sor.
751 536 1161 593 Thessalonicae
1190 553 1278 606 pr.
1309 538 1459 591 Non.
1499 537 1639 606 Sept.
1679 554 1730 591 a.
1772 541 1883 591 696
1921 538 2061 604 (58).

960 659 1214 714 CICERO
1248 659 1512 715 ATTICO
1552 659 1700 714 SAL.

455 767 552 833 De
580 766 819 844 Quinto
855 769 1055 832 fratre
1091 768 1304 832 nuntii
1339 768 1528 833 nobis
1566 768 1787 832 tristes
1821 789 1937 832 nec
1969 768 2130 831 'varii
2157 789 2338 832 vene·

324 862 470 922 rant
517 879 594 921 ex
648 862 796 921 ante
850 858 1016 921 diem
1063 869 1174 921 ΙΙΙ
1213 855 1379 921 Non
1425 855 1562 920 Iun.
1610 878 1811 940 usque
1856 855 1936 919 ad
1990 856 2147 939 prid.
2194 854 2337 921 Kal.
2391 883 2420 923 5

327 943 497 1029 Sept.
589 945 690 1010 Eo
737 950 951 1010 autem
997 946 1097 1010 die
1142 943 1490 1030 Livineius,
1534 943 1602 1008 L.
1642 943 1877 1030 Reguli
1923 944 2214 1028 libertuS,
2259 945 2341 1008 ad

324 1055 427 1097 me
486 1055 524 1097 a
586 1032 836 1118 Regulo
896 1033 1131 1098 missus
1196 1035 1389 1097 venit.
1498 1032 1562 1097 Is
1628 1033 1885 1097 omnino
1949 1032 2340 1098 mentionem

323 1122 570 1185 nullam
612 1123 848 1186 factam
894 1144 1031 1186 esse
1075 1122 1418 1207 nuntiavit,
1465 1121 1574 1185 sed
1618 1122 1817 1186 fuisse
1852 1125 2070 1186 tamen
2105 1141 2340 1187 sermo·

323 1231 470 1274 nem
513 1210 590 1274 de
637 1208 704 1275 C.
751 1208 935 1274 Clodi
980 1210 1135 1295 filio,
1180 1210 1363 1293 isque
1405 1209 1568 1273 mihi
1613 1210 1659 1293 †
1692 1210 1800 1293 an
1842 1210 2043 1273 fratre
2086 1209 2338 1274 litteras

262 1314 267 1321 ·
325 1297 563 1361 attulit.
652 1295 775 1363 Sed
827 1298 1137 1382 postridie
1195 1296 1364 1362 Sesti
1410 1298 1592 1381 pueri
1637 1301 1972 1380 venerunt,
2032 1298 2143 1381 qui
2190 1321 2227 1362 a
2271 1303 2337 1363 te
2367 1325 2417 1363 ιο

323 1386 575 1449 litteras
621 1386 981 1451 attulerunt
1023 1408 1158 1451 non
1199 1390 1334 1450 tam
1372 1387 1734 1469 exploratas
1780 1408 1817 1450 a
1852 1385 2101 1469 timore,
2146 1407 2335 1470 quam

326 1495 533 1538 sermo
580 1473 828 1539 Livinei
872 1475 1099 1539 fuerat.
1174 1474 1340 1538 Sane
1385 1496 1528 1539 sum
1573 1475 1642 1538 in
1685 1495 1828 1538 meo
1872 1474 2127 1538 infinito
2172 1496 2337 1540 mae·-

325 1583 470 1626 rore
518 1562 832 1627 sollicitus
881 1566 944 1627 et
990 1584 1064 1627 eo
1110 1563 1336 1647 magiS,
1381 1563 1553 1646 quod
1595 1561 1769 1646 Appi
1815 1563 2104 1646 quaestio
2151 1567 2265 1627 est.

458 1646 703 1734 Cetera,
748 1673 908 1734 quae
955 1651 1034 1715 ad
1074 1673 1176 1715 me
1202 1651 1440 1715 eisdem
1473 1651 1711 1715 litteris
1749 1650 1976 1715 scribis
2004 1651 2080 1714 de
2114 1656 2334 1716 nostra

328 1759 465 1823 spe,
517 1702 822 1824 intellego
871 1761 1008 1803 esse
1062 1739 1489 1825 languidiora,
1554 1761 1746 1823 quam
1804 1739 1915 1803 alii
1975 1739 2333 1804 ostendunt
2365 1765 2414 1805 15

324 1826 470 1910 Ego
517 1829 758 1909 autem,
812 1829 1113 1911 quoniam
1159 1849 1291 1891 non
1335 1827 1527 1912 longe
1572 1827 1653 1891 ab
1700 1849 1774 1892 eo
1819 1831 2109 1911 tempore
2154 1828 2336 1892 absu-

326 1935 489 2000 mus,
532 1915 604 1979 in
647 1936 775 1999 quo
821 1937 923 1981 res
969 1915 1439 2001 diiudicabitur,
1484 1920 1596 1981 aut
1642 1917 1723 1981 ad
1769 1919 1834 1980 te
1879 1916 2200 1981 conferam
2234 1937 2337 1981 mc

326 2008 438 2068 aut
486 2004 679 2068 etiam
714 2026 884 2068 nunc
921 2006 1157 2069 circum
1191 2004 1349 2069 haec
1391 2005 1531 2068 loca
1567 2004 2023 2069 commorabor.
2098 2003 2336 2070 Scribit

325 2091 406 2156 ad
449 2114 551 2156 me
594 2093 793 2156 frater
840 2093 1053 2157 omnia
1099 2115 1214 2156 sua
1257 2114 1370 2177 per
1416 2097 1481 2157 te
1518 2115 1717 2157 unum
1762 2094 2081 2157 sustineri.
2172 2092 2336 2169 Quid

324 2184 391 2244 te
437 2185 549 2243 aut
592 2179 831 2264 horter,
876 2181 1047 2264 quod
1089 2180 1267 2264 facis,
1313 2184 1425 2245 aut
1463 2202 1648 2266 agam
1684 2182 1947 2267 gratias,
1993 2181 2163 2266 quod
2202 2203 2337 2245 non
2364 2208 2417 2246 20

326 2268 696 2352 exspectas?
761 2268 1039 2333 Tantum
1065 2269 1256 2333 velim
1285 2270 1547 2334 fortuna
1572 2270 1681 2334 det
1706 2269 1896 2334 nobis
1932 2273 2335 2354 potestatem,

322 2359 399 2419 ut
442 2356 790 2421 incolumes
838 2379 1052 2422 amore
1090 2362 1315 2421 nostro
1363 2359 1778 2441 perfruamur
1870 2356 2040 2423 Tuas
2084 2359 2335 2423 litteras

325 2465 573 2527 semper
617 2444 894 2508 maxime
946 2450 1271 2529 exspect03
1336 2446 1404 2509 in
1469 2447 1700 2529 quibus
1756 2467 1906 2511 cave
1957 2467 2211 2510 vereare
2254 2468 2336 2511 ne

324 2533 438 2597 aut
482 2532 816 2617 diligentia
860 2536 975 2597 tua
1018 2533 1176 2597 mihi
1222 2534 1495 2599 molesta
1540 2539 1652 2598 aut
1680 2534 1915 2598 veritas
1962 2535 2188 2599 acerba
2233 2535 2333 2599 sit.

321 2618 492 2686 Data
535 2643 628 2705 pr.
674 2619 898 2686 Nonas
945 2620 1116 2705 Sept.
2363 2648 2416 2687 25

1210 2797 1443 2862 XVIII.

587 2917 701 2974 Ser.
744 2918 1154 2973 stessalonicae
1188 2920 1361 2974 medio
1397 2936 1467 2973 m.
1507 2918 1649 2987 Sept.
1688 2936 1739 2974 a.
1780 2923 1892 2974 696
1930 2923 2070 2989 (58).

957 3040 1211 3096 CICERO
1250 3041 1511 3096 ATTICO
1551 3041 1697 3097 SAL.

454 3149 1021 3233 Exspectationem
1071 3150 1262 3215 nobis
1318 3172 1449 3214 non
1494 3172 1757 3234 parvam
1803 3151 2140 3237 attuleras,
2192 3173 2337 3216 cum

322 3237 667 3321 scripseras
705 3235 1064 3302 Varronem
1108 3238 1233 3302 tibi
1278 3260 1396 3323 pro
1437 3237 1718 3303 amicitia
1753 3203 2161 3304 confirmasse
2196 3261 2344 3303 cau-z
2364 3262 2417 3303 ao

322 3347 458 3389 sam
509 3329 797 3389 nostram
842 3325 1219 3409 Pompeium
1273 3330 1443 3391 certe
1499 3331 1945 3429 suscepturum
1998 3332 2090 3411 et,
2145 3327 2338 3391 simul

321 3435 358 3476 a
397 3411 662 3476 Caesare
699 3413 757 3476 ei
792 3413 1065 3497 litterae,
1112 3437 1270 3497 quas
1307 3418 1721 3500 exspectaret,
1764 3416 2069 3480 remissae
2105 3418 2337 3500 essent,

320 3504 602 3564 actorem
648 3500 842 3565 etiam
887 3501 1203 3567 daturum.
1294 3502 1533 3568 Utrum
1579 3502 1644 3566 id
1686 3502 1853 3567 nihil
1896 3503 2048 3588 fuit,
2107 3523 2190 3566 an
2234 3503 2339 3567 ad·
