2642 3923
322 202 453 266 394
960 203 1033 257 M.
1072 202 1287 257 TULLI
1325 201 1702 257 CICERONIS

327 346 730 411 vehementer
768 346 996 432 dilig03
1040 369 1191 411 nam
1228 350 1311 431 et,
1359 346 1584 430 quanti
1620 349 1872 429 patrem
1907 346 2049 428 feci,
2075 345 2122 429 †
2136 348 2350 411 totum

324 433 395 498 in
437 434 609 498 hunc
653 435 867 518 ipsum
912 456 1026 518 per
1075 457 1143 499 se
1193 456 1391 519 aeque
1444 456 1589 498 amo
1646 436 1840 518 atque
1885 433 2070 498 illum
2121 434 2349 518 amavi,

323 527 391 587 te
444 544 595 587 vero
657 523 1037 609 plurimum,
1092 522 1204 606 qui
1247 521 1372 586 hoc
1420 522 1500 586 ab
1547 525 1823 606 utroque
1866 525 2165 586 nostrum
2208 521 2351 586 fieri

325 610 500 676 velis,
577 609 648 675 Si
690 610 918 675 hortos
965 611 1341 696 inspexeris,
1388 614 1452 674 et
1491 610 1547 675 si
1584 610 1661 674 de
1697 610 1974 693 epistula
2011 610 2349 675 certiorem

325 720 428 763 me
462 699 705 784 feceris,
741 698 989 765 dederis
1028 699 1209 785 mihi,
1245 698 1418 782 quod
1457 698 1535 762 ad
1571 702 1637 762 te
1675 698 1976 783 scribam3
2023 699 2080 762 si
2115 698 2350 784 minus,
2406 724 2433 765 5

327 787 602 852 scribam
646 791 866 852 tamen
909 787 1168 871 aliquid.
1258 785 1631 870 Numquam
1675 787 1847 850 enim
1893 785 2058 851 derit

1271 996 1376 1063 ·11.

654 1117 768 1173 Sor.
796 1119 861 1171 in
902 1119 1216 1174 Tusculano
1249 1118 1353 1173 IX
1383 1118 1458 1173 K.
1488 1118 1618 1173 Iwn.
1648 1136 1700 1174 a.
1733 1121 1845 1174 709
1882 1121 2019 1187 (45).

929 1241 1220 1296 CICERO
1257 1241 1548 1297 ATTICO
1584 1241 1750 1297 SAL.

228 1366 289 1416 (ι)
458 1348 720 1415 Gratior
782 1349 943 1414 mihi
1007 1349 1298 1414 celeritas
1356 1354 1472 1414 tua
1528 1372 1721 1434 quam
1775 1349 1918 1433 ipsa
1970 1371 2091 1415 res.
2182 1348 2350 1427 Quid
2377 1379 2432 1418 10

327 1437 497 1503 enim
549 1438 920 1523 indignius?
995 1435 1120 1503 Sed
1172 1438 1302 1502 iam
1359 1438 1438 1502 ad
1482 1438 1611 1502 ista
1658 1437 2077 1503 obduruimus
2125 1442 2191 1503 et
2233 1438 2350 1504 hu-

325 1527 703 1591 manitatem
760 1547 1013 1591 omnem
1069 1527 1375 1591 exuimus.
1467 1526 1638 1590 Tuas
1697 1527 1949 1590 litteras
2006 1526 2198 1591 hodie
2243 1549 2349 1592 ex-

328 1615 720 1701 spectabam,
777 1614 945 1678 nihil
989 1615 1281 1699 equidem
1327 1617 1402 1679 ut
1447 1635 1523 1678 ex
1570 1615 1652 1679 iis
1696 1615 1877 1701 novi3
1934 1615 2088 1699 quid
2133 1615 2347 1681 enim?

326 1724 549 1767 verum
593 1705 813 1768 tamen
860 1740 962 1767 -—.

1276 1877 1407 1944 Ha.
2375 1907 2429 1948 1⁶

667 2001 781 2057 scr.
810 2002 874 2055 in
916 1967 1229 2058 Tuscum
1273 2001 1365 2055 VI
1393 2000 1469 2056 K.
1497 2002 1628 2055 Iam.
1657 2018 1710 2056 a.
1740 2003 1854 2056 709
1890 2003 2026 2070 (45).

934 2122 1224 2179 CICERO
1259 2123 1551 2179 ATTICO
1586 2123 1753 2179 SAL.

122 2253 145 2298 1
170 2250 239 2299 (Π
268 2249 310 2301 ι)
463 2231 672 2317 Oppio
728 2236 795 2297 et
837 2231 1044 2296 Balbo
1092 2231 1403 2317 epistulas
1449 2231 1681 2297 deferri
1725 2232 1976 2296 iubebis
2022 2236 2088 2298 et
2132 2236 2350 2298 tamen

328 2320 629 2385 Pisonem
683 2320 888 2385 sicubi
934 2320 1011 2384 de
1056 2341 1230 2384 auro.
1310 2318 1623 2385 Faberius
1671 2320 1726 2383 si
1771 2320 2036 2405 venerit,
2080 2321 2350 2407 videbis,

327 2412 403 2474 ut
460 2412 715 2473 tantum
759 2408 1180 2491 attribuatur,
1236 2408 1292 2472 si
1336 2408 1526 2473 modo
1575 2408 1989 2494 attribuetur,
2034 2414 2348 2494 quantum
2375 2437 2431 2476 20

330 2497 612 2561 debetur.
703 2496 998 2580 Accipies
1045 2496 1124 2561 ab
1162 2459 1390 2561 Erote.

118 2604 148 2651 2
168 2603 234 2654 (Π
261 2604 302 2653 2)
463 2583 861 2670 Ariarathes,
902 2585 1327 2649 Ariobarzani
1360 2584 1553 2669 filius,
1590 2583 1865 2649 Romam
1899 2585 2093 2650 venit.
2167 2584 2348 2671 Vult,

331 2674 585 2759 opinor,
639 2694 910 2759 regnum
970 2672 1230 2757 aliquod
1284 2695 1490 2738 emere
1536 2695 1575 2737 a
1620 2671 1914 2757 Caesare3
1976 2694 2154 2758 nam,
2219 2694 2347 2757 quo

330 2762 519 2826 modo
564 2783 735 2827 nunc
779 2767 907 2846 est,
964 2761 1189 2844 pedem
1235 2761 1349 2825 ubi
1395 2765 1598 2846 ponat
1642 2761 1712 2824 in
1756 2783 1903 2844 suo,
1955 2782 2091 2825 non
2133 2761 2346 2827 habet.

329 2848 606 2914 Omnino
652 2871 799 2914 eum
846 2847 1094 2914 Sestius
1139 2852 1387 2932 noster,
1447 2849 1764 2933 parochus
1809 2849 2126 2936 publicus,
2171 2871 2347 2915 oceu-
2372 2877 2431 2917 25

329 2938 538 3023 pavit3
583 2938 756 3021 quod
801 2938 1057 3021 quidem
1094 2937 1279 3001 facile
1314 2938 1544 3021 patior.
1618 2935 1861 3002 Verum
1898 2942 2134 3024 tamen,
2178 2937 2350 3022 quod

331 3025 505 3096 mihi
540 3048 788 3090 summo
841 3025 1148 3090 beneficio
1193 3047 1338 3090 meo
1375 3047 1610 3111 magna
1645 3047 1790 3090 eum
1826 3026 2136 3091 fratribus
2172 3027 2350 3091 illius

330 3114 797 3179 necessitudost
811 3165 828 3199 ,
892 3114 1098 3178 invito
1166 3134 1313 3178 eum
1375 3136 1488 3198 per
1550 3113 1834 3200 litteras,
1878 3118 1970 3178 ut
2024 3114 2195 3197 apud
2248 3136 2354 3192 me

332 3203 713 3267 deversetur.
803 3200 906 3266 Ad
971 3224 1110 3266 eam
1156 3224 1291 3266 rem
1338 3223 1481 3267 cum
1528 3203 1853 3267 mitterem
1896 3201 2356 3289 Alexandrum,

329 3289 447 3355 has
495 3291 554 3354 ei
600 3290 744 3354 dedi
790 3291 1058 3354 litteras
2384 3319 2445 3359 so
