2642 3923
669 176 1184 231 EPISTULARUM
1222 176 1320 230 AD
1359 175 1685 232 ATTICUM
1719 177 1796 231 XI
1833 183 1988 233 3—5.
2202 177 2328 242 327

1280 406 1360 474 V.

678 529 792 586 Ser.
823 531 1101 585 Brundisi
1128 547 1218 599 pr.
1247 530 1397 585 Non.
1427 530 1569 586 Nov.
1597 548 1651 586 a.
1681 534 1794 587 706
1833 533 1974 599 (48).

950 651 1205 708 CICERO
1243 651 1508 708 ATTICO
1547 652 1695 709 SAL.

450 762 623 839 Quae
681 783 787 827 me
842 782 1070 827 causae
1121 762 1466 846 moverint,
1530 784 1724 847 quam
1776 760 2091 864 acerbae,
2128 783 2319 846 quam
2368 777 2391 825 1

264 880 288 917 5
317 873 571 937 graves,
624 872 816 935 quam
857 871 1081 935 novae,
1133 851 1587 934 coegerintque
1631 851 1878 933 impetu
1920 849 2128 934 magis
2176 871 2329 934 quo-

317 941 464 1004 dam
516 938 714 1003 animi
767 938 866 1002 uti
920 960 1113 1023 quam
1167 939 1588 1023 cogitatione,
1641 959 1775 1002 non
1827 959 2094 1023 possum
2139 937 2219 1001 ad
2264 941 2329 1002 te

318 1029 454 1092 sine
497 1027 774 1091 maximo
823 1026 1040 1091 dolore
1086 1025 1376 1091 scribere.
1458 1025 1745 1090 Fuerunt
1791 1026 2047 1110 quidem
2093 1030 2327 1110 tantae,

318 1121 391 1180 ut
436 1115 529 1200 id,
584 1115 758 1198 quod
801 1114 1003 1197 vides,
1061 1114 1401 1179 effecerint.
1492 1113 1737 1200 Itaque,
1779 1135 1896 1179 nec
1941 1114 2095 1199 quid
2140 1115 2219 1178 ad
2263 1118 2329 1178 te

319 1204 594 1269 scribam
638 1202 715 1268 de
760 1203 918 1267 meis
964 1202 1156 1266 rebus
1200 1224 1317 1267 nec
1362 1202 1517 1286 quid
1561 1225 1599 1268 a
1642 1206 1709 1268 te
1753 1206 1998 1289 petam,
2050 1202 2328 1287 reperim

242 1319 293 1359 ιο
318 1315 454 1358 rem
498 1295 562 1357 et
609 1312 924 1356 summam
966 1290 1214 1375 negotii
1259 1291 1453 1355 vides.

450 1379 768 1464 Equidem
813 1401 893 1444 ex
935 1379 1066 1443 tuis
1112 1379 1350 1443 litteris
1394 1378 1684 1443 intellexi
1719 1384 1785 1445 et
1820 1379 1924 1466 iis,
1968 1399 2128 1464 quas
2163 1399 2329 1444 com-

317 1468 597 1533 muniter
641 1489 787 1532 cum
832 1467 976 1532 ah'is
1022 1467 1367 1552 scripsisti,
1420 1471 1486 1531 et
1531 1467 1632 1552 iis,
1689 1488 1849 1551 quas
1893 1471 2010 1532 tuo
2054 1467 2331 1551 nomine,

320 1556 490 1641 quod
546 1556 741 1621 etiam
792 1578 936 1620 mea
990 1559 1219 1639 sponte
1273 1555 1594 1640 videbam,
1648 1559 1716 1619 te
1769 1555 1988 1620 subita
2030 1577 2100 1620 re
2146 1556 2325 1639 quasi

320 1645 725 1709 debilitatum
770 1664 970 1708 novas
1015 1644 1296 1707 rationes
1333 1644 1554 1708 tuendi
1589 1644 1715 1707 mei
1753 1665 2071 1728 quaerere.
2144 1642 2329 1719 Quod
2366 1661 2395 1706 2

241 1759 292 1799 ιε
321 1733 549 1798 scribis
595 1733 861 1818 placere,
906 1737 979 1796 ut
1023 1731 1289 1815 propius
1335 1731 1623 1797 accedam
1658 1731 1908 1816 iterque
1943 1753 2057 1816 per
2094 1731 2329 1815 oppida

318 1826 516 1886 noctu
576 1821 834 1906 faciam,
894 1841 1026 1884 non
1089 1841 1241 1884 sane
1294 1819 1508 1904 vide0,
1574 1840 1763 1903 quem
1819 1820 1899 1883 ad
1955 1819 2218 1884 modum
2263 1820 2328 1883 id

320 1910 460 1976 fieri
513 1910 736 1994 possit.
835 1906 1060 1994 Neque
1114 1909 1282 1973 enim
1337 1909 1428 1972 ita
1482 1913 1632 1992 apta
1684 1906 1892 1974 habeo
1945 1908 2328 1988 devorsoria,

320 2004 395 2063 ut
447 2003 589 2064 tota
641 2002 931 2082 tempora
976 1997 1202 2060 diurna
1245 1998 1315 2061 in
1362 1999 1442 2061 iis
1488 1996 1729 2080 possim
1773 2018 2170 2080 consumere,
2224 2019 2329 2061 ne-

321 2109 446 2171 que
489 2087 569 2151 ad
612 2086 706 2171 id,
760 2086 930 2171 quod
977 2087 1249 2170 quaeriS,
1301 2086 1577 2149 multum
1620 2086 1908 2170 interest,
1965 2088 2184 2149 utrum
2228 2107 2330 2150 me

243 2204 295 2241 20
320 2175 612 2240 homines
658 2175 728 2238 in
773 2174 1006 2257 oppido
1053 2174 1311 2238 videant
1357 2197 1440 2237 an
1484 2174 1552 2236 ιιι
1597 2174 1717 2238 via.
1793 2136 1914 2238 Sed
1949 2178 2163 2237 tamen
2206 2172 2330 2238 hoc

320 2265 535 2347 ipsum
580 2264 746 2327 sicut
792 2262 920 2327 alia
963 2261 1379 2327 considerabo
1417 2284 1608 2346 quem
1645 2262 1726 2326 ad
1761 2261 2020 2326 modum
2058 2283 2330 2326 commo-

321 2353 580 2416 dissime
622 2351 763 2415 fieri
806 2371 997 2436 posse
1043 2350 1349 2414 videatur.

452 2440 597 2525 Ego
634 2443 899 2523 propter
932 2437 1368 2503 incredibilem
1406 2442 1471 2502 et
1507 2437 1704 2502 animi
1731 2442 1796 2502 et
1824 2438 2110 2522 corporis
2138 2437 2330 2502 mole-
2366 2455 2396 2502 3

323 2528 513 2593 stiam
567 2528 873 2593 conficere
926 2528 1141 2611 plures
1195 2527 1449 2590 litteras
1493 2547 1627 2590 non
1670 2526 1883 2610 potui3
1945 2527 2027 2589 iis
2074 2530 2330 2590 tantum

240 2644 292 2683 25
321 2616 644 2700 rescripsi,
708 2638 747 2680 a
802 2615 1037 2700 quibus
1094 2635 1475 2697 acceperam.
1575 2613 1675 2678 Tu
1728 2615 1920 2678 velim
1974 2618 2039 2678 et
2093 2612 2330 2699 Basilo,

322 2709 386 2770 et
441 2705 675 2788 quibus
729 2708 1055 2788 praeterea
1099 2702 1447 2785 videbitur,
1504 2702 1698 2767 etiam
1744 2700 2014 2766 Servilio
2061 2702 2331 2767 conscri-

323 2793 456 2876 bas,
492 2796 567 2856 ut
610 2792 735 2856 tibi
779 2792 1117 2874 videbitur,
1164 2813 1304 2855 meo
1348 2791 1622 2855 nomine.
1696 2789 1879 2866 Quod
1915 2795 2099 2854 tanto
2137 2791 2329 2854 inter-

322 2880 489 2945 vallo
533 2880 700 2944 nihil
745 2880 1003 2944 omnino
1055 2880 1133 2943 ad
1179 2901 1293 2943 vos
1342 2879 1586 2962 scripsi,
1631 2877 1734 2942 his
1770 2879 2007 2943 litteris
2042 2879 2329 2962 profecto

320 2969 641 3053 intellegis
686 2991 822 3033 rem
865 2967 1026 3033 mihi
1072 2968 1269 3053 desse,
1314 2967 1392 3030 de
1437 2990 1565 3052 qua
1607 2967 1900 3052 scribam,
1941 2988 2075 3032 non
2111 2968 2330 3031 volun-

243 3085 295 3124 ,ιο
324 3060 537 3122 tatem.

454 3145 638 3221 Quod
683 3145 760 3208 de
802 3142 1067 3209 Vatinio
1114 3144 1386 3229 quaeriS,
1430 3165 1637 3227 neque
1672 3144 1848 3208 illius
1883 3165 2089 3228 neque
2125 3144 2330 3208 cuius-
2366 3162 2397 3207 4

322 3256 514 3317 quam
556 3232 718 3297 mihi
762 3236 1086 3315 praeterea
1138 3232 1424 3297 officium
1468 3233 1705 3316 desset,
1760 3231 1816 3296 si
1860 3232 2142 3332 reperire
2189 3252 2329 3314 pos-

323 3326 491 3406 sent,
545 3344 671 3423 qua
723 3322 793 3385 ιιι
848 3343 916 3385 re
969 3342 1071 3385 me
1113 3322 1424 3385 iuvarent
1515 3319 1793 3396 Quintus
1840 3319 2245 3384 aversissimo
2293 3342 2330 3383 a

320 3432 423 3474 me
484 3411 697 3475 animo
751 3408 962 3474 Patris
1024 3409 1167 3474 fuit.
1264 3409 1510 3474 Eodem
1567 3407 1844 3490 Corcyra
1907 3408 2080 3472 filius
2134 3407 2328 3471 venit.

239 3525 291 3565 35
319 3497 473 3562 Inde
515 3498 839 3583 profectos
885 3519 993 3562 eos
1039 3520 1166 3562 una
1211 3518 1356 3561 cum
1402 3497 1627 3561 ceteris
1676 3497 1976 3560 arbitror.
