2642 3923
283 3547 314 3594 8

356 218 490 282 480
1021 219 1095 274 Μ.
1134 218 1349 273 TULLI
1385 218 1762 273 CICERONIS

357 362 437 425 in
480 361 712 425 fidem
757 366 964 426 tuam
1010 385 1048 427 a
1091 383 1361 445 meque
1408 362 1639 426 etiam
1687 367 1917 445 atque
1955 362 2189 426 etiam
2225 361 2381 426 tibi

356 450 950 515 commendatam
1015 451 1499 514 auctoritate
1559 454 1634 514 et
1688 451 1980 514 auxilio
2034 454 2167 514 tuo
2222 454 2382 515 tec-

356 542 509 602 tam
575 539 770 602 velis
831 560 1011 602 esse.
1109 536 1315 603 Satis
1378 539 1527 601 erit
1586 538 1664 602 in
1721 543 2171 622 perpetuum
2232 537 2382 601 Bu-

356 626 680 691 throtiis
726 626 1128 711 praesidii,
1171 647 1594 710 magnaque
1640 648 1818 690 cura
1863 630 1941 690 et
1988 627 2380 690 sollicitu-

358 714 535 778 dine
587 714 937 778 Atticum
990 718 1064 778 et
1118 736 1228 778 me
1282 715 1674 801 liberariS,
1734 714 1798 779 si
1851 714 1998 779 hoc
2054 714 2378 778 honoris
2451 740 2476 780 5

355 803 498 867 mei
557 824 783 866 causa
847 803 1304 887 susceperiS,
1364 807 1447 866 ut
1501 824 1626 866 eos
1682 824 1977 886 semper
2031 825 2069 867 a
2122 806 2197 866 te
2254 803 2380 866 de-

357 891 616 955 fensos
682 891 894 955 velis.
1000 889 1214 965 Quod
1277 894 1359 953 ut
1419 890 1688 975 facias,
1749 894 1824 955 te
1887 890 2379 955 vehementer

358 979 588 1043 etiam
642 982 872 1063 atque
925 979 1159 1043 etiam
1215 980 1442 1063 rogo.²

490 1066 612 1131 His
668 1066 906 1131 litteris
971 1066 1228 1150 scriptis
1292 1088 1394 1129 me
1450 1066 1527 1129 ad
1584 1066 1923 1144 συντάξεις
1977 1067 2147 1148 dedi3
2212 1088 2378 1150 quae

359 1151 616 1238 quidem
677 1177 900 1220 vereor
959 1176 1040 1218 ne
1102 1155 1373 1218 miniata
1426 1155 1638 1218 cerula
1691 1158 1805 1218 tua
1861 1155 2156 1239 pluribus
2213 1155 2375 1218 locis
2406 1185 2464 1223 10

357 1244 673 1308 notandae
737 1244 885 1307 sint.
979 1244 1079 1306 Ita
1133 1265 1277 1306 sum
1330 1242 1652 1327 μετέωρος
1706 1246 1772 1307 et
1825 1243 2076 1327 magnis
2133 1244 2377 1328 cogita-

357 1332 645 1395 tionibus
690 1331 1051 1414 impeditus,

1290 1505 1432 1572 XV.

789 1625 904 1684 Sor.
933 1628 996 1682 in
1033 1628 1256 1682 Antiati
1291 1629 1380 1683 Id.
1409 1630 1537 1683 Iun.
1570 1647 1621 1684 a.
1653 1633 1763 1684 710
1802 1632 1936 1698 (44).

960 1750 1248 1805 CICERO
1282 1750 1573 1816 ATTICO
1610 1752 1771 1807 SAL.
2399 1764 2452 1804 15

489 1859 558 1924 L.
598 1858 885 1924 Antonio
921 1859 1087 1922 male
1124 1859 1227 1942 sit,
1275 1859 1332 1921 si
1369 1859 1625 1941 quidem
1661 1858 2023 1924 Buthrotiis
2060 1861 2373 1926 molestus

356 1951 481 2013 est!
547 1947 691 2033 Ego
731 1947 1175 2012 testimonium
1211 1947 1563 2033 composui,
1609 1948 1797 2050 quod,
1842 1971 1985 2012 cum
2021 1949 2216 2035 voles,
2264 1950 2372 2015 ob-

356 2037 733 2121 signabitur.
815 2034 1132 2100 Nummos
1177 2035 1610 2122 Arpinatium,
1656 2037 1711 2100 si
1756 2036 1825 2100 L.
1863 2036 2098 2102 Fadius
2146 2039 2371 2102 aedilis

355 2129 556 2210 petet,
618 2125 722 2189 vel
786 2146 1005 2188 omnes
1070 2124 1335 2187 reddito,
1435 2124 1578 2208 Ego
1640 2125 1719 2188 ad
1779 2129 1844 2189 te
1908 2126 2032 2190 alia
2091 2128 2372 2210 epistula

356 2213 584 2296 scripsi
641 2213 716 2277 de
774 2210 886 2277 HS
942 2228 1060 2294 cx,
1118 2232 1278 2295 quae
1337 2210 1546 2276 Statio
1608 2217 1996 2277 curarentur.
2091 2212 2160 2278 Si
2215 2236 2369 2299 ergo
2396 2242 2447 2280 20

356 2305 530 2385 petet
585 2300 855 2384 Fadius,
912 2300 970 2363 ei
1028 2300 1175 2363 volo
1231 2300 1437 2383 reddi,
1491 2305 1744 2382 praeter
1788 2299 2054 2365 Fadium
2108 2305 2368 2367 nemini.

355 2388 546 2472 Apud
590 2411 691 2453 me
736 2389 782 2470 †
814 2388 971 2452 item
1014 2392 1174 2471 puto
1221 2351 1599 2470 depositum.
1692 2388 1767 2452 Id
1811 2391 2037 2473 scripsi
2084 2391 2165 2455 ad
2209 2391 2369 2456 Ero·

356 2483 483 2542 tem
529 2481 604 2540 ut
648 2476 952 2540 redderet.

487 2565 801 2649 Reginam
851 2564 972 2628 odi.
1044 2563 1119 2627 Id
1163 2585 1264 2626 me
1308 2563 1448 2627 iure
1494 2564 1698 2629 facere
1745 2566 1867 2630 scit
1914 2588 2189 2650 sponsor
2224 2589 2370 2650 pro-

354 2654 698 2717 missorum
753 2653 888 2716 eius
944 2651 1353 2736 Ammonius,
1410 2674 1571 2735 quae
1627 2654 1884 2737 quidem
1940 2658 2122 2718 erant
2178 2659 2368 2738 φιλό-
2395 2681 2446 2721 25

354 2748 518 2823 λογα
580 2745 646 2804 et
709 2740 1044 2824 dignitatis
1107 2762 1310 2824 meae,
1375 2749 1448 2803 ut
1511 2741 1612 2804 vel
1675 2741 1744 2805 in
1803 2743 2099 2806 contione
2161 2743 2368 2808 dicere

355 2830 664 2894 auderem.
759 2827 960 2892 Saran
1018 2832 1231 2892 autem
1248 2879 1265 2911 ,
1325 2833 1771 2913 praeterquam
1826 2830 1997 2914 quod
2047 2832 2368 2895 nefarium

351 2918 697 3002 hominem,
732 2917 1004 3000 cognovi
1038 2921 1368 2999 praeterea
1403 2917 1470 2980 in
1507 2939 1607 2981 me
1645 2924 2095 2984 contumacem.
2158 2918 2370 2984 Semel

354 3028 499 3069 eum
547 3005 807 3069 omnino
855 3005 1028 3068 domi
1071 3026 1248 3068 meae
1283 3004 1434 3068 vidi.
1509 3002 1671 3069 Cum
1709 3009 2139 3091 φιλοφρόνως
2173 3030 2254 3071 ex
2289 3030 2367 3071 eo

354 3115 738 3178 quaererem,
784 3093 938 3176 quid
973 3114 1134 3175 opus
1172 3098 1360 3175 esset,
1407 3092 1697 3158 Atticum
1736 3116 1803 3159 se
1842 3095 2006 3159 dixit
2045 3117 2364 3179 quaerere.
2393 3121 2447 3162 so

354 3180 731 3264 Superbiam
790 3185 1003 3245 autem
1046 3181 1249 3265 ipsius
1295 3182 1581 3267 reginae,
1634 3204 1779 3247 cum
1823 3187 1991 3247 esset
2035 3187 2214 3247 trans
2260 3184 2366 3247 Ti-

351 3270 555 3333 berim
598 3270 669 3333 in
710 3269 939 3355 hortis,
984 3290 1476 3333 commemorare
1524 3270 1659 3334 sine
1704 3292 1937 3355 magno
1976 3271 2196 3336 dolore
2229 3293 2366 3336 non

353 3378 630 3440 possum.
714 3355 899 3420 Nihil
944 3357 1147 3440 igitur
1192 3379 1337 3421 cum
1382 3358 1554 3443 istis3
1598 3380 1714 3423 nec
1759 3363 1894 3423 tam
1939 3359 2222 3423 animum
2260 3382 2368 3424 me

353 3465 545 3527 quam
591 3444 988 3509 stomachum
1032 3445 1266 3509 habere
1312 3446 1721 3511 arbitrantur.

482 3531 949 3596 Profectionem
1007 3555 1239 3617 meam,
1291 3537 1368 3597 ut
1422 3534 1631 3618 vide0,
1684 3536 1906 3600 Erotis
1961 3535 2357 3619 dispensatio
2389 3561 2442 3602 ⁸⁵
