2642 3923
251 550 282 598 2

252 903 282 951 3

324 213 404 276 12
965 214 1038 268 Μ.
1079 213 1291 267 TULLI
1330 212 1706 268 CICERONIS

319 356 587 441 buntur,
651 379 797 422 cum
852 357 1131 443 veneris,
1185 362 1297 421 aut
1353 357 1413 421 ei
1465 358 1737 422 molesta
1797 362 2012 444 erunt,
2069 357 2138 421 in
2193 360 2342 422 utro

321 445 507 529 culpa
554 445 691 510 erit.

455 532 640 609 Quod
692 535 763 597 in
817 533 1094 617 epistula
1150 539 1264 598 tua
1318 534 1630 617 scriptum
1677 538 1814 598 erat
1858 555 1960 598 me
2004 534 2133 598 iam
2179 534 2343 598 arbi·

320 622 481 686 trari
529 622 933 707 designatum
986 644 1152 707 esse,
1207 622 1369 686 scito
1416 621 1583 686 nihil
1628 627 1762 686 tam
1808 622 2157 687 exercitum
2205 644 2343 686 esse

320 732 490 775 nunc
542 710 787 776 Romae
843 733 1036 794 quam
1090 711 1461 775 candidatos
1527 710 1825 775 omnibus
1890 710 2342 795 iniquitatibus
2398 738 2431 779 ο

318 820 463 884 nec,
515 799 769 883 quando
823 799 1044 864 futura
1100 800 1230 863 sint
1289 799 1572 884 comitia,
1629 799 1793 864 sciri.
1893 798 2136 864 Verum
2188 798 2344 863 haec

322 887 542 952 audies
606 888 682 953 de
745 887 1183 971 Philadelpho.
1293 887 1391 952 Tu
1459 888 1677 973 velim,
1741 909 1902 972 quae
1964 887 2343 951 Academiae

320 980 583 1041 nostrae
647 977 920 1061 parasti,
984 998 1176 1060 quam
1240 976 1518 1060 primum
1579 976 1819 1040 mittas.
1923 975 2088 1043 Mire
2152 998 2343 1060 quam

321 1064 498 1128 illius
535 1065 662 1129 loci
696 1087 831 1130 non
864 1066 1054 1129 modo
1093 1086 1269 1149 usus,
1316 1064 1429 1128 sed
1474 1064 1667 1128 etiam
1705 1065 2013 1150 cogitatio
2055 1064 2342 1128 delectat.

323 1152 554 1218 Libros
590 1175 741 1217 vero
781 1157 927 1217 tuos
965 1175 1114 1217 cave
1152 1154 1452 1236 cuiquam
1487 1153 1732 1237 tradas3
1769 1153 1958 1217 nobis
1989 1173 2115 1237 ece,
2154 1174 2345 1237 quem
2374 1181 2433 1220 ιο

324 1241 406 1306 ad
467 1241 728 1306 modum
795 1241 1047 1326 scribis,
1120 1262 1441 1305 conserva.
1554 1239 1887 1305 Summum
1957 1263 2059 1306 me
2122 1263 2342 1305 eorum

325 1330 612 1394 studium
647 1334 824 1394 tenet
862 1330 1028 1394 sicut
1066 1329 1284 1393 odium
1324 1330 1453 1393 iam
1499 1334 1853 1394 ceterarum
1896 1351 2136 1413 rerum3
2182 1350 2344 1413 quas

325 1421 396 1482 tu
459 1417 833 1483 incredibile
897 1422 996 1481 est
1062 1439 1254 1501 quam
1315 1417 1495 1481 brevi
1568 1421 1855 1501 tempore
1929 1422 2170 1502 quanto
2246 1417 2346 1481 de-

323 1506 592 1571 teriores
641 1506 1000 1570 offensurus
1049 1505 1159 1590 siS,
1206 1528 1398 1589 quam
1444 1506 1780 1589 reliquisti.

1263 1680 1405 1746 XII.
2374 1709 2433 1750 15

803 1802 917 1859 Ser.
957 1803 1163 1858 Romae
1200 1803 1276 1857 K.
1312 1804 1439 1858 Ian.
1479 1821 1529 1858 a.
1572 1806 1680 1858 693
1720 1806 1859 1871 (61).

965 1925 1220 1982 CICERO
1258 1925 1521 1982 ATTICO
1559 1925 1707 1982 SAL.

458 2035 719 2101 Teucris
781 2036 897 2100 illa
957 2036 1206 2100 lentum
1280 2032 1432 2101 sane
1494 2037 1856 2122 negotium,
1926 2057 2134 2122 neque
2197 2034 2346 2101 Cor·

323 2124 533 2189 nelius
595 2125 674 2190 ad
729 2124 1095 2189 Terentiam
1148 2129 1375 2208 postea
1433 2125 1640 2189 rediit.
1734 2123 2003 2208 Opinor,
2059 2124 2139 2189 ad
2184 2122 2345 2189 Con·

328 2213 587 2297 sidium,
652 2211 922 2298 Axium,
986 2211 1288 2277 Selicium
1353 2212 1847 2298 confugiendum
1908 2216 2033 2297 est3
2094 2236 2247 2277 nam
2310 2236 2346 2276 a
2374 2241 2434 2280 ιο

327 2299 603 2366 Caecilio
641 2302 988 2385 propinqui
1034 2301 1278 2366 minore
1317 2302 1683 2366 centesimis
1720 2324 2055 2366 nummum
2091 2323 2346 2366 movere

325 2411 458 2453 non
501 2393 793 2472 possunt.
876 2386 1001 2453 Sed
1045 2394 1119 2453 ut
1166 2389 1246 2452 ad
1290 2390 1499 2473 prima
1542 2391 1654 2453 illa
1700 2390 1972 2475 redeam,
2016 2390 2181 2453 nihil
2226 2410 2345 2474 ego

328 2479 439 2541 illa
511 2477 943 2562 impudentius
955 2530 972 2562 ,
1044 2478 1350 2564 astutius,
1421 2479 1658 2542 lentius
1722 2478 1869 2542 vidi.
1989 2478 2346 2543 eLibertum

325 2568 517 2631 mitto
528 2620 547 2653 ,
599 2566 749 2630 Tito
802 2565 1139 2630 mandavi?
1236 2568 1529 2648 Σκήψεις
1584 2569 1777 2650 atque
1831 2566 2181 2650 ἀναβολαίς
2237 2567 2350 2630 sed

323 2655 539 2718 nescio
606 2677 689 2719 an
750 2655 1161 2739 ταύτόματον
1222 2654 1437 2739 ἡμῶν
1527 2653 1726 2718 Νει111
1758 2654 1918 2719 1111111
1972 2654 2347 2739 Pompeiani
2375 2680 2432 2723 ιο

325 2743 652 2826 prodromi
696 2744 1001 2807 nuntiant
1049 2747 1266 2825 aperte
1310 2742 1686 2826 Pompeium
1724 2748 2016 2807 acturum
2060 2743 2344 2808 Antonio
2527 2747 2534 2753 ’

328 2831 575 2897 succedi
632 2835 955 2916 oportere,
1010 2832 1356 2914 eodemque
1411 2835 1699 2915 tempore
1755 2837 1902 2917 aget
1956 2837 2215 2915 praetor
2271 2832 2350 2896 ad

326 2921 652 3004 populum.
745 2918 874 2984 Res
929 2921 1066 2983 eius
1123 2920 1296 2983 modi
1351 2924 1478 3006 est,
1530 2924 1605 2983 ut
1659 2941 1778 3004 ego
1831 2941 1948 2984 nec
1993 2943 2106 3004 per
2150 2920 2351 2984 bono-

327 3031 469 3071 rum
504 3030 620 3072 nec
657 3030 771 3091 per
807 3008 1184 3091 popularem
1220 3008 1764 3072 existimationem
1797 3007 2067 3073 honeste
2104 3010 2349 3110 possim

325 3095 651 3161 hominem
707 3095 1065 3183 defendere,
1118 3118 1236 3160 nec
1288 3096 1449 3160 mihi
1502 3096 1729 3182 libeat,
1789 3096 1960 3180 quod
2005 3097 2107 3161 vel
2152 3098 2348 3161 maxi·
2375 3124 2432 3163 ao

325 3206 503 3248 mum
548 3189 662 3248 est
735 3183 1001 3248 Etenim
1037 3185 1266 3249 accidit
1300 3185 1444 3269 hoc,
1491 3186 1661 3268 quod
1703 3189 1915 3249 totum
1952 3185 2132 3250 cuius
2173 3185 2350 3250 modi

165 3341 182 3352 „
255 3291 285 3337 2
327 3274 440 3356 sit,
495 3272 728 3336 mando
787 3273 937 3358 tibi,
993 3276 1069 3337 ut
1123 3274 1487 3356 perspicias.
1581 3273 1915 3338 Libertum
1969 3294 2087 3359 ego
2140 3273 2350 3338 habeo

327 3382 478 3424 sane
532 3382 807 3445 nequam
852 3361 1206 3446 hominem,
1258 3360 1559 3425 Hilarum
1605 3362 1774 3448 dic0,
1826 3362 2350 3427 ratiocinatorem

324 3453 390 3513 et
462 3448 759 3512 clientem
831 3453 1032 3512 tuum.
1141 3447 1240 3513 De
1305 3471 1380 3514 eo
1443 3450 1604 3514 mihi
1667 3415 1966 3515 Valerius
2028 3451 2349 3535 interpres

323 3538 611 3622 nuntiat,
655 3535 1079 3620 Thyillusque
1126 3559 1193 3601 se
1240 3538 1494 3603 audisse
1539 3539 1765 3604 scribit
1812 3540 1993 3626 haec,
2042 3560 2181 3604 esse
2234 3539 2347 3603 ho·
2376 3564 2431 3609 so
