2642 3923
1079 227 1138 282 P.
1170 234 1466 283 338—345.
2104 227 2276 284 XCIX

258 366 464 419 reiici
474 382 545 420 or
608 364 964 419 scribendum
1019 368 1206 435 putat’
1260 368 1428 434 Boot3
1505 384 1636 421 nam
1690 368 1893 423 ‘verbis
1947 370 1998 423 si
2048 371 2279 438 recipior

260 436 485 505 egregie
523 435 734 505 opponi
768 436 819 490 si
853 438 1087 503 reiicior,
1135 454 1244 491 non
1281 441 1433 492 recte
1469 440 1560 492 sin
1594 440 1809 506 iactor’,
1847 440 1997 508 quod
2033 440 2275 510 ignorat,

261 507 398 574 quid
436 506 513 560 sit
549 508 780 574 iactare,
829 507 897 561 de
936 523 1046 575 quo
1083 524 1131 563 V.
1161 508 1378 576 Tyr-rell
1417 524 1501 578 ep.
1532 514 1653 577 431,
1701 509 1829 565 add.
1857 509 2041 565 Iuven.
2075 515 2157 565 13.
2189 516 2275 577 22,

261 576 357 631 Sil.
387 575 517 630 XIV
548 581 648 629 107
686 576 893 646 iuqum,
931 577 1033 633 i.·e.
1064 581 1341 643 excutere,
1378 579 1522 634 Flor.
1552 579 1577 631 Ι
1609 587 1654 635 1.
1677 585 1708 633 2
1747 581 2017 635 Romulus
2042 582 2278 636 iactatus

260 650 323 700 in
351 649 722 716 profluentem,
771 644 865 702 Ov,
896 647 1046 702 Fast.
1076 647 1129 700 V
1157 654 1259 701 659
1296 646 1519 718 Sec'l‘pea
1548 665 1655 719 pro
1690 651 1908 704 domino
1948 651 2132 706 Tiberi
2164 651 2277 704 iac-

259 725 411 772 tatur
464 719 671 788 imago,
718 715 1009 773 Claudiam.
1049 724 1133 773 20.
1165 725 1266 772 255
1314 721 1505 773 tibiam
1542 722 1870 789 paludibus,
1916 720 2087 777 Marc.
2115 720 2272 790 Emp.

257 806 313 858 Ρ.
343 793 463 843 208.
487 793 572 855 33,
610 787 817 842 Theod.
847 787 1017 844 Prisc.
1046 795 1240 858 Ρ.167.
1265 796 1332 843 13
1370 793 1443 861 et,
1465 796 1549 858 19,
1587 795 1705 846 334.
1728 796 1795 845 28
1816 808 1897 860 sq.
1936 819 2003 838 =
2040 807 2273 846 vomere.

261 891 328 899 —
368 864 435 911 22
476 860 548 913 iis
585 857 873 926 Wesenb.,
919 859 1076 914 Boot.
1142 860 1231 913 Ad
1268 878 1323 930 p.
1355 866 1438 916 37.
1469 865 1552 915 37.
1599 893 1668 902 -
1724 867 1792 915 35
1828 863 1994 917 debet
2031 863 2275 925 Ascens.,

260 928 531 995 Lambin.,
569 930 801 983 recentt.
823 926 964 984 edd.'
1008 930 1219 997 robab.,
1248 930 1478 985 minime
1505 947 1778 987 necessar.
1835 932 1924 985 Ad
1952 937 2200 1002 p.106.8.
2257 931 2278 1003 ΙΙ

333 998 406 1053 P.
436 998 577 1053 343.
609 1005 640 1051 2
678 1000 881 1054 sentias
918 947 1199 1068 ffesenb„
1244 1001 1456 1069 Baiter,
1493 1001 1727 1071 Tyrrell,
1765 1002 2035 1072 Pluygers
2072 1002 2274 1058 Mnem.

264 1075 398 1123 1881
438 1088 495 1139 p.
528 1074 647 1136 130,
685 1070 892 1124 scribas
926 1069 986 1123 M
1023 1071 1119 1139 (ad
1152 1089 1208 1141 Ρ.
1230 1077 1314 1127 24.
1338 1075 1410 1141 8),
1447 1088 1572 1126 cum
1610 1088 1770 1126 cruce
1796 1073 1941 1126 Boot
1975 1073 2130 1143 prob.
2158 1089 2276 1126 sen·

259 1141 368 1194 tias
403 1157 452 1195 v.
475 1156 705 1207 censeas,
738 1140 827 1193 ‘ut
851 1140 997 1194 vidit
1021 1140 1409 1213 Wesenberg’.
1439 1174 1507 1183 —
1535 1143 1613 1197 rb.
1643 1159 1702 1197 re
1738 1143 1866 1197 add.
1887 1146 2018 1213 post
2042 1161 2107 1197 ea
2132 1143 2278 1198 Boot

259 1210 448 1264 nescio
506 1227 618 1265 cur.
689 1241 757 1253 --
827 1216 859 1263 3
917 1214 1195 1283 excoyites
1251 1213 1374 1282 ‘pro
1423 1212 1625 1267 vitioso
1680 1216 1950 1285 excoyitas
2000 1212 2272 1267 restituit’

260 1279 542 1348 Wesenb.,
589 1280 778 1349 inquit
810 1281 970 1349 Boot,
1013 1283 1260 1353 ‘propter
1294 1284 1550 1350 scribas’3
1595 1299 1724 1337 nam
1764 1286 1976 1338 etiamsi
2008 1285 2151 1338 nihil
2185 1301 2275 1337 ex-

260 1354 456 1421 coyites
520 1351 1007 1421 ‘praecedentibus
1063 1352 1349 1423 iungenda
1403 1357 1461 1408 et
1513 1353 1848 1423 explicanda
1900 1370 2023 1408 esse
2081 1354 2275 1408 ‘etiam

263 1421 478 1475 scribas
517 1421 702 1489 velim,
740 1421 789 1475 si
824 1422 967 1475 nihil
1005 1423 1305 1492 excogites,
1343 1424 1495 1491 quod
1528 1423 1671 1478 mihi
1695 1424 2017 1478 faciendum
2042 1425 2272 1494 putes'',

259 1491 494 1561 Tyr-rell.
578 1491 739 1545 Nihil
782 1492 899 1545 vidi
944 1493 1126 1562 magis
1174 1509 1659 1564 supervacaneum.
1732 1495 1822 1548 Ad
1910 1539 1921 1551 .
1952 1500 2070 1550 106.
2101 1500 2149 1549 8.
2205 1525 2273 1535 --

258 1562 338 1617 Ib.
369 1564 552 1631 ipsum
588 1564 823 1629 scribitO,
858 1564 920 1617 id
950 1563 1078 1618 add.
1107 1566 1239 1633 post
1262 1565 1337 1618 101
1364 1564 1582 1618 Striller
1610 1565 1828 1621 dissert.
1934 1565 2113 1620 ratisl.
2137 1569 2272 1618 1886

257 1632 402 1687 thes.
450 1632 528 1685 m
584 1632 651 1688 cf.
699 1651 753 1703 p.
796 1639 912 1689 114.
934 1638 1028 1701 21,
1085 1639 1310 1690 36019.
1368 1666 1438 1676 —-
1494 1641 1525 1688 6
1571 1653 1618 1689 v.
1650 1634 1711 1691 Ο.
1740 1635 1802 1691 Ε.
1833 1634 2087 1690 Schmidt
2142 1634 2276 1688 ‘Der

256 1702 676 1757 Briefwechsel'
706 1720 761 1773 Ρ.
783 1709 902 1771 220,
942 1704 1171 1758 XVIII
1191 1705 1321 1760 Kal.
1348 1705 1531 1775 Quint.
1552 1706 1761 1773 Baiter,
1790 1706 1985 1760 XVII
1993 1705 2273 1773 Wesenb.,

253 1774 407 1829 ane
451 1777 524 1828 14
567 1772 785 1842 Tyr-rell
829 1789 915 1844 ep.
944 1779 1064 1829 432.
1122 1806 1190 1816 -
1246 1781 1278 1829 9
1314 1792 1457 1831 meos
1489 1775 1678 1846 potius
1717 1792 1887 1844 quam
1921 1784 2131 1831 nostros
2166 1775 2272 1844 Μ’,

255 1844 418 1899 Boot.
455 1874 525 1885 —
573 1850 640 1897 22
661 1860 781 1912 sqq.
810 1862 858 1900 v.
892 1843 954 1899 Ο.
974 1844 1037 1899 Ε.
1059 1844 1313 1899 Schmidt
1353 1845 1486 1899 ‘Der
1519 1845 1933 1900 Briefwechsel’
1973 1865 2027 1916 Ρ.
2048 1853 2151 1900 219
2172 1864 2273 1914 sq.,

256 1916 567 1970 contexunt
609 1913 912 1986 epistulam
947 1915 1073 1971 edd.
1120 1947 1188 1957 —
1248 1921 1315 1970 28
1354 1916 1606 1988 Eymtia
1640 1933 1740 1987 pro
1778 1918 1966 1983 matri,
2021 1916 2152 1973 Bosi
2187 1916 2270 1972 in·

257 1989 456 2054 vento,
489 1986 636 2041 coni.
668 1984 730 2042 Ο.
750 1984 813 2042 Ε.
844 1985 1098 2042 Schmidt
1131 1983 1402 2043 Fleckeis.
1434 1986 1618 2042 annal.
1650 1993 1784 2041 1897
1822 2006 1877 2057 Ρ.
1907 1994 2008 2041 597
2031 2004 2130 2056 sq.,
2166 1989 2270 2042 ita·

256 2074 359 2126 que
415 2058 671 2111 ematiam
724 2073 845 2111 cum
889 2057 963 2111 M.
1020 2087 1089 2099 -
1144 2063 1212 2111 29
1267 2059 1439 2113 Paeto
1485 2058 1625 2113 coni.
1666 2057 1727 2113 Ο.
1748 2057 1810 2113 Ε.
1833 2058 2086 2111 Schmidt
2141 2057 2274 2111 ‘Der

254 2126 678 2181 Briefwechsel’
718 2145 771 2197 p.
804 2132 923 2194 220,
953 2144 1060 2196 pro
1095 2145 1160 2182 ea
1196 2128 1357 2184 codd.
1387 2131 1445 2182 et
1480 2128 1606 2184 edd.
1644 2159 1712 2171 --
1756 2128 1835 2183 rb.
1866 2145 2018 2197 quem
2053 2129 2128 2181 ad
2162 2144 2269 2181 mo·

256 2199 394 2252 dum
458 2199 807 2252 consulenti
868 2197 1129 2267 (fortasse
1192 2198 1354 2253 deest
1405 2199 1578 2252 etiam
1631 2200 1788 2266 mihi3
1853 2198 1922 2254 οἳ.
1959 2217 2014 2269 Ρ.
2044 2203 2163 2253 274.
2185 2203 2270 2263 31,

254 2273 381 2324 275.
414 2271 505 2337 15)
540 2270 843 2337 scripsisti
880 2285 982 2323 scr.
1010 2285 1151 2323 mus.
1179 2268 1357 2325 Rhen.
1388 2275 1525 2324 1898
1560 2288 1615 2340 Ρ.
1647 2275 1766 2337 131,
1811 2286 1911 2338 que
1945 2269 2021 2323 ad
2054 2270 2269 2324 modum

254 2338 606 2393 consolandis
651 2338 921 2407 scripsisti
956 2338 1114 2395 codd.
1129 2381 1143 2406 ,
1189 2356 1354 2409 quam
1398 2341 1473 2394 ad
1516 2342 1733 2394 modum
1776 2341 2104 2395 consolantis
2136 2342 2269 2395 scri·

249 2409 424 2479 psisti
466 2423 497 2462 e
545 2407 771 2463 ‘Scidis'
826 2408 943 2463 suis
988 2407 1215 2475 Bosius,
1260 2410 1410 2481 vulg.
1448 2410 1574 2466 edd.
1610 2413 1834 2481 praeter
1877 2410 2153 2464 Bootium.
2213 2410 2269 2464 Is

251 2482 439 2533 recte:
515 2478 732 2546 ‘Neque
790 2479 941 2532 enim
1005 2476 1196 2534 Cicero
1253 2481 1330 2535 ad
1381 2482 1600 2536 modam
1650 2482 1979 2535 consolantis
2030 2480 2270 2535 scribere

251 2550 508 2619 poterat,
565 2565 739 2617 quum
790 2548 964 2604 vellet
1015 2566 1158 2606 more
1213 2551 1544 2606 consoloentis
1586 2550 1861 2618 indicare,
1917 2550 2005 2605 vel
2049 2566 2268 2620 compa-

251 2621 539 2674 rationem
592 2636 718 2674 cum
768 2618 1092 2674 consolante
1145 2619 1485 2689 instituere’,
1540 2623 1637 2690 qui
1689 2622 1764 2675 ad
1817 2621 2035 2676 modum
2085 2638 2269 2680 conso-

252 2692 431 2746 lamtis
481 2691 702 2759 scripsit
754 2691 891 2744 mihi
935 2688 998 2745 Ο.
1019 2689 1081 2745 Ε.
1104 2690 1360 2745 Schmidt
1416 2691 1547 2745 ‘Der
1592 2690 2005 2746 Briefwechsel’
2061 2710 2116 2762 p.
2147 2698 2266 2747 220.

251 2791 321 2804 --
380 2766 450 2814 31
503 2761 788 2843 intelliges
830 2759 1119 2828 Wesenb.,
1174 2760 1408 2829 Tyrrell.
1471 2765 1490 2831 ΙΙ
1561 2762 1631 2816 Ρ.
1661 2760 1798 2816 344.
1828 2767 1863 2815 4
1916 2778 1999 2816 ne
2052 2763 2270 2817 subeam

250 2831 551 2898 Wesenb.,
596 2830 813 2898 Baiter,
858 2829 1025 2899 Boot,
1068 2848 1185 2886 non
1227 2832 1315 2888 Fr.
1346 2830 1601 2887 Schmidt
1632 2848 1818 2903 progr.
1848 2832 2096 2887 Norimb.
2131 2838 2267 2886 1879

231 2900 305 2972 Ῥ.
337 2907 429 2957 23.
458 2931 529 2943 —-
558 2906 592 2955 6
628 2903 827 2956 scilicet
861 2902 1011 2956 inter
1044 2902 1201 2956 valde
1236 2905 1296 2956 et
1331 2904 1607 2958 molestum
1633 2903 1798 2958 inser.
1823 2900 2016 2959 ‘Codd
2036 2903 2269 2973 Regius)

250 2971 655 3039 Lallemandi’‚
692 2971 856 3026 Klotz
890 2971 1141 3042 probab.,
1176 2974 1228 3027 si
1262 2973 1338 3028 M.
1382 3004 1452 3014 —-
1497 2972 1576 3028 Ib.
1605 2974 1744 3045 [ab]
1779 2973 2005 3027 Baitero
2043 2977 2270 3028 auctore

249 3060 394 3098 recc.
430 3042 556 3097 edd.
578 3072 647 3083 —-
680 3048 742 3097 11
782 3043 927 3111 quod
944 3059 1215 3097 —vsrum
1240 3051 1373 3098 esset
1397 3044 1457 3097 in
1475 3044 1730 3113 parenth.
1753 3043 1961 3111 Baiter,
1991 3041 2269 3111 Wesenb.,

248 3114 415 3169 Boot.
484 3112 574 3165 Ad
609 3130 664 3183 p.
697 3118 893 3168 16.14.
949 3144 1017 3153 -
1074 3118 1139 3167 17
1179 3113 1374 3167 XVII
1409 3114 1656 3181 Manut,
1701 3114 1990 3182 Wesenb.,
2035 3114 2270 3184 Tyrrell,

251 3182 569 3251 Sternkopf
655 3199 800 3253 rogr.
835 3183 1153 3237 Dortmund
1208 3189 1343 3238 1891
1399 3202 1454 3253 Ρ.
1495 3190 1587 3252 37,
1653 3183 1715 3240 Ο.
1736 3184 1799 3240 Ε.
1823 3183 2075 3239 Schmidt
2140 3184 2272 3238 ‘Der

248 3252 631 3309 Briefwechse
658 3253 674 3280 ’
714 3272 768 3323 p.
790 3260 911 3321 220,
949 3254 1179 3308 XVIII
1197 3254 1376 3322 codd,
1413 3255 1622 3323 Baiter,
1658 3255 1817 3310 Boot.
1846 3285 1915 3296 --
1944 3261 2014 3308 34
2040 3262 2090 3310 et
2154 3256 2270 3310 rius

252 3325 361 3380 del.
400 3324 647 3390 Ernesti,
684 3324 842 3379 Boot.
912 3324 1057 3379 ‘Isti’
1100 3328 1232 3379 sunt
1264 3324 1478 3380 Balbus
1515 3327 1575 3379 et
1609 3324 1838 3396 Oppius.
1893 3328 1912 3394 ll
1976 3326 2043 3380 P.
2072 3325 2108 3379 3
2152 3326 2209 3380 ὅ.
2239 3332 2270 3378 5

250 3397 398 3465 quod
425 3394 671 3461 Ernesti,
698 3394 979 3462 Wesenb.,
1007 3394 1167 3463 Boot,
1194 3398 1330 3519 {mi
1358 3396 1535 3463 codd,
1563 3396 1773 3464 Baiter,
1799 3394 2018 3464 Tyrrell
2045 3411 2075 3448 e
2119 3401 2272 3451 .440.

251 3466 341 3519 Ad
358 3471 519 3535 Ρ.10.
532 3470 618 3521 24.
638 3495 708 3505 -
737 3470 769 3520 8
796 3466 855 3520 si
880 3466 1014 3533 quid
1032 3464 1178 3533 Asc„
1246 3466 1406 3535 aiter,
1424 3466 1705 3533 Wesenb.,
1725 3466 1884 3533 Boot,
2008 3467 2045 3520 d
2110 3467 2274 3533 amb.,

252 3537 528 3606 quidquid
562 3534 749 3603 Klotz,
785 3535 1016 3605 Tyrrell.
1071 3566 1140 3577 -
1199 3542 1264 3591 15
1301 3544 1516 3593 tantum
1550 3539 1801 3606 temporis
1838 3536 1907 3590 de
1931 3535 2056 3591 end.
2087 3538 2278 3589 censet

1930 3624 1958 3653 ῼ

1883 3640 1923 3692 8
