<?xml version="1.0" encoding="UTF-8"?>
<!DOCTYPE html PUBLIC "-//W3C//DTD XHTML 1.0 Transitional//EN"
    "http://www.w3.org/TR/xhtml1/DTD/xhtml1-transitional.dtd">
<html xmlns="http://www.w3.org/1999/xhtml" xml:lang="en" lang="en">
 <head>
  <title>
</title>
<meta http-equiv="Content-Type" content="text/html;charset=utf-8" />
  <meta name='ocr-system' content='tesseract 3.04.00' />
  <meta name='ocr-capabilities' content='ocr_page ocr_carea ocr_par ocr_line ocrx_word'/>
</head>
<body>
  <div class='ocr_page' id='page_1' title='image "./scriptaquaemans00friegoog_0179.png"; bbox 0 0 2642 3923; ppageno 0'>
   <div class='ocr_carea' id='block_1_1' title="bbox 690 179 2301 241">
    <p class='ocr_par' dir='ltr' id='par_1_1' title="bbox 690 179 2301 241">
     <span class='ocr_line' id='line_1_1' title="bbox 690 179 2301 241; baseline 0.004 -8"><span class='ocrx_word' id='word_1_1' title='bbox 690 180 1197 235; x_wconf 85' lang='lat' dir='ltr'><strong>EPISTULARUM</strong></span> <span class='ocrx_word' id='word_1_2' title='bbox 1232 181 1333 234; x_wconf 88' lang='lat' dir='ltr'>AD</span> <span class='ocrx_word' id='word_1_3' title='bbox 1371 179 1696 235; x_wconf 85' lang='lat' dir='ltr'>ATTICUM</span> <span class='ocrx_word' id='word_1_4' title='bbox 1732 179 1758 234; x_wconf 88' lang='grc' dir='ltr'>Ι</span> <span class='ocrx_word' id='word_1_5' title='bbox 1800 185 1879 234; x_wconf 80' lang='grc'>18.</span> <span class='ocrx_word' id='word_1_6' title='bbox 2219 179 2301 241; x_wconf 77' lang='grc'>15</span> 
     </span>
    </p>
   </div>
   <div class='ocr_carea' id='block_1_2' title="bbox 196 321 2419 3586">
    <p class='ocr_par' dir='ltr' id='par_1_2' title="bbox 203 321 2419 2066">
     <span class='ocr_line' id='line_1_2' title="bbox 280 321 2302 408; baseline -0.002 -20"><span class='ocrx_word' id='word_1_7' title='bbox 280 331 571 388; x_wconf 87' lang='lat' dir='ltr'>consules</span> <span class='ocrx_word' id='word_1_8' title='bbox 607 325 1012 408; x_wconf 73' lang='lat' dir='ltr'>rogationem</span> <span class='ocrx_word' id='word_1_9' title='bbox 1039 324 1510 408; x_wconf 82' lang='lat' dir='ltr'>promulgasse3</span> <span class='ocrx_word' id='word_1_10' title='bbox 1557 323 1743 388; x_wconf 83' lang='lat' dir='ltr'>uxori</span> <span class='ocrx_word' id='word_1_11' title='bbox 1773 321 2107 387; x_wconf 82' lang='lat' dir='ltr'>Gaesarem</span> <span class='ocrx_word' id='word_1_12' title='bbox 2143 344 2302 385; x_wconf 91' lang='lat' dir='ltr'>nun-</span> 
     </span>
     <span class='ocr_line' id='line_1_3' title="bbox 281 408 2303 477; baseline -0.001 -2"><span class='ocrx_word' id='word_1_13' title='bbox 281 413 443 475; x_wconf 91' lang='lat' dir='ltr'>tium</span> <span class='ocrx_word' id='word_1_14' title='bbox 488 412 826 477; x_wconf 81' lang='lat' dir='ltr'><strong>remisisse.</strong></span> <span class='ocrx_word' id='word_1_15' title='bbox 918 411 996 476; x_wconf 93' lang='lat' dir='ltr'>In</span> <span class='ocrx_word' id='word_1_16' title='bbox 1053 411 1174 476; x_wconf 89' lang='lat' dir='ltr'>hac</span> <span class='ocrx_word' id='word_1_17' title='bbox 1232 434 1422 477; x_wconf 88' lang='lat' dir='ltr'>causa</span> <span class='ocrx_word' id='word_1_18' title='bbox 1466 410 1616 475; x_wconf 91' lang='lat' dir='ltr'>Piso</span> <span class='ocrx_word' id='word_1_19' title='bbox 1676 411 1958 475; x_wconf 84' lang='lat' dir='ltr'>amicitia</span> <span class='ocrx_word' id='word_1_20' title='bbox 2000 409 2069 475; x_wconf 90' lang='lat' dir='ltr'>P.</span> <span class='ocrx_word' id='word_1_21' title='bbox 2120 408 2303 473; x_wconf 88' lang='lat' dir='ltr'>Clodi</span> 
     </span>
     <span class='ocr_line' id='line_1_4' title="bbox 281 498 2304 585; baseline -0 -22"><span class='ocrx_word' id='word_1_22' title='bbox 281 500 508 564; x_wconf 89' lang='lat' dir='ltr'>ductus</span> <span class='ocrx_word' id='word_1_23' title='bbox 556 520 814 584; x_wconf 83' lang='lat' dir='ltr'>operam</span> <span class='ocrx_word' id='word_1_24' title='bbox 862 500 999 583; x_wconf 90' lang='lat' dir='ltr'>dat,</span> <span class='ocrx_word' id='word_1_25' title='bbox 1052 506 1127 564; x_wconf 90' lang='lat' dir='ltr'>ut</span> <span class='ocrx_word' id='word_1_26' title='bbox 1173 522 1246 565; x_wconf 90' lang='grc'>03</span> <span class='ocrx_word' id='word_1_27' title='bbox 1290 501 1574 585; x_wconf 89' lang='lat' dir='ltr'>rogatio,</span> <span class='ocrx_word' id='word_1_28' title='bbox 1636 521 1825 583; x_wconf 88' lang='lat' dir='ltr'>quam</span> <span class='ocrx_word' id='word_1_29' title='bbox 1875 500 2012 583; x_wconf 91' lang='lat' dir='ltr'>ipse</span> <span class='ocrx_word' id='word_1_30' title='bbox 2067 498 2193 562; x_wconf 86' lang='lat' dir='ltr'>fert</span> <span class='ocrx_word' id='word_1_31' title='bbox 2239 502 2304 562; x_wconf 91' lang='lat' dir='ltr'>et</span> 
     </span>
     <span class='ocr_line' id='line_1_5' title="bbox 282 550 2300 688; baseline -0 -38"><span class='ocrx_word' id='word_1_32' title='bbox 282 589 406 652; x_wconf 88' lang='lat' dir='ltr'>fert</span> <span class='ocrx_word' id='word_1_33' title='bbox 462 610 540 652; x_wconf 83' lang='lat' dir='ltr'>ex</span> <span class='ocrx_word' id='word_1_34' title='bbox 598 593 858 652; x_wconf 89' lang='lat' dir='ltr'>senatus</span> <span class='ocrx_word' id='word_1_35' title='bbox 914 550 1207 652; x_wconf 72' lang='lat' dir='ltr'>cohsulto</span> <span class='ocrx_word' id='word_1_36' title='bbox 1265 593 1330 653; x_wconf 88' lang='lat' dir='ltr'>et</span> <span class='ocrx_word' id='word_1_37' title='bbox 1385 588 1461 653; x_wconf 88' lang='lat' dir='ltr'>de</span> <span class='ocrx_word' id='word_1_38' title='bbox 1515 588 1853 673; x_wconf 81' lang='lat' dir='ltr'>religione,</span> <span class='ocrx_word' id='word_1_39' title='bbox 1914 587 2300 688; x_wconf 76' lang='lat' dir='ltr'>antiquetur.</span> 
     </span>
     <span class='ocr_line' id='line_1_6' title="bbox 233 666 2419 762; baseline -0.001 -21"><span class='ocrx_word' id='word_1_40' title='bbox 233 701 256 741; x_wconf 82' lang='lat'><strong>5</strong></span> <span class='ocrx_word' id='word_1_41' title='bbox 282 675 583 740; x_wconf 83' lang='lat' dir='ltr'>Messalla</span> <span class='ocrx_word' id='word_1_42' title='bbox 623 676 1029 741; x_wconf 86' lang='lat' dir='ltr'>vehementer</span> <span class='ocrx_word' id='word_1_43' title='bbox 1067 677 1269 742; x_wconf 88' lang='lat' dir='ltr'>adhuc</span> <span class='ocrx_word' id='word_1_44' title='bbox 1307 677 1444 762; x_wconf 87' lang='lat' dir='ltr'>agit</span> <span class='ocrx_word' id='word_1_45' title='bbox 1482 698 1711 741; x_wconf 87' lang='lat' dir='ltr'>severe.</span> <span class='ocrx_word' id='word_1_46' title='bbox 1784 675 1950 740; x_wconf 90' lang='lat' dir='ltr'>Boni</span> <span class='ocrx_word' id='word_1_47' title='bbox 1996 675 2119 739; x_wconf 84' lang='lat' dir='ltr'>viri</span> <span class='ocrx_word' id='word_1_48' title='bbox 2167 696 2303 758; x_wconf 91' lang='lat' dir='ltr'>pre-</span> <span class='ocrx_word' id='word_1_49' title='bbox 2398 666 2419 687; x_wconf 57' lang='lat'>³</span> 
     </span>
     <span class='ocr_line' id='line_1_7' title="bbox 281 762 2305 866; baseline -0.001 -38"><span class='ocrx_word' id='word_1_50' title='bbox 281 764 464 829; x_wconf 91' lang='lat' dir='ltr'>cibus</span> <span class='ocrx_word' id='word_1_51' title='bbox 512 762 696 828; x_wconf 85' lang='lat' dir='ltr'>Clodi</span> <span class='ocrx_word' id='word_1_52' title='bbox 753 770 1161 830; x_wconf 75' lang='lat' dir='ltr'>removentur</span> <span class='ocrx_word' id='word_1_53' title='bbox 1207 789 1243 828; x_wconf 89' lang='lat' dir='ltr'>a</span> <span class='ocrx_word' id='word_1_54' title='bbox 1289 787 1505 849; x_wconf 88' lang='lat' dir='ltr'>causa,</span> <span class='ocrx_word' id='word_1_55' title='bbox 1563 786 1788 866; x_wconf 84' lang='lat' dir='ltr'>operae</span> <span class='ocrx_word' id='word_1_56' title='bbox 1834 768 2305 848; x_wconf 75' lang='lat' dir='ltr'>comparantur,</span> 
     </span>
     <span class='ocr_line' id='line_1_8' title="bbox 279 816 2303 939; baseline -0.001 -22"><span class='ocrx_word' id='word_1_57' title='bbox 279 856 534 918; x_wconf 88' lang='lat' dir='ltr'>nosmet</span> <span class='ocrx_word' id='word_1_58' title='bbox 571 853 716 938; x_wconf 87' lang='lat' dir='ltr'>ipsi,</span> <span class='ocrx_word' id='word_1_59' title='bbox 764 854 875 936; x_wconf 92' lang='lat' dir='ltr'>qui</span> <span class='ocrx_word' id='word_1_60' title='bbox 903 852 1218 939; x_wconf 83' lang='lat' dir='ltr'>Lycurgei</span> <span class='ocrx_word' id='word_1_61' title='bbox 1248 876 1285 917; x_wconf 87' lang='grc'>3</span> <span class='ocrx_word' id='word_1_62' title='bbox 1312 816 1628 937; x_wconf 65' lang='lat' dir='ltr'>principio</span> <span class='ocrx_word' id='word_1_63' title='bbox 1668 854 2032 937; x_wconf 87' lang='lat' dir='ltr'>fuissemus,</span> <span class='ocrx_word' id='word_1_64' title='bbox 2069 851 2303 916; x_wconf 88' lang='lat' dir='ltr'>cotidie</span> 
     </span>
     <span class='ocr_line' id='line_1_9' title="bbox 281 939 2303 1026; baseline -0.001 -21"><span class='ocrx_word' id='word_1_65' title='bbox 281 941 754 1026; x_wconf 87' lang='lat' dir='ltr'>demitigamur,</span> <span class='ocrx_word' id='word_1_66' title='bbox 789 942 991 1005; x_wconf 89' lang='lat' dir='ltr'>instat</span> <span class='ocrx_word' id='word_1_67' title='bbox 1019 945 1084 1007; x_wconf 89' lang='lat' dir='ltr'>et</span> <span class='ocrx_word' id='word_1_68' title='bbox 1112 947 1300 1026; x_wconf 88' lang='lat' dir='ltr'>urget</span> <span class='ocrx_word' id='word_1_69' title='bbox 1328 939 1505 1006; x_wconf 85' lang='lat' dir='ltr'>Cato.</span> <span class='ocrx_word' id='word_1_70' title='bbox 1578 939 1741 1016; x_wconf 84' lang='lat' dir='ltr'>Quid</span> <span class='ocrx_word' id='word_1_71' title='bbox 1768 941 2015 1005; x_wconf 77' lang='lat' dir='ltr'>multa?</span> <span class='ocrx_word' id='word_1_72' title='bbox 2062 960 2303 1026; x_wconf 87' lang='lat' dir='ltr'>vereor,</span> 
     </span>
     <span class='ocr_line' id='line_1_10' title="bbox 281 1027 2304 1114; baseline -0.001 -20"><span class='ocrx_word' id='word_1_73' title='bbox 281 1050 360 1094; x_wconf 88' lang='grc'>110</span> <span class='ocrx_word' id='word_1_74' title='bbox 420 1027 577 1093; x_wconf 83' lang='grc'>11300</span> <span class='ocrx_word' id='word_1_75' title='bbox 628 1029 920 1114; x_wconf 86' lang='lat' dir='ltr'>neglecta</span> <span class='ocrx_word' id='word_1_76' title='bbox 974 1052 1011 1093; x_wconf 88' lang='lat' dir='ltr'>a</span> <span class='ocrx_word' id='word_1_77' title='bbox 1064 1030 1282 1113; x_wconf 90' lang='lat' dir='ltr'>bonis,</span> <span class='ocrx_word' id='word_1_78' title='bbox 1347 1030 1604 1094; x_wconf 85' lang='lat' dir='ltr'>defensa</span> <span class='ocrx_word' id='word_1_79' title='bbox 1663 1029 1743 1093; x_wconf 90' lang='lat' dir='ltr'>ab</span> <span class='ocrx_word' id='word_1_80' title='bbox 1803 1029 2116 1112; x_wconf 83' lang='lat' dir='ltr'>improbis</span> <span class='ocrx_word' id='word_1_81' title='bbox 2176 1050 2304 1092; x_wconf 89' lang='lat' dir='ltr'>ma-</span> 
     </span>
     <span class='ocr_line' id='line_1_11' title="bbox 214 1117 2370 1201; baseline 0 -21"><span class='ocrx_word' id='word_1_82' title='bbox 214 1145 257 1182; x_wconf 80' lang='grc' dir='ltr'>ιο</span> <span class='ocrx_word' id='word_1_83' title='bbox 284 1139 560 1201; x_wconf 88' lang='lat' dir='ltr'>gnorum</span> <span class='ocrx_word' id='word_1_84' title='bbox 597 1118 690 1182; x_wconf 84' lang='lat' dir='ltr'>rei</span> <span class='ocrx_word' id='word_1_85' title='bbox 736 1118 1027 1201; x_wconf 86' lang='lat' dir='ltr'>publicae</span> <span class='ocrx_word' id='word_1_86' title='bbox 1072 1119 1389 1182; x_wconf 88' lang='lat' dir='ltr'>malorum</span> <span class='ocrx_word' id='word_1_87' title='bbox 1436 1140 1626 1182; x_wconf 89' lang='lat' dir='ltr'>causa</span> <span class='ocrx_word' id='word_1_88' title='bbox 1673 1119 1774 1182; x_wconf 91' lang='lat' dir='ltr'>sit.</span> <span class='ocrx_word' id='word_1_89' title='bbox 1867 1117 2043 1181; x_wconf 89' lang='lat' dir='ltr'>Tuus</span> <span class='ocrx_word' id='word_1_90' title='bbox 2090 1121 2303 1181; x_wconf 90' lang='lat' dir='ltr'>autem</span> <span class='ocrx_word' id='word_1_91' title='bbox 2339 1133 2370 1180; x_wconf 82' lang='grc'>4</span> 
     </span>
     <span class='ocr_line' id='line_1_12' title="bbox 280 1204 2305 1293; baseline -0 -24"><span class='ocrx_word' id='word_1_92' title='bbox 280 1206 387 1270; x_wconf 87' lang='grc'>1110</span> <span class='ocrx_word' id='word_1_93' title='bbox 448 1206 687 1270; x_wconf 89' lang='lat' dir='ltr'>amicus</span> <span class='ocrx_word' id='word_1_94' title='bbox 736 1204 937 1292; x_wconf 87' lang='lat' dir='ltr'>(scin,</span> <span class='ocrx_word' id='word_1_95' title='bbox 1001 1227 1191 1290; x_wconf 88' lang='lat' dir='ltr'>quem</span> <span class='ocrx_word' id='word_1_96' title='bbox 1237 1205 1552 1293; x_wconf 77' lang='lat' dir='ltr'>dicam?),</span> <span class='ocrx_word' id='word_1_97' title='bbox 1611 1205 1685 1270; x_wconf 94' lang='lat' dir='ltr'>de</span> <span class='ocrx_word' id='word_1_98' title='bbox 1745 1228 1872 1290; x_wconf 92' lang='lat' dir='ltr'>quo</span> <span class='ocrx_word' id='word_1_99' title='bbox 1933 1210 2006 1269; x_wconf 90' lang='lat' dir='ltr'>tu</span> <span class='ocrx_word' id='word_1_100' title='bbox 2065 1205 2142 1269; x_wconf 88' lang='lat' dir='ltr'>ad</span> <span class='ocrx_word' id='word_1_101' title='bbox 2201 1227 2305 1269; x_wconf 89' lang='lat' dir='ltr'>me</span> 
     </span>
     <span class='ocr_line' id='line_1_13' title="bbox 282 1293 2304 1378; baseline -0.001 -20"><span class='ocrx_word' id='word_1_102' title='bbox 282 1295 626 1378; x_wconf 79' lang='lat' dir='ltr'>scripsisti,</span> <span class='ocrx_word' id='word_1_103' title='bbox 679 1298 1098 1378; x_wconf 72' lang='lat' dir='ltr'>posteaquam</span> <span class='ocrx_word' id='word_1_104' title='bbox 1154 1316 1286 1358; x_wconf 94' lang='lat' dir='ltr'>non</span> <span class='ocrx_word' id='word_1_105' title='bbox 1334 1294 1593 1359; x_wconf 85' lang='lat' dir='ltr'>auderet</span> <span class='ocrx_word' id='word_1_106' title='bbox 1637 1293 2118 1378; x_wconf 86' lang='lat' dir='ltr'>reprehendere,</span> <span class='ocrx_word' id='word_1_107' title='bbox 2172 1294 2304 1356; x_wconf 89' lang='lat' dir='ltr'>lau-</span> 
     </span>
     <span class='ocr_line' id='line_1_14' title="bbox 281 1382 2304 1467; baseline 0 -22"><span class='ocrx_word' id='word_1_108' title='bbox 281 1382 430 1447; x_wconf 86' lang='lat' dir='ltr'>dare</span> <span class='ocrx_word' id='word_1_109' title='bbox 477 1383 787 1467; x_wconf 90' lang='lat' dir='ltr'>coepisse,</span> <span class='ocrx_word' id='word_1_110' title='bbox 831 1404 979 1467; x_wconf 90' lang='lat' dir='ltr'>nos,</span> <span class='ocrx_word' id='word_1_111' title='bbox 1024 1388 1099 1447; x_wconf 91' lang='lat' dir='ltr'>ut</span> <span class='ocrx_word' id='word_1_112' title='bbox 1146 1383 1458 1467; x_wconf 90' lang='lat' dir='ltr'>ostendit,</span> <span class='ocrx_word' id='word_1_113' title='bbox 1504 1382 1842 1447; x_wconf 86' lang='lat' dir='ltr'>admodum</span> <span class='ocrx_word' id='word_1_114' title='bbox 1890 1383 2130 1467; x_wconf 83' lang='lat' dir='ltr'>diligit,</span> <span class='ocrx_word' id='word_1_115' title='bbox 2177 1400 2304 1445; x_wconf 86' lang='grc'>3111-</span> 
     </span>
     <span class='ocr_line' id='line_1_15' title="bbox 282 1470 2304 1555; baseline -0.001 -21"><span class='ocrx_word' id='word_1_116' title='bbox 282 1470 606 1555; x_wconf 89' lang='lat' dir='ltr'>plectitur,</span> <span class='ocrx_word' id='word_1_117' title='bbox 652 1474 842 1554; x_wconf 91' lang='lat' dir='ltr'>amat,</span> <span class='ocrx_word' id='word_1_118' title='bbox 888 1476 1106 1554; x_wconf 87' lang='lat' dir='ltr'>aperte</span> <span class='ocrx_word' id='word_1_119' title='bbox 1151 1471 1389 1554; x_wconf 89' lang='lat' dir='ltr'>laudat,</span> <span class='ocrx_word' id='word_1_120' title='bbox 1436 1470 1700 1554; x_wconf 91' lang='lat' dir='ltr'>occulte,</span> <span class='ocrx_word' id='word_1_121' title='bbox 1747 1470 1857 1534; x_wconf 91' lang='lat' dir='ltr'>sed</span> <span class='ocrx_word' id='word_1_122' title='bbox 1892 1471 2002 1554; x_wconf 88' lang='lat' dir='ltr'>ita,</span> <span class='ocrx_word' id='word_1_123' title='bbox 2047 1475 2121 1534; x_wconf 90' lang='lat' dir='ltr'>ut</span> <span class='ocrx_word' id='word_1_124' title='bbox 2167 1492 2304 1552; x_wconf 90' lang='lat' dir='ltr'>per-</span> 
     </span>
     <span class='ocr_line' id='line_1_16' title="bbox 206 1557 2304 1643; baseline -0.001 -20"><span class='ocrx_word' id='word_1_125' title='bbox 206 1587 253 1624; x_wconf 75' lang='grc'>15</span> <span class='ocrx_word' id='word_1_126' title='bbox 286 1559 576 1642; x_wconf 90' lang='lat' dir='ltr'>spicuum</span> <span class='ocrx_word' id='word_1_127' title='bbox 623 1559 734 1642; x_wconf 93' lang='lat' dir='ltr'>sit,</span> <span class='ocrx_word' id='word_1_128' title='bbox 778 1559 1035 1623; x_wconf 87' lang='lat' dir='ltr'>invidet.</span> <span class='ocrx_word' id='word_1_129' title='bbox 1127 1558 1310 1622; x_wconf 91' lang='lat' dir='ltr'>Nihil</span> <span class='ocrx_word' id='word_1_130' title='bbox 1357 1581 1551 1643; x_wconf 89' lang='lat' dir='ltr'>come,</span> <span class='ocrx_word' id='word_1_131' title='bbox 1597 1559 1760 1622; x_wconf 87' lang='lat' dir='ltr'>nihil</span> <span class='ocrx_word' id='word_1_132' title='bbox 1807 1559 2094 1642; x_wconf 86' lang='lat' dir='ltr'>simplex,</span> <span class='ocrx_word' id='word_1_133' title='bbox 2140 1557 2304 1621; x_wconf 88' lang='lat' dir='ltr'>nihil</span> 
     </span>
     <span class='ocr_line' id='line_1_17' title="bbox 282 1646 2303 1733; baseline -0.001 -21"><span class='ocrx_word' id='word_1_134' title='bbox 282 1646 356 1712; x_wconf 81' lang='grc' dir='ltr'>ἐν</span> <span class='ocrx_word' id='word_1_135' title='bbox 401 1657 540 1722; x_wconf 82' lang='grc' dir='ltr'><em>τοῖς</em></span> <span class='ocrx_word' id='word_1_136' title='bbox 585 1652 949 1723; x_wconf 66' lang='grc' dir='ltr'><strong><em>πολιτικοῖς</em></strong></span> <span class='ocrx_word' id='word_1_137' title='bbox 993 1648 1265 1733; x_wconf 84' lang='lat' dir='ltr'>illustre,</span> <span class='ocrx_word' id='word_1_138' title='bbox 1306 1647 1474 1711; x_wconf 89' lang='lat' dir='ltr'>nihil</span> <span class='ocrx_word' id='word_1_139' title='bbox 1509 1648 1871 1732; x_wconf 91' lang='lat' dir='ltr'>honestum,</span> <span class='ocrx_word' id='word_1_140' title='bbox 1916 1646 2082 1710; x_wconf 86' lang='lat' dir='ltr'>nihil</span> <span class='ocrx_word' id='word_1_141' title='bbox 2116 1648 2303 1731; x_wconf 86' lang='lat' dir='ltr'>forte,</span> 
     </span>
     <span class='ocr_line' id='line_1_18' title="bbox 279 1732 2299 1800; baseline -0.001 -1"><span class='ocrx_word' id='word_1_142' title='bbox 279 1734 445 1799; x_wconf 85' lang='lat' dir='ltr'>nihil</span> <span class='ocrx_word' id='word_1_143' title='bbox 508 1734 799 1799; x_wconf 88' lang='lat' dir='ltr'>liberum.</span> <span class='ocrx_word' id='word_1_144' title='bbox 909 1732 1032 1799; x_wconf 80' lang='lat' dir='ltr'>Sed</span> <span class='ocrx_word' id='word_1_145' title='bbox 1091 1735 1245 1800; x_wconf 87' lang='grc'>11300</span> <span class='ocrx_word' id='word_1_146' title='bbox 1314 1735 1392 1799; x_wconf 92' lang='grc'>3(1</span> <span class='ocrx_word' id='word_1_147' title='bbox 1461 1740 1526 1800; x_wconf 86' lang='grc'>10</span> <span class='ocrx_word' id='word_1_148' title='bbox 1586 1735 1860 1800; x_wconf 89' lang='lat' dir='ltr'>scribam</span> <span class='ocrx_word' id='word_1_149' title='bbox 1931 1735 2089 1798; x_wconf 87' lang='lat' dir='ltr'>alias</span> <span class='ocrx_word' id='word_1_150' title='bbox 2155 1735 2299 1798; x_wconf 88' lang='lat' dir='ltr'>sub-</span> 
     </span>
     <span class='ocr_line' id='line_1_19' title="bbox 280 1822 2306 1909; baseline 0 -23"><span class='ocrx_word' id='word_1_151' title='bbox 280 1822 492 1908; x_wconf 85' lang='lat' dir='ltr'>tilius3</span> <span class='ocrx_word' id='word_1_152' title='bbox 563 1845 714 1886; x_wconf 90' lang='lat' dir='ltr'>nam</span> <span class='ocrx_word' id='word_1_153' title='bbox 780 1845 987 1907; x_wconf 90' lang='lat' dir='ltr'>neque</span> <span class='ocrx_word' id='word_1_154' title='bbox 1061 1824 1264 1888; x_wconf 87' lang='lat' dir='ltr'>adhuc</span> <span class='ocrx_word' id='word_1_155' title='bbox 1338 1823 1499 1887; x_wconf 90' lang='lat' dir='ltr'>mihi</span> <span class='ocrx_word' id='word_1_156' title='bbox 1559 1823 1717 1888; x_wconf 87' lang='lat' dir='ltr'>satis</span> <span class='ocrx_word' id='word_1_157' title='bbox 1772 1828 1931 1886; x_wconf 87' lang='lat' dir='ltr'>nota</span> <span class='ocrx_word' id='word_1_158' title='bbox 1992 1826 2172 1909; x_wconf 88' lang='lat' dir='ltr'>sunt,</span> <span class='ocrx_word' id='word_1_159' title='bbox 2238 1827 2306 1888; x_wconf 89' lang='lat' dir='ltr'>et</span> 
     </span>
     <span class='ocr_line' id='line_1_20' title="bbox 279 1874 2302 1995; baseline -0 -19"><span class='ocrx_word' id='word_1_160' title='bbox 279 1910 432 1976; x_wconf 91' lang='lat' dir='ltr'>huic</span> <span class='ocrx_word' id='word_1_161' title='bbox 471 1874 680 1977; x_wconf 72' lang='lat' dir='ltr'>terrae</span> <span class='ocrx_word' id='word_1_162' title='bbox 715 1911 851 1977; x_wconf 84' lang='lat' dir='ltr'>filio</span> <span class='ocrx_word' id='word_1_163' title='bbox 888 1912 1105 1976; x_wconf 92' lang='lat' dir='ltr'>nescio</span> <span class='ocrx_word' id='word_1_164' title='bbox 1144 1913 1246 1977; x_wconf 91' lang='lat' dir='ltr'>cui</span> <span class='ocrx_word' id='word_1_165' title='bbox 1282 1913 1684 1977; x_wconf 87' lang='lat' dir='ltr'>committere</span> <span class='ocrx_word' id='word_1_166' title='bbox 1720 1911 2063 1995; x_wconf 84' lang='lat' dir='ltr'>epistulam</span> <span class='ocrx_word' id='word_1_167' title='bbox 2101 1911 2302 1976; x_wconf 90' lang='lat' dir='ltr'>tantis</span> 
     </span>
     <span class='ocr_line' id='line_1_21' title="bbox 203 1999 1035 2066; baseline 0 -1"><span class='ocrx_word' id='word_1_168' title='bbox 203 2028 255 2066; x_wconf 82' lang='lat'>20</span> <span class='ocrx_word' id='word_1_169' title='bbox 283 1999 359 2063; x_wconf 91' lang='lat' dir='ltr'>de</span> <span class='ocrx_word' id='word_1_170' title='bbox 404 2000 596 2064; x_wconf 89' lang='lat' dir='ltr'>rebus</span> <span class='ocrx_word' id='word_1_171' title='bbox 641 2022 773 2064; x_wconf 93' lang='lat' dir='ltr'>non</span> <span class='ocrx_word' id='word_1_172' title='bbox 820 2002 1035 2065; x_wconf 90' lang='lat' dir='ltr'>audeo.</span> 
     </span>
    </p>

    <p class='ocr_par' dir='ltr' id='par_1_3' title="bbox 279 2086 2375 2418">
     <span class='ocr_line' id='line_1_22' title="bbox 413 2086 2375 2171; baseline -0.001 -19"><span class='ocrx_word' id='word_1_173' title='bbox 413 2086 785 2153; x_wconf 85' lang='lat' dir='ltr'>Provincias</span> <span class='ocrx_word' id='word_1_174' title='bbox 853 2094 1180 2171; x_wconf 88' lang='lat' dir='ltr'>praetores</span> <span class='ocrx_word' id='word_1_175' title='bbox 1252 2089 1538 2154; x_wconf 90' lang='lat' dir='ltr'>nondum</span> <span class='ocrx_word' id='word_1_176' title='bbox 1614 2090 1832 2153; x_wconf 89' lang='lat' dir='ltr'>sortiti</span> <span class='ocrx_word' id='word_1_177' title='bbox 1907 2093 2073 2152; x_wconf 89' lang='lat' dir='ltr'>sunt.</span> <span class='ocrx_word' id='word_1_178' title='bbox 2176 2086 2375 2153; x_wconf 58' lang='lat' dir='ltr'>Rest-</span> 
     </span>
     <span class='ocr_line' id='line_1_23' title="bbox 281 2176 2303 2262; baseline -0.001 -21"><span class='ocrx_word' id='word_1_179' title='bbox 281 2176 501 2241; x_wconf 91' lang='lat' dir='ltr'>eodem</span> <span class='ocrx_word' id='word_1_180' title='bbox 568 2181 667 2241; x_wconf 90' lang='lat' dir='ltr'>est</span> <span class='ocrx_word' id='word_1_181' title='bbox 728 2176 880 2262; x_wconf 92' lang='lat' dir='ltr'>loci,</span> <span class='ocrx_word' id='word_1_182' title='bbox 940 2198 1065 2260; x_wconf 90' lang='lat' dir='ltr'>quo</span> <span class='ocrx_word' id='word_1_183' title='bbox 1132 2177 1469 2261; x_wconf 89' lang='lat' dir='ltr'>reliquisti.</span> <span class='ocrx_word' id='word_1_184' title='bbox 1589 2180 2036 2259; x_wconf 83' lang='grc' dir='ltr'>Τοποθεσιαν,</span> <span class='ocrx_word' id='word_1_185' title='bbox 2111 2198 2303 2260; x_wconf 86' lang='lat' dir='ltr'>quam</span> 
     </span>
     <span class='ocr_line' id='line_1_24' title="bbox 279 2264 2304 2381; baseline 0.001 -53"><span class='ocrx_word' id='word_1_186' title='bbox 279 2265 573 2381; x_wconf 83' lang='lat' dir='ltr'>postulas</span> <span class='ocrx_word' id='word_1_187' title='bbox 602 2264 837 2329; x_wconf 89' lang='lat' dir='ltr'>Miseni</span> <span class='ocrx_word' id='word_1_188' title='bbox 875 2269 940 2329; x_wconf 91' lang='lat' dir='ltr'>et</span> <span class='ocrx_word' id='word_1_189' title='bbox 967 2265 1402 2351; x_wconf 88' lang='lat' dir='ltr'>Puteolorum,</span> <span class='ocrx_word' id='word_1_190' title='bbox 1437 2265 1756 2330; x_wconf 87' lang='lat' dir='ltr'>includam</span> <span class='ocrx_word' id='word_1_191' title='bbox 1795 2264 2073 2329; x_wconf 88' lang='lat' dir='ltr'>orationi</span> <span class='ocrx_word' id='word_1_192' title='bbox 2107 2287 2304 2330; x_wconf 89' lang='lat' dir='ltr'>meae.</span> 
     </span>
     <span class='ocr_line' id='line_1_25' title="bbox 282 2350 2304 2418; baseline 0.001 -3.013"><span class='ocrx_word' id='word_1_193' title='bbox 282 2350 382 2416; x_wconf 89' lang='lat' dir='ltr'>A.</span> <span class='ocrx_word' id='word_1_194' title='bbox 431 2352 486 2417; x_wconf 91' lang='lat' dir='ltr'>d.</span> <span class='ocrx_word' id='word_1_195' title='bbox 534 2370 610 2416; x_wconf 90' lang='lat'>111</span> <span class='ocrx_word' id='word_1_196' title='bbox 656 2351 822 2418; x_wconf 90' lang='lat' dir='ltr'>Non.</span> <span class='ocrx_word' id='word_1_197' title='bbox 869 2352 1231 2418; x_wconf 57' lang='lat' dir='ltr'>Decembr)</span> <span class='ocrx_word' id='word_1_198' title='bbox 1292 2354 1595 2418; x_wconf 91' lang='lat' dir='ltr'>mendose</span> <span class='ocrx_word' id='word_1_199' title='bbox 1653 2353 1851 2418; x_wconf 80' lang='lat' dir='ltr'>fuisse</span> <span class='ocrx_word' id='word_1_200' title='bbox 1913 2353 2304 2417; x_wconf 83' lang='lat' dir='ltr'>animadver-</span> 
     </span>
    </p>

    <p class='ocr_par' dir='ltr' id='par_1_4' title="bbox 199 2439 2305 2880">
     <span class='ocr_line' id='line_1_26' title="bbox 199 2439 2305 2527; baseline -0.001 -20"><span class='ocrx_word' id='word_1_201' title='bbox 199 2469 252 2507; x_wconf 77' lang='lat'>25</span> <span class='ocrx_word' id='word_1_202' title='bbox 281 2446 502 2505; x_wconf 86' lang='lat' dir='ltr'>teram.</span> <span class='ocrx_word' id='word_1_203' title='bbox 594 2439 768 2516; x_wconf 88' lang='lat' dir='ltr'>Quae</span> <span class='ocrx_word' id='word_1_204' title='bbox 813 2442 1033 2506; x_wconf 84' lang='lat' dir='ltr'>laudas</span> <span class='ocrx_word' id='word_1_205' title='bbox 1082 2464 1156 2507; x_wconf 86' lang='lat' dir='ltr'>ex</span> <span class='ocrx_word' id='word_1_206' title='bbox 1200 2442 1622 2527; x_wconf 88' lang='lat' dir='ltr'>orationibus,</span> <span class='ocrx_word' id='word_1_207' title='bbox 1666 2441 1829 2506; x_wconf 86' lang='lat' dir='ltr'>mihi</span> <span class='ocrx_word' id='word_1_208' title='bbox 1877 2443 2074 2526; x_wconf 89' lang='lat' dir='ltr'>crede,</span> <span class='ocrx_word' id='word_1_209' title='bbox 2119 2441 2305 2505; x_wconf 85' lang='lat' dir='ltr'>valde</span> 
     </span>
     <span class='ocr_line' id='line_1_27' title="bbox 280 2527 2305 2615; baseline 0 -23"><span class='ocrx_word' id='word_1_210' title='bbox 280 2527 445 2593; x_wconf 88' lang='lat' dir='ltr'>mihi</span> <span class='ocrx_word' id='word_1_211' title='bbox 489 2529 854 2615; x_wconf 88' lang='lat' dir='ltr'>placebant,</span> <span class='ocrx_word' id='word_1_212' title='bbox 913 2530 1021 2593; x_wconf 90' lang='lat' dir='ltr'>sed</span> <span class='ocrx_word' id='word_1_213' title='bbox 1065 2552 1198 2593; x_wconf 90' lang='lat' dir='ltr'>non</span> <span class='ocrx_word' id='word_1_214' title='bbox 1254 2530 1563 2595; x_wconf 89' lang='lat' dir='ltr'>audebam</span> <span class='ocrx_word' id='word_1_215' title='bbox 1611 2535 1798 2595; x_wconf 88' lang='lat' dir='ltr'>antea</span> <span class='ocrx_word' id='word_1_216' title='bbox 1846 2530 2075 2613; x_wconf 85' lang='lat' dir='ltr'>dicere3</span> <span class='ocrx_word' id='word_1_217' title='bbox 2134 2552 2305 2594; x_wconf 92' lang='lat' dir='ltr'>nunc</span> 
     </span>
     <span class='ocr_line' id='line_1_28' title="bbox 280 2617 2302 2704; baseline 0 -23"><span class='ocrx_word' id='word_1_218' title='bbox 280 2638 461 2702; x_wconf 85' lang='lat' dir='ltr'>vero,</span> <span class='ocrx_word' id='word_1_219' title='bbox 521 2617 695 2701; x_wconf 91' lang='lat' dir='ltr'>quod</span> <span class='ocrx_word' id='word_1_220' title='bbox 740 2641 777 2681; x_wconf 88' lang='lat' dir='ltr'>a</span> <span class='ocrx_word' id='word_1_221' title='bbox 822 2622 888 2681; x_wconf 91' lang='lat' dir='ltr'>te</span> <span class='ocrx_word' id='word_1_222' title='bbox 932 2618 1206 2703; x_wconf 88' lang='lat' dir='ltr'>probata</span> <span class='ocrx_word' id='word_1_223' title='bbox 1251 2624 1430 2704; x_wconf 91' lang='lat' dir='ltr'>sunt,</span> <span class='ocrx_word' id='word_1_224' title='bbox 1488 2619 1694 2683; x_wconf 92' lang='lat' dir='ltr'>multo</span> <span class='ocrx_word' id='word_1_225' title='bbox 1755 2619 1844 2681; x_wconf 89' lang='lat' dir='ltr'>mi</span> <span class='ocrx_word' id='word_1_226' title='bbox 1908 2617 2302 2703; x_wconf 80' lang='grc' dir='ltr'><strong><em>ἀττικώτερα</em></strong></span> 
     </span>
     <span class='ocr_line' id='line_1_29' title="bbox 281 2704 2304 2791; baseline 0 -21"><span class='ocrx_word' id='word_1_227' title='bbox 281 2704 595 2770; x_wconf 82' lang='lat' dir='ltr'>videntur.</span> <span class='ocrx_word' id='word_1_228' title='bbox 671 2705 748 2769; x_wconf 86' lang='lat' dir='ltr'>In</span> <span class='ocrx_word' id='word_1_229' title='bbox 793 2706 971 2770; x_wconf 87' lang='lat' dir='ltr'>illam</span> <span class='ocrx_word' id='word_1_230' title='bbox 1019 2707 1376 2771; x_wconf 88' lang='lat' dir='ltr'>orationem</span> <span class='ocrx_word' id='word_1_231' title='bbox 1416 2706 1810 2772; x_wconf 89' lang='lat' dir='ltr'>Metellinam</span> <span class='ocrx_word' id='word_1_232' title='bbox 1860 2707 2072 2770; x_wconf 86' lang='lat' dir='ltr'>addidi</span> <span class='ocrx_word' id='word_1_233' title='bbox 2121 2728 2304 2791; x_wconf 87' lang='lat' dir='ltr'>quae·</span> 
     </span>
     <span class='ocr_line' id='line_1_30' title="bbox 281 2792 2305 2880; baseline 0.001 -24"><span class='ocrx_word' id='word_1_234' title='bbox 281 2794 443 2857; x_wconf 90' lang='lat' dir='ltr'>dam.</span> <span class='ocrx_word' id='word_1_235' title='bbox 536 2792 729 2858; x_wconf 91' lang='lat' dir='ltr'>Liber</span> <span class='ocrx_word' id='word_1_236' title='bbox 787 2794 910 2858; x_wconf 92' lang='lat' dir='ltr'>tibi</span> <span class='ocrx_word' id='word_1_237' title='bbox 980 2794 1304 2880; x_wconf 88' lang='lat' dir='ltr'>mittetur,</span> <span class='ocrx_word' id='word_1_238' title='bbox 1372 2796 1673 2880; x_wconf 89' lang='lat' dir='ltr'>quoniam</span> <span class='ocrx_word' id='word_1_239' title='bbox 1735 2800 1799 2859; x_wconf 89' lang='grc'>10</span> <span class='ocrx_word' id='word_1_240' title='bbox 1861 2817 2038 2858; x_wconf 88' lang='grc'>311101</span> <span class='ocrx_word' id='word_1_241' title='bbox 2096 2796 2305 2859; x_wconf 89' lang='lat' dir='ltr'>nostri</span> 
     </span>
    </p>

    <p class='ocr_par' dir='ltr' id='par_1_5' title="bbox 196 2882 1074 2966">
     <span class='ocr_line' id='line_1_31' title="bbox 196 2882 1074 2966; baseline -0.001 -18"><span class='ocrx_word' id='word_1_242' title='bbox 196 2910 255 2948; x_wconf 74' lang='lat'>80</span> <span class='ocrx_word' id='word_1_243' title='bbox 284 2884 737 2966; x_wconf 81' lang='grc' dir='ltr'><strong><em>φιλορρήτορα</em></strong></span> <span class='ocrx_word' id='word_1_244' title='bbox 781 2882 1074 2947; x_wconf 87' lang='lat' dir='ltr'>reddidit.</span> 
     </span>
    </p>

    <p class='ocr_par' dir='ltr' id='par_1_6' title="bbox 281 2940 2377 3321">
     <span class='ocr_line' id='line_1_32' title="bbox 417 2940 2377 3055; baseline 0.001 -21"><span class='ocrx_word' id='word_1_245' title='bbox 417 2968 590 3034; x_wconf 85' lang='lat' dir='ltr'>Novi</span> <span class='ocrx_word' id='word_1_246' title='bbox 619 2970 741 3035; x_wconf 91' lang='lat' dir='ltr'>tibi</span> <span class='ocrx_word' id='word_1_247' title='bbox 770 2971 1074 3055; x_wconf 90' lang='lat' dir='ltr'>quidnam</span> <span class='ocrx_word' id='word_1_248' title='bbox 1111 2940 1430 3035; x_wconf 73' lang='lat' dir='ltr'>scribam?</span> <span class='ocrx_word' id='word_1_249' title='bbox 1478 2972 1675 3055; x_wconf 86' lang='lat' dir='ltr'>quid‘?</span> <span class='ocrx_word' id='word_1_250' title='bbox 1722 2972 1930 3036; x_wconf 90' lang='lat' dir='ltr'>etiam.</span> <span class='ocrx_word' id='word_1_251' title='bbox 2006 2971 2303 3036; x_wconf 88' lang='lat' dir='ltr'>Messalla</span> <span class='ocrx_word' id='word_1_252' title='bbox 2343 2990 2377 3036; x_wconf 77' lang='grc'>6</span> 
     </span>
     <span class='ocr_line' id='line_1_33' title="bbox 281 3056 2304 3143; baseline 0.001 -21"><span class='ocrx_word' id='word_1_253' title='bbox 281 3059 508 3122; x_wconf 90' lang='lat' dir='ltr'>consul</span> <span class='ocrx_word' id='word_1_254' title='bbox 535 3056 1003 3124; x_wconf 88' lang='lat' dir='ltr'>Autronianam</span> <span class='ocrx_word' id='word_1_255' title='bbox 1041 3061 1298 3124; x_wconf 91' lang='lat' dir='ltr'>domum</span> <span class='ocrx_word' id='word_1_256' title='bbox 1338 3062 1492 3124; x_wconf 88' lang='lat' dir='ltr'>emit</span> <span class='ocrx_word' id='word_1_257' title='bbox 1528 3058 1637 3124; x_wconf 86' lang='lat' dir='ltr'>HS</span> <span class='ocrx_word' id='word_1_258' title='bbox 1670 3062 1715 3143; x_wconf 88' lang='lat'><strong>†</strong></span> <span class='ocrx_word' id='word_1_259' title='bbox 1745 3077 2052 3125; x_wconf 83' lang='lat' dir='ltr'>cxxxlm.</span> <span class='ocrx_word' id='word_1_260' title='bbox 2116 3059 2304 3137; x_wconf 86' lang='lat' dir='ltr'>Quid</span> 
     </span>
     <span class='ocr_line' id='line_1_34' title="bbox 281 3145 2302 3233; baseline 0.002 -24"><span class='ocrx_word' id='word_1_261' title='bbox 281 3145 349 3209; x_wconf 93' lang='lat' dir='ltr'>id</span> <span class='ocrx_word' id='word_1_262' title='bbox 387 3146 467 3210; x_wconf 87' lang='lat' dir='ltr'>ad</span> <span class='ocrx_word' id='word_1_263' title='bbox 503 3146 673 3211; x_wconf 74' lang='lat' dir='ltr'>me‘P&#39;</span> <span class='ocrx_word' id='word_1_264' title='bbox 718 3147 983 3232; x_wconf 91' lang='lat' dir='ltr'>inquies.</span> <span class='ocrx_word' id='word_1_265' title='bbox 1059 3147 1356 3233; x_wconf 85' lang='lat' dir='ltr'>Tantum,</span> <span class='ocrx_word' id='word_1_266' title='bbox 1404 3148 1575 3233; x_wconf 90' lang='lat' dir='ltr'>quod</span> <span class='ocrx_word' id='word_1_267' title='bbox 1614 3170 1685 3212; x_wconf 89' lang='grc'>03</span> <span class='ocrx_word' id='word_1_268' title='bbox 1722 3150 2045 3231; x_wconf 90' lang='lat' dir='ltr'>emptione</span> <span class='ocrx_word' id='word_1_269' title='bbox 2085 3151 2149 3213; x_wconf 88' lang='lat' dir='ltr'>et</span> <span class='ocrx_word' id='word_1_270' title='bbox 2184 3171 2302 3213; x_wconf 92' lang='lat' dir='ltr'>nos</span> 
     </span>
     <span class='ocr_line' id='line_1_35' title="bbox 283 3234 2301 3321; baseline 0.001 -23"><span class='ocrx_word' id='word_1_271' title='bbox 283 3234 445 3299; x_wconf 90' lang='lat' dir='ltr'>bene</span> <span class='ocrx_word' id='word_1_272' title='bbox 484 3235 709 3300; x_wconf 85' lang='lat' dir='ltr'>emisse</span> <span class='ocrx_word' id='word_1_273' title='bbox 746 3235 1011 3300; x_wconf 88' lang='lat' dir='ltr'>iudicati</span> <span class='ocrx_word' id='word_1_274' title='bbox 1048 3258 1285 3320; x_wconf 90' lang='lat' dir='ltr'>sumus,</span> <span class='ocrx_word' id='word_1_275' title='bbox 1331 3241 1395 3300; x_wconf 92' lang='lat' dir='ltr'>et</span> <span class='ocrx_word' id='word_1_276' title='bbox 1431 3236 1723 3301; x_wconf 91' lang='lat' dir='ltr'>homines</span> <span class='ocrx_word' id='word_1_277' title='bbox 1760 3237 2130 3321; x_wconf 85' lang='lat' dir='ltr'>intellegere</span> <span class='ocrx_word' id='word_1_278' title='bbox 2167 3259 2301 3302; x_wconf 90' lang='lat' dir='ltr'>coe-</span> 
     </span>
    </p>

    <p class='ocr_par' dir='ltr' id='par_1_7' title="bbox 196 3323 2305 3586">
     <span class='ocr_line' id='line_1_36' title="bbox 196 3323 2301 3405; baseline 0 -17"><span class='ocrx_word' id='word_1_279' title='bbox 196 3350 253 3388; x_wconf 58' lang='grc' dir='ltr'>εὖ</span> <span class='ocrx_word' id='word_1_280' title='bbox 282 3328 519 3405; x_wconf 89' lang='lat' dir='ltr'>perunt</span> <span class='ocrx_word' id='word_1_281' title='bbox 562 3323 752 3388; x_wconf 90' lang='lat' dir='ltr'>licere</span> <span class='ocrx_word' id='word_1_282' title='bbox 799 3325 1147 3388; x_wconf 90' lang='lat' dir='ltr'>amicorum</span> <span class='ocrx_word' id='word_1_283' title='bbox 1199 3325 1615 3388; x_wconf 86' lang='lat' dir='ltr'>facultatibus</span> <span class='ocrx_word' id='word_1_284' title='bbox 1666 3325 1735 3389; x_wconf 94' lang='lat' dir='ltr'>in</span> <span class='ocrx_word' id='word_1_285' title='bbox 1782 3326 2043 3390; x_wconf 88' lang='lat' dir='ltr'>emendo</span> <span class='ocrx_word' id='word_1_286' title='bbox 2091 3325 2170 3388; x_wconf 89' lang='lat' dir='ltr'>ad</span> <span class='ocrx_word' id='word_1_287' title='bbox 2214 3325 2301 3389; x_wconf 91' lang='lat' dir='ltr'>di·</span> 
     </span>
     <span class='ocr_line' id='line_1_37' title="bbox 284 3411 2305 3497; baseline 0.001 -22"><span class='ocrx_word' id='word_1_288' title='bbox 284 3411 599 3495; x_wconf 86' lang='lat' dir='ltr'>gnitatem</span> <span class='ocrx_word' id='word_1_289' title='bbox 637 3411 919 3497; x_wconf 89' lang='lat' dir='ltr'>aliquam</span> <span class='ocrx_word' id='word_1_290' title='bbox 955 3413 1300 3496; x_wconf 87' lang='lat' dir='ltr'>pervenire.</span> <span class='ocrx_word' id='word_1_291' title='bbox 1367 3413 1628 3479; x_wconf 85' lang='lat' dir='ltr'>Teucris</span> <span class='ocrx_word' id='word_1_292' title='bbox 1674 3413 1788 3477; x_wconf 90' lang='lat' dir='ltr'>illa</span> <span class='ocrx_word' id='word_1_293' title='bbox 1823 3413 2066 3477; x_wconf 88' lang='lat' dir='ltr'>lentum</span> <span class='ocrx_word' id='word_1_294' title='bbox 2111 3433 2305 3497; x_wconf 86' lang='lat' dir='ltr'>nego·</span> 
     </span>
     <span class='ocr_line' id='line_1_38' title="bbox 284 3500 2302 3586; baseline 0 -23"><span class='ocrx_word' id='word_1_295' title='bbox 284 3500 451 3564; x_wconf 91' lang='lat' dir='ltr'>tium</span> <span class='ocrx_word' id='word_1_296' title='bbox 524 3504 646 3585; x_wconf 90' lang='lat' dir='ltr'>est,</span> <span class='ocrx_word' id='word_1_297' title='bbox 716 3500 825 3565; x_wconf 87' lang='lat' dir='ltr'>sed</span> <span class='ocrx_word' id='word_1_298' title='bbox 889 3505 1105 3565; x_wconf 89' lang='lat' dir='ltr'>tamen</span> <span class='ocrx_word' id='word_1_299' title='bbox 1168 3507 1264 3566; x_wconf 89' lang='lat' dir='ltr'>est</span> <span class='ocrx_word' id='word_1_300' title='bbox 1326 3502 1398 3566; x_wconf 95' lang='lat' dir='ltr'>in</span> <span class='ocrx_word' id='word_1_301' title='bbox 1462 3524 1588 3586; x_wconf 90' lang='lat' dir='ltr'>spe.</span> <span class='ocrx_word' id='word_1_302' title='bbox 1699 3502 1797 3566; x_wconf 91' lang='lat' dir='ltr'>Tu</span> <span class='ocrx_word' id='word_1_303' title='bbox 1862 3502 1987 3565; x_wconf 87' lang='lat' dir='ltr'>ista</span> <span class='ocrx_word' id='word_1_304' title='bbox 2050 3500 2302 3564; x_wconf 82' lang='lat' dir='ltr'>confice.</span> 
     </span>
    </p>
   </div>
  </div>
 </body>
</html>
