2642 3923
583 179 1097 234 EPISTULARUM
1131 180 1231 233 AD
1270 180 1596 234 ATTICUM
1632 179 1735 232 XII
1772 185 1997 233 30—32.
2168 178 2294 242 377

284 323 473 387 modo
529 323 972 410 adduceretur,
1024 327 1099 387 ut
1152 324 1472 388 venderet.
1567 322 1635 387 Si
1690 322 1944 387 venales
1999 345 2133 387 11011
2184 322 2300 387 ha-

285 412 488 495 beret,
545 413 886 476 transirem
946 412 1025 475 ad
1071 411 1356 476 Drusum
1416 412 1518 475 vel
1564 412 1761 496 tanti,
1814 412 2037 495 quanti
2087 411 2299 496 Egna-

284 500 414 563 tius
470 500 653 562 illum
710 500 873 563 velle
927 500 1051 563 tibi
1106 499 1285 564 dixit.
1387 499 1625 584 Magno
1682 498 1876 563 etiam
1931 500 2296 563 adiumento

283 587 472 651 nobis
518 586 957 673 Hermogenes
1003 591 1220 671 potest
1267 610 1405 652 esse
1451 588 1519 652 in
1564 588 2115 671 repraesentando
2207 587 2298 652 At

232 702 257 741 5
284 680 358 739 tu
405 676 674 740 concede
719 677 899 762 mihi,
937 697 1192 760 quaeso,
1238 679 1312 739 ut
1360 698 1434 740 eo
1483 677 1695 740 animo
1742 676 1880 759 sim,
1928 697 2054 760 quo
2102 677 2159 741 is
2198 676 2300 740 de-

285 762 435 827 beat
489 785 651 848 esse,
707 765 819 848 qui
879 786 1084 828 emere
1129 765 1374 851 cupiat,
1429 768 1493 829 et
1538 769 1756 828 tamen
1799 763 1894 829 ita
1940 765 2150 829 servio
2197 786 2301 830 cu-

284 852 541 934 piditati
590 855 653 915 et
702 852 909 916 dolori
955 874 1118 938 meo,
1162 857 1235 916 ut
1282 876 1320 916 a
1365 857 1433 917 te
1478 853 1616 933 regi
1665 853 1852 916 velim

1155 1027 1423 1093 XXXII.

710 1149 821 1205 8011
851 1150 1091 1206 Asturae
1136 1150 1190 1203 V
1221 1149 1294 1204 K.
1325 1149 1464 1218 Apr.
1494 1168 1545 1205 a.
1579 1154 1688 1205 709
1726 1152 1863 1218 (45).

208 1285 259 1323 10
893 1271 1179 1327 CICERO
1213 1272 1505 1328 ATTICO
1539 1272 1705 1328 SAL.

418 1382 738 1467 Egnatius
797 1378 959 1443 mihi
1005 1381 1279 1464 scripsit.
1371 1381 1436 1445 Is
1484 1382 1538 1445 si
1585 1382 1741 1466 quid
1786 1386 1996 1445 tecum
2041 1381 2297 1446 locutus
2319 1401 2346 1447 1
2370 1400 2536 1449 (ΧΧΧΙ
2557 1400 2599 1450 ³)

288 1470 411 1534 erit
456 1468 1000 1557 (commodissime
1046 1470 1215 1533 enim
1259 1492 1373 1552 per
1420 1491 1563 1533 eum
1611 1470 1715 1554 agi
1762 1469 2028 1554 potest),
2073 1470 2155 1534 ad
2197 1492 2299 1535 me

289 1558 527 1622 scribes
536 1608 553 1641 ,
616 1562 679 1622 et
742 1558 804 1620 id
864 1557 1177 1641 agendum
1242 1562 1419 1641 puto.
1520 1556 1687 1621 Nam
1753 1579 1897 1621 cum
1956 1557 2115 1622 Silio
2169 1580 2302 1623 non

288 1646 470 1710 video
527 1646 752 1709 confici
798 1667 999 1729 posse.
1092 1645 1292 1709 Piliae
1340 1649 1404 1709 et
1449 1644 1706 1709 Atticae
1755 1647 2042 1710 salutem.
2127 1645 2302 1712 Haec

212 1761 261 1801 15
292 1736 370 1797 ad
414 1738 480 1798 te
527 1756 667 1797 mea
711 1755 920 1796 manu.
1012 1731 1196 1817 Vide,
1243 1754 1498 1818 quaeso,
1546 1734 1700 1818 quid
1746 1735 2061 1818 agendum
2110 1735 2210 1799 sit.

422 1821 702 1886 Publilia
756 1822 836 1884 ad
890 1845 992 1886 me
1038 1821 1292 1905 scripsit
1337 1826 1609 1885 matrem
1657 1844 1865 1906 suam,
1921 1823 1966 1905 †
1987 1844 2130 1885 cum
2175 1821 2302 1887 Pu-
2323 1841 2566 1892 fflxxxn
2578 1840 2622 1891 1)

290 1910 473 1975 blilio
518 1911 907 1997 loqueretur,
951 1911 1030 1974 ad
1074 1932 1175 1974 me
1225 1932 1371 1975 cum
1417 1910 1530 1974 illo
1578 1914 1911 1974 venturam
1952 1916 2014 1975 et
2054 1933 2120 1975 se
2159 1933 2304 1996 una,

257 2001 346 2064 .si
401 2021 520 2084 ego
566 2004 833 2082 paterer.
926 1997 1085 2063 Orat
1128 2000 1351 2063 multis
1399 2003 1464 2064 et
1510 1999 1910 2082 supplicibus
1954 2001 2183 2084 verbiS,
2230 2005 2304 2065 ut

288 2088 502 2172 liceat,
560 2092 625 2151 et
677 2091 752 2151 ut
809 2088 931 2151 sibi
985 2088 1348 2151 rescribam.
1440 2086 1568 2150 Res
1625 2108 1816 2171 quam
1871 2088 2144 2152 molesta
2199 2089 2305 2174 sit,

212 2203 265 2241 20
291 2174 480 2241 vides.
582 2176 904 2259 Rescripsi
967 2176 1057 2239 mi
1117 2176 1310 2240 etiam
1371 2176 1630 2261 gravius
1692 2198 1829 2240 esse
1891 2197 2082 2260 quam
2144 2181 2305 2261 tum,

291 2286 435 2329 cum
494 2265 591 2328 illi
646 2264 950 2329 dixissem
1006 2287 1108 2328 me
1166 2265 1376 2328 solum
1422 2285 1562 2328 esse
1607 2264 1786 2328 velle.
1879 2263 2086 2340 Quare
2131 2265 2304 2329 nolle

292 2376 392 2416 me
436 2352 559 2417 hoc
603 2357 891 2436 tempore
927 2375 1065 2416 eam
1104 2353 1182 2416 ad
1219 2375 1320 2416 me
1359 2353 1590 2416 venire.
1665 2352 2001 2438 Putabam,
2048 2354 2103 2416 si
2138 2353 2304 2418 nihil

290 2441 787 2526 rescripsissem,
846 2441 1025 2505 illam
1084 2463 1227 2505 cum
1285 2445 1490 2504 matre
1535 2446 1897 2526 venturam3
1959 2462 2128 2505 nunc
2171 2463 2305 2505 non

292 2534 468 2612 puto.
557 2527 930 2613 Apparebat
989 2529 1158 2593 enim
1214 2529 1359 2592 illas
1413 2529 1666 2593 litteras
1720 2551 1852 2593 non
1900 2551 2036 2593 esse
2080 2530 2302 2614 ipsius.

213 2643 264 2683 25
292 2616 461 2681 mud
516 2623 755 2704 autem,
814 2618 987 2702 quod
1031 2618 1168 2681 fore
1212 2617 1397 2681 video
1408 2670 1425 2703 ,
1484 2618 1695 2700 ipsum
1741 2619 1888 2682 volo
1936 2618 2168 2704 vitare,
2223 2640 2305 2683 ne

292 2706 440 2770 illae
486 2706 566 2770 ad
611 2728 712 2769 me
757 2707 1036 2791 veniant,
1082 2709 1147 2769 et
1190 2728 1318 2769 una
1357 2710 1455 2769 est
1490 2705 1740 2792 vitati0,
1785 2711 1859 2770 ut
1897 2728 2014 2791 ego
2054 2707 2302 2772 avolem.

290 2791 566 2877 Nollem,
623 2794 731 2857 sed
784 2815 1041 2858 necesse
1092 2797 1206 2859 est.
1299 2793 1390 2857 Te
1438 2793 1562 2858 hoc
1614 2816 1783 2858 nunc
1837 2816 2016 2880 rog0,
2067 2799 2141 2859 ut
2198 2818 2305 2859 ex-

290 2882 523 2965 plores,
569 2882 645 2945 ad
700 2903 892 2966 quam
945 2882 1113 2946 diem
1154 2881 1260 2945 hic
1304 2883 1399 2946 ita
1442 2883 1687 2965 possim
1734 2905 1899 2967 esse,
1952 2887 2027 2947 ut
2070 2905 2153 2948 ne
2199 2906 2306 2968 op-

291 2971 546 3053 primar.
637 2968 829 3054 Ages,
872 2974 947 3033 ut
992 2970 1240 3056 scribiS,
1284 2975 1650 3053 temperate.

210 3086 264 3126 80
429 3056 715 3122 Ciceroni
774 3058 964 3123 velim
1017 3058 1140 3122 hoc
1199 3080 1522 3143 proponas
1533 3108 1550 3141 ,
1613 3060 1707 3122 ita
1759 3062 2002 3142 tamen,
2068 3060 2124 3123 si
2178 3060 2303 3124 tibi
2340 3079 2371 3125 3
2410 3078 2469 3127 ‹2›

291 3169 424 3211 non
477 3147 768 3230 iniquum
824 3146 1171 3232 videbitur,
1226 3151 1300 3211 ut
1361 3151 1656 3230 sumptus
1701 3145 1894 3210 huius
1939 3149 2303 3232 peregrina-

291 3236 516 3320 tionis,
564 3234 816 3320 quibuS,
863 3235 918 3298 si
964 3234 1208 3299 Romae
1254 3238 1424 3299 esset
1470 3235 1858 3319 domumque
1904 3237 2304 3318 conduceret,

292 3324 464 3408 quod
522 3323 727 3387 facere
782 3324 1135 3408 cogitabat,
1199 3324 1383 3388 facile
1439 3327 1779 3388 contentus
1834 3324 2092 3387 futurus
2149 3329 2302 3408 erat,

292 3412 724 3477 accommodet
770 3412 849 3475 ad
886 3413 1203 3476 mercedes
1241 3411 1518 3496 Argileti
1558 3415 1622 3476 et
1659 3412 1983 3497 Aventini,
2031 3416 2111 3489 et,
2159 3433 2301 3475 cum

207 3528 261 3567 35
293 3501 350 3564 ei
396 3500 828 3585 proposueris,
883 3500 1021 3583 ipse
1068 3500 1259 3564 velim
1305 3500 1554 3584 reliqua
1599 3500 1941 3584 moderere,
1988 3521 2176 3583 quem
2223 3500 2301 3563 ad
