2642 3923
614 191 1125 245 EPISTULARUM
1160 192 1258 245 AD
1297 190 1621 244 ATTICUM
1655 190 1783 243 XVI
1822 197 1868 258 7,
1908 196 1955 244 8.
2147 190 2288 253 505

267 335 511 398 melius,
576 333 678 399 Ita
723 335 911 418 plane
960 335 1151 398 velim
1197 338 1261 398 et
1307 336 1365 398 ei
1409 333 1579 397 dicas
1625 332 1968 416 plurimam
2008 332 2280 396 salutem

267 427 331 487 et
397 423 812 486 suavissimae
867 422 1138 487 Atticae.
1230 421 1405 486 Haec
1461 421 1688 504 scripsi
1730 421 2073 505 navigans,
2135 442 2279 484 cum

253 532 451 593 prope
493 510 960 594 Pompeianum
1006 511 1383 595 accederem,
1426 528 1579 573 XI111
1624 509 1765 574 Kal.

1184 685 1360 749 VIII.

213 816 239 857 5
559 806 671 862 Ser.
703 809 766 861 in
803 807 1105 861 Puteolano
1140 808 1241 861 IV
1268 808 1415 861 Non.
1447 807 1587 860 Nov.
1617 825 1668 861 a.
1701 810 1810 861 710
1848 810 1984 874 (44).

871 929 1156 984 CICERO
1189 929 1480 984 ATTICO
1516 929 1678 984 SAL.

401 1036 563 1101 Cum
600 1039 811 1122 sciam,
860 1060 985 1121 quo
1023 1039 1124 1103 die
1158 1042 1467 1102 venturus
1507 1039 1647 1121 sim,
1691 1037 1939 1121 faciam,
1983 1040 2057 1099 ut
2096 1036 2272 1100 scias,
2316 1055 2343 1100 1

265 1124 727 1209 Impedimenta
773 1127 1194 1209 exspectanda
1240 1130 1410 1210 sunt,
1456 1148 1617 1226 quae
1654 1125 1952 1209 Anagnia
1993 1125 2277 1209 veniunt,

268 1219 330 1278 et
393 1214 635 1278 familia
699 1236 887 1298 aegra
949 1219 1063 1279 est.
1162 1213 1303 1278 Kal.
1363 1214 1609 1296 vesperi
1671 1213 1927 1277 litterae
1980 1212 2142 1275 mihi
2198 1213 2277 1276 ab

188 1329 240 1367 ιο
269 1301 633 1367 Octaviano,
723 1303 960 1387 Magna
1004 1303 1283 1366 molitur.
1376 1301 1751 1386 VeteranOS,
1810 1301 1919 1384 qui
1967 1305 2116 1364 sunt
2164 1297 2277 1363 Ca-

269 1391 444 1455 silini
489 1396 553 1455 et
599 1389 899 1475 Calatiae,
954 1391 1251 1474 perduxit
1299 1390 1377 1453 ad
1423 1412 1605 1454 suam
1652 1389 2051 1453 sententiam.
2143 1385 2279 1452 Nec

267 1480 520 1562 mirum,
566 1480 922 1562 quingenos
969 1478 1259 1542 denarios
1298 1478 1423 1541 dat
1499 1476 1761 1564 Cogitat
1798 1478 2075 1561 reliquas
2112 1477 2278 1540 colo-

268 1568 406 1631 nias
455 1566 649 1630 011110.
737 1566 933 1630 Plane
976 1567 1100 1630 hoc
1146 1570 1411 1650 spectat,
1456 1570 1529 1629 ut
1574 1587 1641 1629 se
1686 1566 1840 1629 duce
1887 1566 2128 1629 bellum
2175 1585 2279 1648 ge-

268 1659 449 1718 ratur
509 1676 652 1717 cum
695 1653 998 1718 Antonio,
1090 1652 1315 1736 Itaque
1372 1654 1556 1716 video
1613 1654 1830 1735 paucis
1887 1654 2110 1717 diebus
2156 1674 2275 1716 nos

187 1767 240 1808 15
269 1744 338 1805 in
382 1743 574 1806 armis
621 1742 773 1805 fore.
867 1741 1068 1818 Quem
1112 1746 1326 1804 autem
1374 1742 1754 1824 sequamur?
1819 1740 1982 1804 Vide
2025 1762 2279 1825 nomen,

268 1830 411 1894 vide
456 1833 746 1893 aetatem.
827 1829 1044 1913 Atque
1088 1852 1125 1891 a
1169 1851 1273 1892 me
1316 1830 1624 1914 postulat,
1668 1829 1944 1911 primum
1993 1833 2067 1892 ut
2112 1829 2275 1891 clam

268 1918 693 2002 conloquatur
745 1939 994 1981 mecum
1048 1917 1153 1981 vel
1197 1915 1453 2001 Capuae
1505 1918 1607 1981 vel
1659 1938 1791 1980 non
1843 1917 2034 2002 longe
2080 1939 2117 1980 a
2164 1914 2277 1980 Ca-

268 2029 410 2090 pua.
482 2006 733 2070 Puerile
777 2007 900 2069 hoc
945 2006 1217 2089 quidem,
1264 2007 1317 2070 si
1365 2006 1432 2069 id
1469 2010 1655 2088 putat
1693 2005 1856 2069 clam
1893 2005 2029 2069 fieri
2068 2027 2275 2088 posse.

267 2093 473 2158 Docui
538 2116 651 2177 per
703 2095 954 2157 litteras
1009 2094 1075 2157 id
1129 2116 1244 2158 nec
1299 2116 1460 2176 opus
1517 2115 1654 2157 esse
1707 2115 1823 2157 nec
1876 2094 2013 2156 fieri
2070 2114 2273 2176 posse.

187 2210 240 2247 20
267 2182 450 2246 Misit
506 2183 586 2246 ad
637 2204 740 2245 me
795 2180 1129 2246 Caecinam
1187 2182 1498 2264 quendam
1553 2180 2047 2245 Volaterranum
2099 2182 2275 2245 fami-
2314 2199 2344 2245 2

265 2271 491 2334 liarem
527 2292 738 2355 suum3
785 2271 895 2354 qui
930 2270 1086 2334 haec
1121 2271 1408 2355 pertulit,
1451 2269 1809 2333 Antonium
1846 2291 1990 2333 cum
2025 2269 2277 2353 legione

267 2358 660 2423 Alaudarum
710 2359 787 2423 ad
831 2359 1051 2422 urbem
1100 2379 1383 2442 pergere,
1426 2359 1725 2441 pecunias
1763 2358 2127 2441 municipiis
2164 2358 2277 2421 im-

267 2469 515 2531 perare,
597 2447 911 2531 legionem
998 2447 1117 2510 sub
1201 2447 1402 2531 signis
1486 2446 1724 2510 ducere.
1835 2444 2279 2532 Consultabat,

267 2540 487 2599 utrum
542 2534 813 2598 Romam
868 2556 1011 2599 cum
1060 2551 1167 2600 010
1217 2551 1325 2599 010
1375 2550 1482 2601 010
1537 2538 1983 2598 veteranorum
2030 2535 2276 2616 profici·

186 2648 239 2688 25
269 2629 550 2688 sceretur
613 2646 696 2687 an
750 2622 1032 2706 Capuam
1087 2626 1335 2686 teneret
1390 2626 1454 2686 et
1506 2621 1862 2686 Antonium
1919 2622 2278 2687 venientem

268 2712 628 2775 excluderet
683 2734 766 2775 an
808 2712 933 2774 iret
979 2712 1054 2773 ad
1100 2715 1230 2774 tres
1277 2710 1559 2795 legiones
1603 2710 2059 2796 MacedonicaS,
2115 2732 2277 2793 quae

267 2799 392 2862 iter
465 2800 809 2863 secundum
873 2820 1045 2863 mare
1111 2797 1426 2882 Superum
1487 2799 1755 2882 faciunt3
1838 2821 1996 2882 quas
2062 2803 2277 2880 sperat

270 2909 418 2951 suas
474 2909 626 2951 esse.
717 2887 850 2951 Eae
906 2887 1302 2971 congiarium
1359 2887 1438 2949 ab
1494 2885 1780 2950 Antonio
1840 2887 2122 2969 accipere
2166 2908 2276 2951 no-

267 2976 552 3059 luerunt,
607 2979 680 3039 ut
723 2974 829 3038 hic
878 2975 1133 3058 quidem
1177 2980 1415 3059 narrat,
1471 2978 1535 3037 et
1580 2976 1638 3037 ei
1684 2975 2039 3039 convicium
2085 2996 2279 3059 grave

188 3089 241 3128 30
268 3064 555 3126 fecerunt
609 3064 1208 3147 contionantemque
1263 3063 1675 3146 reliquerunt.
1769 3061 1933 3138 Quid
1980 3063 2275 3147 quaeris?

268 3152 490 3216 ducem
544 3173 610 3215 se
665 3153 1004 3235 profitetur
1056 3173 1172 3215 nec
1228 3173 1348 3215 nos
1406 3151 1531 3214 sibi
1585 3155 1773 3234 putat
1828 3151 2048 3215 deesse
2095 3172 2276 3232 opor-

268 3244 418 3303 tere.
517 3239 836 3322 Equidem
892 3240 1092 3323 suasi,
1146 3243 1220 3302 ut
1272 3238 1547 3302 Romam
1602 3242 1911 3323 pergeret.
2008 3237 2277 3301 Videtur

268 3329 439 3392 enim
483 3328 643 3391 mihi
689 3332 755 3392 et
799 3328 1194 3410 plebeculam
1238 3327 1551 3391 urbanam
1591 3331 1674 3411 et,
1718 3327 1773 3390 si
1810 3326 2000 3389 fidem
2038 3325 2279 3411 fecerit,

268 3417 461 3480 etiam
509 3417 713 3480 1101108
760 3417 933 3480 viros
974 3437 1187 3479 80011111
1223 3415 1580 3479 habiturus.
1655 3413 1708 3478 Ο
1746 3413 1966 3496 Brute,
2008 3413 2123 3477 ubi
2165 3414 2280 3479 es?

186 3529 238 3569 35
267 3509 573 3587 quantam
637 3504 980 3589 εὐκαιρίαν
1042 3504 1315 3568 amittis!
1389 3501 1542 3567 Non
1596 3502 1887 3586 equidem
1943 3501 2068 3564 hoc
2122 3501 2283 3565 divti-
