2642 3923
590 217 1102 273 EPISTULARUM
1137 218 1237 272 AD
1273 217 1602 273 ATTICUM
1637 218 1715 272 XI
1751 224 1837 287 24,
1876 223 1958 272 25.
2166 218 2292 281 351

327 377 335 386 ·
410 360 606 426 Illum
651 361 1021 426 discessisse
1065 359 1457 425 Alexandria
1502 382 1722 426 rumor
1762 364 1860 426 est
1902 382 2034 425 non
2069 360 2294 425 firmus
2331 378 2364 427 2

275 454 460 514 ortus
525 471 602 514 ex
660 447 906 533 Sulpici
968 450 1235 535 litteris3
1299 471 1460 534 quas
1525 449 1737 514 euneti
1802 453 2029 534 postea
2079 449 2297 514 nuntii

277 537 754 604 confirmarunt.
847 536 1033 614 Quod
1094 560 1315 603 verum
1382 560 1464 602 an
1523 538 1758 602 falsum
1813 538 1930 623 sit,
1992 537 2296 622 quoniam

276 648 419 708 mea
461 626 630 692 nihil
673 626 959 712 interest,
1006 630 1225 691 utrum
1269 626 1509 710 malim,
1552 626 1779 692 neseio.

224 740 251 779 5
414 713 599 791 Quod
671 714 751 779 ad
812 719 879 779 te
941 716 1071 779 iam
1133 714 1384 799 pridem
1448 715 1523 779 (16
1594 718 1983 780 testamento
2048 715 2363 799 scripsist,

277 803 447 887 apud
502 804 550 887 †
596 803 902 887 epistolas
962 802 1184 889 velim,
1253 807 1329 867 ut
1392 804 1663 889 possim,
1726 803 2039 869 adversas.
2147 803 2292 888 Ego

274 889 467 955 huius
513 892 928 956 miserrumae
972 892 1020 970 †
1033 891 1340 955 facultate
1384 892 1711 956 confectus
1759 891 2107 958 eonflietor.
2178 889 2294 956 Ni-

273 977 371 1043 hil
416 1001 719 1063 umquam
768 980 978 1044 simile
1023 984 1248 1045 natum
1293 984 1471 1063 pute.
1548 978 1713 1055 Quoi
1759 980 1814 1043 si
1861 1003 1989 1064 qua
2033 1001 2103 1045 re
2148 1001 2294 1045 eon·

276 1067 484 1132 sulere
539 1068 783 1151 aliquid
837 1090 1128 1154 possum,
1192 1067 1379 1152 cupio
1436 1092 1474 1133 a
1528 1072 1593 1133 te
1648 1068 1993 1134 admoneri.
2084 1067 2291 1133 Video

196 1181 248 1220 ιο
275 1156 541 1220 eandem
578 1177 717 1221 esse
754 1157 1200 1221 difficultatem
1237 1179 1430 1240 quam
1467 1158 1539 1220 in
1574 1157 1843 1221 oonsilio
1880 1156 2088 1221 dando
2126 1160 2292 1222 ante.

273 1244 514 1309 Tamen
557 1245 683 1310 hoe
727 1267 829 1309 me
875 1245 1083 1330 magis
1131 1245 1440 1310 sollicitat
1487 1268 1679 1330 quam
1725 1246 1956 1310 omnia.
2028 1243 2108 1309 In
2142 1267 2292 1329 pen·

275 1333 453 1398 sione
500 1334 773 1398 secunda
817 1335 985 1398 eaeei
1030 1334 1287 1398 fuimus.
1379 1332 1577 1398 Aliud
1622 1333 1906 1418 mallem3
1958 1333 2070 1398 sed
2113 1355 2293 1417 prae-

272 1422 467 1486 teriit.
541 1422 632 1486 Te
679 1443 812 1507 oro,
857 1426 931 1486 ut
976 1422 1046 1486 in
1091 1422 1362 1523 perditis
1408 1422 1601 1487 rebus
1650 1423 1704 1486 si
1743 1422 1898 1506 quid
1936 1422 2101 1507 cogi,
2144 1442 2291 1487 eon-

272 1510 378 1574 fiei
424 1514 668 1594 potest,
728 1510 902 1594 quod
956 1510 1044 1574 sit
1097 1512 1169 1573 in
1222 1514 1398 1596 tuto,
1452 1532 1529 1574 ex
1576 1514 1844 1595 argento
1891 1515 2084 1594 atque
2132 1511 2290 1575 satis

191 1622 244 1662 15
272 1598 480 1663 multa
543 1620 623 1663 ex
688 1598 1111 1683 supellectile,
1174 1598 1283 1662 des
1340 1620 1614 1683 operam.
1712 1598 1848 1663 Iam
1904 1600 2075 1663 enim
2128 1598 2290 1664 mihi

273 1686 530 1750 videtur
582 1686 802 1750 adesse
856 1690 1214 1751 extremum
1257 1708 1376 1752 nee
1419 1687 1552 1751 ulla
1596 1686 1735 1752 fore
1780 1687 2067 1752 condicio
2113 1688 2291 1771 paois

274 1795 492 1860 eaque,
529 1796 691 1858 quae
730 1778 902 1860 sunt,
937 1776 1130 1838 etiam
1167 1775 1305 1838 sine
1344 1774 1705 1839 adversario
1742 1776 2042 1859 peritura.
2116 1774 2289 1841 Haeo

273 1862 470 1926 etiam
485 1915 503 1948 ‚
565 1862 623 1926 si
677 1862 1024 1946 videbitur,
1088 1884 1233 1926 eum
1287 1863 1586 1927 Terentia
1638 1863 1903 1947 loquere
1957 1868 2287 1947 oportune.

274 1948 429 2016 Non
483 1973 650 2036 queo
699 1952 914 2017 omnia
962 1951 1253 2017 seribere.
1328 1950 1505 2017 Vale.
1579 1970 1657 2016 111
1701 1950 1868 2018 Non.
1916 1950 2215 2029 Quinctil.
