<?xml version="1.0" encoding="UTF-8"?>
<!DOCTYPE html PUBLIC "-//W3C//DTD XHTML 1.0 Transitional//EN"
    "http://www.w3.org/TR/xhtml1/DTD/xhtml1-transitional.dtd">
<html xmlns="http://www.w3.org/1999/xhtml" xml:lang="en" lang="en">
 <head>
  <title>
</title>
<meta http-equiv="Content-Type" content="text/html;charset=utf-8" />
  <meta name='ocr-system' content='tesseract 3.04.00' />
  <meta name='ocr-capabilities' content='ocr_page ocr_carea ocr_par ocr_line ocrx_word'/>
</head>
<body>
  <div class='ocr_page' id='page_1' title='image "./scriptaquaemans00friegoog_0616.png"; bbox 0 0 2642 3923; ppageno 0'>
   <div class='ocr_carea' id='block_1_1' title="bbox 343 199 1728 266">
    <p class='ocr_par' dir='ltr' id='par_1_1' title="bbox 343 199 1728 266">
     <span class='ocr_line' id='line_1_1' title="bbox 343 199 1728 266; baseline -0.01 1"><span class='ocrx_word' id='word_1_1' title='bbox 343 202 480 266; x_wconf 80' lang='grc'><strong>452</strong></span> <span class='ocrx_word' id='word_1_2' title='bbox 990 201 1065 256; x_wconf 88' lang='grc' dir='ltr'><strong>Μ.</strong></span> <span class='ocrx_word' id='word_1_3' title='bbox 1096 201 1311 255; x_wconf 84' lang='lat' dir='ltr'>TULLI</span> <span class='ocrx_word' id='word_1_4' title='bbox 1348 199 1728 255; x_wconf 81' lang='lat' dir='ltr'>CICERONIS</span> 
     </span>
    </p>
   </div>
   <div class='ocr_carea' id='block_1_2' title="bbox 345 343 2471 958">
    <p class='ocr_par' dir='ltr' id='par_1_2' title="bbox 345 343 2471 958">
     <span class='ocr_line' id='line_1_2' title="bbox 347 343 2377 429; baseline -0.001 -20"><span class='ocrx_word' id='word_1_5' title='bbox 347 345 684 410; x_wconf 82' lang='lat' dir='ltr'><strong>mandasse</strong></span> <span class='ocrx_word' id='word_1_6' title='bbox 730 367 844 428; x_wconf 94' lang='lat' dir='ltr'><strong>per</strong></span> <span class='ocrx_word' id='word_1_7' title='bbox 888 345 1159 429; x_wconf 73' lang='lat' dir='ltr'><strong>litteras,</strong></span> <span class='ocrx_word' id='word_1_8' title='bbox 1205 348 1277 408; x_wconf 92' lang='lat' dir='ltr'><strong>ut</strong></span> <span class='ocrx_word' id='word_1_9' title='bbox 1326 344 1402 408; x_wconf 91' lang='lat' dir='ltr'><strong>de</strong></span> <span class='ocrx_word' id='word_1_10' title='bbox 1446 343 1741 409; x_wconf 89' lang='lat' dir='ltr'><strong>Montani</strong></span> <span class='ocrx_word' id='word_1_11' title='bbox 1788 343 2051 428; x_wconf 85' lang='lat' dir='ltr'><strong>negotio</strong></span> <span class='ocrx_word' id='word_1_12' title='bbox 2098 364 2244 407; x_wconf 94' lang='lat' dir='ltr'><strong>cum</strong></span> <span class='ocrx_word' id='word_1_13' title='bbox 2295 364 2377 407; x_wconf 92' lang='lat' dir='ltr'><strong>eo</strong></span> 
     </span>
     <span class='ocr_line' id='line_1_3' title="bbox 347 432 2377 518; baseline -0.001 -21"><span class='ocrx_word' id='word_1_14' title='bbox 347 433 459 518; x_wconf 96' lang='lat' dir='ltr'><strong>loq</strong></span> <span class='ocrx_word' id='word_1_15' title='bbox 461 454 706 517; x_wconf 92' lang='lat' dir='ltr'><strong>uerere,</strong></span> <span class='ocrx_word' id='word_1_16' title='bbox 769 437 834 497; x_wconf 91' lang='lat' dir='ltr'><strong>et</strong></span> <span class='ocrx_word' id='word_1_17' title='bbox 897 433 1091 497; x_wconf 86' lang='lat' dir='ltr'><strong>velim</strong></span> <span class='ocrx_word' id='word_1_18' title='bbox 1153 455 1335 497; x_wconf 92' lang='lat' dir='ltr'><strong>cures</strong></span> <span class='ocrx_word' id='word_1_19' title='bbox 1400 432 1743 515; x_wconf 77' lang='lat' dir='ltr'><strong>epistulam</strong></span> <span class='ocrx_word' id='word_1_20' title='bbox 1757 483 1774 516; x_wconf 99' lang='lat'><strong>,</strong></span> <span class='ocrx_word' id='word_1_21' title='bbox 1840 454 2034 516; x_wconf 92' lang='lat' dir='ltr'><strong>quam</strong></span> <span class='ocrx_word' id='word_1_22' title='bbox 2087 432 2168 495; x_wconf 95' lang='lat' dir='ltr'><strong>ad</strong></span> <span class='ocrx_word' id='word_1_23' title='bbox 2222 453 2377 495; x_wconf 91' lang='lat' dir='ltr'><strong>eum</strong></span> 
     </span>
     <span class='ocr_line' id='line_1_4' title="bbox 348 484 2379 607; baseline -0.001 -22"><span class='ocrx_word' id='word_1_24' title='bbox 348 522 519 606; x_wconf 94' lang='lat' dir='ltr'><strong>misi,</strong></span> <span class='ocrx_word' id='word_1_25' title='bbox 563 484 962 607; x_wconf 83' lang='lat' dir='ltr'><strong>reddendam,</strong></span> <span class='ocrx_word' id='word_1_26' title='bbox 1008 526 1073 586; x_wconf 91' lang='lat' dir='ltr'><strong>et</strong></span> <span class='ocrx_word' id='word_1_27' title='bbox 1110 522 1266 605; x_wconf 86' lang='lat' dir='ltr'><strong>ipse,</strong></span> <span class='ocrx_word' id='word_1_28' title='bbox 1314 521 1486 605; x_wconf 91' lang='lat' dir='ltr'><strong>quod</strong></span> <span class='ocrx_word' id='word_1_29' title='bbox 1523 520 1856 585; x_wconf 91' lang='lat' dir='ltr'><strong>commodo</strong></span> <span class='ocrx_word' id='word_1_30' title='bbox 1893 524 2008 584; x_wconf 91' lang='lat' dir='ltr'><strong>tuo</strong></span> <span class='ocrx_word' id='word_1_31' title='bbox 2046 520 2177 603; x_wconf 89' lang='lat' dir='ltr'><strong>fiat,</strong></span> <span class='ocrx_word' id='word_1_32' title='bbox 2223 541 2379 583; x_wconf 90' lang='lat' dir='ltr'><strong>cum</strong></span> 
     </span>
     <span class='ocr_line' id='line_1_5' title="bbox 351 570 2378 696; baseline -0.001 -22"><span class='ocrx_word' id='word_1_33' title='bbox 351 632 427 675; x_wconf 95' lang='lat' dir='ltr'><strong>eo</strong></span> <span class='ocrx_word' id='word_1_34' title='bbox 473 610 875 694; x_wconf 85' lang='lat' dir='ltr'><strong>conloquare.</strong></span> <span class='ocrx_word' id='word_1_35' title='bbox 965 608 1163 696; x_wconf 91' lang='lat' dir='ltr'><strong>Puto,</strong></span> <span class='ocrx_word' id='word_1_36' title='bbox 1218 609 1275 673; x_wconf 89' lang='lat' dir='ltr'><strong>si</strong></span> <span class='ocrx_word' id='word_1_37' title='bbox 1321 609 1477 693; x_wconf 93' lang='lat' dir='ltr'><strong>quid</strong></span> <span class='ocrx_word' id='word_1_38' title='bbox 1521 609 1591 672; x_wconf 86' lang='lat' dir='ltr'><strong>in</strong></span> <span class='ocrx_word' id='word_1_39' title='bbox 1633 608 1893 673; x_wconf 91' lang='lat' dir='ltr'><strong>homine</strong></span> <span class='ocrx_word' id='word_1_40' title='bbox 1940 570 2207 691; x_wconf 86' lang='lat' dir='ltr'><strong>pudoris</strong></span> <span class='ocrx_word' id='word_1_41' title='bbox 2254 610 2378 692; x_wconf 90' lang='lat' dir='ltr'><strong>est,</strong></span> 
     </span>
     <span class='ocr_line' id='line_1_6' title="bbox 350 663 2471 781; baseline 0 -19"><span class='ocrx_word' id='word_1_42' title='bbox 350 702 827 781; x_wconf 87' lang='lat' dir='ltr'><strong>praestaturum</strong></span> <span class='ocrx_word' id='word_1_43' title='bbox 891 720 1062 781; x_wconf 92' lang='lat' dir='ltr'><strong>eum,</strong></span> <span class='ocrx_word' id='word_1_44' title='bbox 1125 663 1206 761; x_wconf 76' lang='lat' dir='ltr'><strong>lie</strong></span> <span class='ocrx_word' id='word_1_45' title='bbox 1267 719 1410 761; x_wconf 91' lang='lat' dir='ltr'><strong>sero</strong></span> <span class='ocrx_word' id='word_1_46' title='bbox 1467 719 1611 761; x_wconf 92' lang='lat' dir='ltr'><strong>cum</strong></span> <span class='ocrx_word' id='word_1_47' title='bbox 1669 697 1899 761; x_wconf 91' lang='lat' dir='ltr'><strong>damno</strong></span> <span class='ocrx_word' id='word_1_48' title='bbox 1956 695 2376 779; x_wconf 90' lang='lat' dir='ltr'><strong>dependatur.</strong></span> <span class='ocrx_word' id='word_1_49' title='bbox 2441 721 2471 762; x_wconf 83' lang='lat'><strong>5</strong></span> 
     </span>
     <span class='ocr_line' id='line_1_7' title="bbox 350 783 2379 870; baseline -0.001 -19"><span class='ocrx_word' id='word_1_50' title='bbox 350 783 447 850; x_wconf 91' lang='lat' dir='ltr'><strong>De</strong></span> <span class='ocrx_word' id='word_1_51' title='bbox 493 785 714 851; x_wconf 88' lang='lat' dir='ltr'><strong>Attica</strong></span> <span class='ocrx_word' id='word_1_52' title='bbox 770 790 1143 870; x_wconf 85' lang='lat' dir='ltr'><strong>pergratum</strong></span> <span class='ocrx_word' id='word_1_53' title='bbox 1196 785 1359 848; x_wconf 92' lang='lat' dir='ltr'><strong>mihi</strong></span> <span class='ocrx_word' id='word_1_54' title='bbox 1413 785 1623 849; x_wconf 87' lang='lat' dir='ltr'><strong>fecisti</strong></span> <span class='ocrx_word' id='word_1_55' title='bbox 1674 784 1844 868; x_wconf 94' lang='lat' dir='ltr'><strong>quod</strong></span> <span class='ocrx_word' id='word_1_56' title='bbox 1899 786 2164 870; x_wconf 81' lang='lat' dir='ltr'><strong>curasti,</strong></span> <span class='ocrx_word' id='word_1_57' title='bbox 2196 788 2379 848; x_wconf 89' lang='lat' dir='ltr'><strong>ante</strong></span> 
     </span>
     <span class='ocr_line' id='line_1_8' title="bbox 345 873 1863 958; baseline -0.002 -19"><span class='ocrx_word' id='word_1_58' title='bbox 345 875 578 939; x_wconf 89' lang='lat' dir='ltr'><strong>scirem</strong></span> <span class='ocrx_word' id='word_1_59' title='bbox 622 878 793 939; x_wconf 92' lang='lat' dir='ltr'><strong>recte</strong></span> <span class='ocrx_word' id='word_1_60' title='bbox 838 896 976 939; x_wconf 92' lang='lat' dir='ltr'><strong>esse</strong></span> <span class='ocrx_word' id='word_1_61' title='bbox 1022 896 1215 958; x_wconf 90' lang='lat' dir='ltr'><strong>quam</strong></span> <span class='ocrx_word' id='word_1_62' title='bbox 1259 896 1393 937; x_wconf 94' lang='lat' dir='ltr'><strong>non</strong></span> <span class='ocrx_word' id='word_1_63' title='bbox 1438 873 1604 937; x_wconf 92' lang='lat' dir='ltr'><strong>belle</strong></span> <span class='ocrx_word' id='word_1_64' title='bbox 1648 873 1863 937; x_wconf 89' lang='lat' dir='ltr'><strong>fuisse.</strong></span> 
     </span>
    </p>
   </div>
   <div class='ocr_carea' id='block_1_3' title="bbox 283 1011 2466 1398">
    <p class='ocr_par' dir='ltr' id='par_1_3' title="bbox 283 1011 2466 1398">
     <span class='ocr_line' id='line_1_9' title="bbox 1257 1011 1463 1078; baseline -0.005 0"><span class='ocrx_word' id='word_1_65' title='bbox 1257 1011 1463 1078; x_wconf 90' lang='lat' dir='ltr'>XVII.</span> 
     </span>
     <span class='ocr_line' id='line_1_10' title="bbox 661 1118 2129 1187; baseline -0.003 -13"><span class='ocrx_word' id='word_1_66' title='bbox 661 1118 777 1174; x_wconf 79' lang='lat' dir='ltr'><strong>Sor.</strong></span> <span class='ocrx_word' id='word_1_67' title='bbox 805 1119 870 1172; x_wconf 77' lang='lat' dir='ltr'><strong>in</strong></span> <span class='ocrx_word' id='word_1_68' title='bbox 905 1118 1242 1187; x_wconf 76' lang='lat' dir='ltr'><strong>Pompeiano</strong></span> <span class='ocrx_word' id='word_1_69' title='bbox 1277 1119 1379 1171; x_wconf 90' lang='lat' dir='ltr'><strong>IV</strong></span> <span class='ocrx_word' id='word_1_70' title='bbox 1407 1118 1554 1172; x_wconf 74' lang='lat' dir='ltr'><strong>Non.</strong></span> <span class='ocrx_word' id='word_1_71' title='bbox 1585 1118 1731 1171; x_wconf 80' lang='lat' dir='ltr'><strong>Mai.</strong></span> <span class='ocrx_word' id='word_1_72' title='bbox 1760 1135 1812 1171; x_wconf 86' lang='lat' dir='ltr'><strong>a.</strong></span> <span class='ocrx_word' id='word_1_73' title='bbox 1844 1120 1954 1172; x_wconf 82' lang='lat'><strong>710</strong></span> <span class='ocrx_word' id='word_1_74' title='bbox 1992 1119 2129 1185; x_wconf 75' lang='lat'><em>(44).</em></span> 
     </span>
     <span class='ocr_line' id='line_1_11' title="bbox 959 1222 2466 1278; baseline -0.004 0"><span class='ocrx_word' id='word_1_75' title='bbox 959 1222 1249 1278; x_wconf 78' lang='lat' dir='ltr'><strong><em>CICERO</em></strong></span> <span class='ocrx_word' id='word_1_76' title='bbox 1282 1222 1575 1278; x_wconf 78' lang='lat' dir='ltr'><strong><em>ATTICO</em></strong></span> <span class='ocrx_word' id='word_1_77' title='bbox 1610 1222 1776 1277; x_wconf 80' lang='lat' dir='ltr'><strong>SAL.</strong></span> <span class='ocrx_word' id='word_1_78' title='bbox 2411 1235 2466 1273; x_wconf 84' lang='lat'><strong>10</strong></span> 
     </span>
     <span class='ocr_line' id='line_1_12' title="bbox 283 1311 2383 1398; baseline -0.003 -16"><span class='ocrx_word' id='word_1_79' title='bbox 283 1332 314 1382; x_wconf 84' lang='lat'>1</span> <span class='ocrx_word' id='word_1_80' title='bbox 486 1314 567 1378; x_wconf 94' lang='lat' dir='ltr'><strong>In</strong></span> <span class='ocrx_word' id='word_1_81' title='bbox 609 1313 1071 1398; x_wconf 90' lang='lat' dir='ltr'><strong>Pompeianum</strong></span> <span class='ocrx_word' id='word_1_82' title='bbox 1116 1315 1261 1378; x_wconf 86' lang='lat' dir='ltr'><strong>veni</strong></span> <span class='ocrx_word' id='word_1_83' title='bbox 1305 1332 1355 1376; x_wconf 84' lang='lat' dir='ltr'><strong>v</strong></span> <span class='ocrx_word' id='word_1_84' title='bbox 1399 1311 1623 1378; x_wconf 90' lang='lat' dir='ltr'><strong>Nonas</strong></span> <span class='ocrx_word' id='word_1_85' title='bbox 1669 1312 1902 1396; x_wconf 85' lang='lat' dir='ltr'><strong>Maias,</strong></span> <span class='ocrx_word' id='word_1_86' title='bbox 1957 1334 2104 1376; x_wconf 93' lang='lat' dir='ltr'><strong>cum</strong></span> <span class='ocrx_word' id='word_1_87' title='bbox 2149 1312 2383 1396; x_wconf 91' lang='lat' dir='ltr'><strong>pridie,</strong></span> 
     </span>
    </p>
   </div>
   <div class='ocr_carea' id='block_1_4' title="bbox 283 1399 2459 2990">
    <p class='ocr_par' dir='ltr' id='par_1_4' title="bbox 353 1399 2454 1928">
     <span class='ocr_line' id='line_1_13' title="bbox 353 1399 2379 1488; baseline -0.001 -21"><span class='ocrx_word' id='word_1_88' title='bbox 353 1406 429 1467; x_wconf 89' lang='lat' dir='ltr'><strong>ut</strong></span> <span class='ocrx_word' id='word_1_89' title='bbox 493 1406 680 1467; x_wconf 90' lang='lat' dir='ltr'><strong>antea</strong></span> <span class='ocrx_word' id='word_1_90' title='bbox 743 1403 821 1466; x_wconf 90' lang='lat' dir='ltr'><strong>ad</strong></span> <span class='ocrx_word' id='word_1_91' title='bbox 883 1407 949 1467; x_wconf 92' lang='lat' dir='ltr'><strong>te</strong></span> <span class='ocrx_word' id='word_1_92' title='bbox 996 1402 1250 1488; x_wconf 90' lang='lat' dir='ltr'><strong>scripsi,</strong></span> <span class='ocrx_word' id='word_1_93' title='bbox 1311 1400 1545 1465; x_wconf 91' lang='lat' dir='ltr'><strong>Piliam</strong></span> <span class='ocrx_word' id='word_1_94' title='bbox 1611 1402 1681 1465; x_wconf 89' lang='lat' dir='ltr'><strong>in</strong></span> <span class='ocrx_word' id='word_1_95' title='bbox 1734 1399 2021 1465; x_wconf 90' lang='lat' dir='ltr'><strong>Cumano</strong></span> <span class='ocrx_word' id='word_1_96' title='bbox 2086 1400 2379 1465; x_wconf 89' lang='lat' dir='ltr'><strong>conloca·</strong></span> 
     </span>
     <span class='ocr_line' id='line_1_14' title="bbox 354 1489 2380 1573; baseline -0.001 -18"><span class='ocrx_word' id='word_1_97' title='bbox 354 1492 607 1555; x_wconf 85' lang='lat' dir='ltr'><strong>vissem.</strong></span> <span class='ocrx_word' id='word_1_98' title='bbox 697 1489 799 1554; x_wconf 94' lang='lat' dir='ltr'><strong>Ibi</strong></span> <span class='ocrx_word' id='word_1_99' title='bbox 852 1490 1014 1554; x_wconf 90' lang='lat' dir='ltr'><strong>mihi</strong></span> <span class='ocrx_word' id='word_1_100' title='bbox 1068 1490 1321 1555; x_wconf 89' lang='lat' dir='ltr'><strong>cenanti</strong></span> <span class='ocrx_word' id='word_1_101' title='bbox 1376 1490 1630 1554; x_wconf 86' lang='lat' dir='ltr'><strong>litterae</strong></span> <span class='ocrx_word' id='word_1_102' title='bbox 1676 1494 1826 1553; x_wconf 89' lang='lat' dir='ltr'><strong>tuae</strong></span> <span class='ocrx_word' id='word_1_103' title='bbox 1874 1493 2026 1553; x_wconf 90' lang='lat' dir='ltr'><strong>sunt</strong></span> <span class='ocrx_word' id='word_1_104' title='bbox 2072 1489 2380 1573; x_wconf 86' lang='lat' dir='ltr'><strong>redditae,</strong></span> 
     </span>
     <span class='ocr_line' id='line_1_15' title="bbox 355 1577 2379 1663; baseline -0.001 -20"><span class='ocrx_word' id='word_1_105' title='bbox 355 1602 516 1663; x_wconf 91' lang='lat' dir='ltr'><strong>quas</strong></span> <span class='ocrx_word' id='word_1_106' title='bbox 589 1579 850 1643; x_wconf 91' lang='lat' dir='ltr'><strong>dederas</strong></span> <span class='ocrx_word' id='word_1_107' title='bbox 915 1578 1245 1643; x_wconf 90' lang='lat' dir='ltr'><strong>Demetrio</strong></span> <span class='ocrx_word' id='word_1_108' title='bbox 1318 1578 1554 1643; x_wconf 86' lang='lat' dir='ltr'><strong>liberto</strong></span> <span class='ocrx_word' id='word_1_109' title='bbox 1619 1600 1712 1661; x_wconf 91' lang='lat' dir='ltr'><strong>pr.</strong></span> <span class='ocrx_word' id='word_1_110' title='bbox 1758 1577 1930 1660; x_wconf 60' lang='grc' dir='ltr'><strong>Κεὶς</strong></span> <span class='ocrx_word' id='word_1_111' title='bbox 2002 1577 2070 1641; x_wconf 86' lang='grc'><strong>111</strong></span> <span class='ocrx_word' id='word_1_112' title='bbox 2137 1577 2379 1662; x_wconf 90' lang='lat' dir='ltr'><strong>quibus</strong></span> 
     </span>
     <span class='ocr_line' id='line_1_16' title="bbox 355 1665 2454 1752; baseline 0 -21"><span class='ocrx_word' id='word_1_113' title='bbox 355 1668 562 1731; x_wconf 91' lang='lat' dir='ltr'><strong>multa</strong></span> <span class='ocrx_word' id='word_1_114' title='bbox 624 1668 970 1752; x_wconf 89' lang='lat' dir='ltr'><strong>sapienter,</strong></span> <span class='ocrx_word' id='word_1_115' title='bbox 1037 1667 1147 1731; x_wconf 92' lang='lat' dir='ltr'><strong>sed</strong></span> <span class='ocrx_word' id='word_1_116' title='bbox 1208 1671 1425 1731; x_wconf 91' lang='lat' dir='ltr'><strong>tamen</strong></span> <span class='ocrx_word' id='word_1_117' title='bbox 1484 1666 1667 1750; x_wconf 87' lang='lat' dir='ltr'><strong>talia,</strong></span> <span class='ocrx_word' id='word_1_118' title='bbox 1727 1688 1919 1750; x_wconf 91' lang='lat' dir='ltr'><strong>quem</strong></span> <span class='ocrx_word' id='word_1_119' title='bbox 1974 1665 2054 1729; x_wconf 88' lang='lat' dir='ltr'><strong>ad</strong></span> <span class='ocrx_word' id='word_1_120' title='bbox 2107 1665 2376 1730; x_wconf 92' lang='lat' dir='ltr'><strong>modum</strong></span> <span class='ocrx_word' id='word_1_121' title='bbox 2402 1692 2454 1733; x_wconf 86' lang='lat'><strong>15</strong></span> 
     </span>
     <span class='ocr_line' id='line_1_17' title="bbox 354 1754 2381 1839; baseline -0.001 -19"><span class='ocrx_word' id='word_1_122' title='bbox 354 1760 497 1820; x_wconf 88' lang='lat' dir='ltr'><strong>tute</strong></span> <span class='ocrx_word' id='word_1_123' title='bbox 542 1756 884 1839; x_wconf 90' lang='lat' dir='ltr'><strong>scribebas,</strong></span> <span class='ocrx_word' id='word_1_124' title='bbox 930 1760 1004 1820; x_wconf 91' lang='lat' dir='ltr'><strong>ut</strong></span> <span class='ocrx_word' id='word_1_125' title='bbox 1051 1777 1236 1820; x_wconf 92' lang='lat' dir='ltr'><strong>omne</strong></span> <span class='ocrx_word' id='word_1_126' title='bbox 1281 1754 1623 1819; x_wconf 91' lang='lat' dir='ltr'><strong>consilium</strong></span> <span class='ocrx_word' id='word_1_127' title='bbox 1668 1755 1737 1818; x_wconf 95' lang='lat' dir='ltr'><strong>in</strong></span> <span class='ocrx_word' id='word_1_128' title='bbox 1780 1754 2042 1818; x_wconf 85' lang='lat' dir='ltr'><strong>fortuna</strong></span> <span class='ocrx_word' id='word_1_129' title='bbox 2085 1755 2381 1837; x_wconf 91' lang='lat' dir='ltr'><strong>positum</strong></span> 
     </span>
     <span class='ocr_line' id='line_1_18' title="bbox 356 1842 2379 1928; baseline -0 -20"><span class='ocrx_word' id='word_1_130' title='bbox 356 1845 695 1909; x_wconf 81' lang='lat' dir='ltr'><strong>videretur.</strong></span> <span class='ocrx_word' id='word_1_131' title='bbox 787 1843 1012 1928; x_wconf 92' lang='lat' dir='ltr'><strong>Itaque</strong></span> <span class='ocrx_word' id='word_1_132' title='bbox 1070 1844 1174 1908; x_wconf 90' lang='lat' dir='ltr'><strong>his</strong></span> <span class='ocrx_word' id='word_1_133' title='bbox 1223 1842 1299 1907; x_wconf 95' lang='lat' dir='ltr'><strong>de</strong></span> <span class='ocrx_word' id='word_1_134' title='bbox 1346 1843 1536 1907; x_wconf 87' lang='lat' dir='ltr'><strong>rebus</strong></span> <span class='ocrx_word' id='word_1_135' title='bbox 1574 1865 1651 1907; x_wconf 85' lang='lat' dir='ltr'><strong>ex</strong></span> <span class='ocrx_word' id='word_1_136' title='bbox 1697 1846 1985 1926; x_wconf 90' lang='lat' dir='ltr'><strong>tempore</strong></span> <span class='ocrx_word' id='word_1_137' title='bbox 2031 1846 2096 1906; x_wconf 93' lang='lat' dir='ltr'><strong>et</strong></span> <span class='ocrx_word' id='word_1_138' title='bbox 2141 1864 2379 1907; x_wconf 91' lang='lat' dir='ltr'><strong>coram.</strong></span> 
     </span>
    </p>

    <p class='ocr_par' dir='ltr' id='par_1_5' title="bbox 284 1929 2459 2369">
     <span class='ocr_line' id='line_1_19' title="bbox 284 1929 2380 2018; baseline -0.001 -20"><span class='ocrx_word' id='word_1_139' title='bbox 284 1950 318 1998; x_wconf 80' lang='lat'><strong>2</strong></span> <span class='ocrx_word' id='word_1_140' title='bbox 356 1931 454 1998; x_wconf 91' lang='lat' dir='ltr'><strong>De</strong></span> <span class='ocrx_word' id='word_1_141' title='bbox 499 1932 846 1998; x_wconf 88' lang='lat' dir='ltr'><strong>Buthrotio</strong></span> <span class='ocrx_word' id='word_1_142' title='bbox 903 1932 1165 2018; x_wconf 84' lang='lat' dir='ltr'><strong>negotio</strong></span> <span class='ocrx_word' id='word_1_143' title='bbox 1226 1932 1476 1997; x_wconf 91' lang='lat' dir='ltr'><strong>utinam</strong></span> <span class='ocrx_word' id='word_1_144' title='bbox 1523 1931 1780 2015; x_wconf 91' lang='lat' dir='ltr'><strong>quidem</strong></span> <span class='ocrx_word' id='word_1_145' title='bbox 1824 1929 2185 1996; x_wconf 87' lang='lat' dir='ltr'><strong>Antonium</strong></span> <span class='ocrx_word' id='word_1_146' title='bbox 2230 1952 2380 1996; x_wconf 92' lang='lat' dir='ltr'><strong>con-</strong></span> 
     </span>
     <span class='ocr_line' id='line_1_20' title="bbox 358 2019 2382 2105; baseline -0 -19"><span class='ocrx_word' id='word_1_147' title='bbox 358 2022 634 2086; x_wconf 82' lang='lat' dir='ltr'><strong>veniam!</strong></span> <span class='ocrx_word' id='word_1_148' title='bbox 716 2021 996 2086; x_wconf 90' lang='lat' dir='ltr'><strong>Multum</strong></span> <span class='ocrx_word' id='word_1_149' title='bbox 1054 2022 1343 2104; x_wconf 90' lang='lat' dir='ltr'><strong>profecto</strong></span> <span class='ocrx_word' id='word_1_150' title='bbox 1403 2021 1748 2105; x_wconf 88' lang='lat' dir='ltr'><strong>proficiam.</strong></span> <span class='ocrx_word' id='word_1_151' title='bbox 1840 2019 1964 2085; x_wconf 84' lang='lat' dir='ltr'><strong>Sed</strong></span> <span class='ocrx_word' id='word_1_152' title='bbox 2025 2041 2157 2084; x_wconf 94' lang='lat' dir='ltr'><strong>non</strong></span> <span class='ocrx_word' id='word_1_153' title='bbox 2211 2020 2382 2085; x_wconf 87' lang='lat' dir='ltr'><strong>arbi-</strong></span> 
     </span>
     <span class='ocr_line' id='line_1_21' title="bbox 360 2108 2459 2193; baseline -0 -18"><span class='ocrx_word' id='word_1_154' title='bbox 360 2115 617 2175; x_wconf 90' lang='lat' dir='ltr'><strong>trantur</strong></span> <span class='ocrx_word' id='word_1_155' title='bbox 653 2131 798 2174; x_wconf 91' lang='lat' dir='ltr'><strong>eum</strong></span> <span class='ocrx_word' id='word_1_156' title='bbox 834 2131 873 2173; x_wconf 93' lang='lat' dir='ltr'><strong>a</strong></span> <span class='ocrx_word' id='word_1_157' title='bbox 912 2108 1129 2193; x_wconf 86' lang='lat' dir='ltr'><strong>Capua</strong></span> <span class='ocrx_word' id='word_1_158' title='bbox 1164 2109 1654 2193; x_wconf 81' lang='lat' dir='ltr'><strong>declinaturum3</strong></span> <span class='ocrx_word' id='word_1_159' title='bbox 1699 2130 1828 2193; x_wconf 92' lang='lat' dir='ltr'><strong>quo</strong></span> <span class='ocrx_word' id='word_1_160' title='bbox 1865 2108 2122 2192; x_wconf 91' lang='lat' dir='ltr'><strong>quidem</strong></span> <span class='ocrx_word' id='word_1_161' title='bbox 2158 2113 2380 2173; x_wconf 90' lang='lat' dir='ltr'><strong>metuo</strong></span> <span class='ocrx_word' id='word_1_162' title='bbox 2407 2137 2459 2175; x_wconf 77' lang='lat'><strong>20</strong></span> 
     </span>
     <span class='ocr_line' id='line_1_22' title="bbox 357 2196 2381 2283; baseline -0.001 -20"><span class='ocrx_word' id='word_1_163' title='bbox 357 2221 439 2263; x_wconf 92' lang='lat' dir='ltr'><strong>ne</strong></span> <span class='ocrx_word' id='word_1_164' title='bbox 510 2219 743 2283; x_wconf 84' lang='lat' dir='ltr'><strong>magno</strong></span> <span class='ocrx_word' id='word_1_165' title='bbox 817 2198 910 2262; x_wconf 91' lang='lat' dir='ltr'><strong>rei</strong></span> <span class='ocrx_word' id='word_1_166' title='bbox 981 2197 1273 2280; x_wconf 90' lang='lat' dir='ltr'><strong>publicae</strong></span> <span class='ocrx_word' id='word_1_167' title='bbox 1345 2197 1515 2260; x_wconf 91' lang='lat' dir='ltr'><strong>malo</strong></span> <span class='ocrx_word' id='word_1_168' title='bbox 1588 2197 1852 2261; x_wconf 85' lang='lat' dir='ltr'><strong>venerit.</strong></span> <span class='ocrx_word' id='word_1_169' title='bbox 1961 2196 2147 2273; x_wconf 86' lang='lat' dir='ltr'><strong>Quod</strong></span> <span class='ocrx_word' id='word_1_170' title='bbox 2208 2197 2381 2261; x_wconf 93' lang='lat' dir='ltr'><strong>idem</strong></span> 
     </span>
     <span class='ocr_line' id='line_1_23' title="bbox 358 2285 2379 2369; baseline -0.001 -18"><span class='ocrx_word' id='word_1_171' title='bbox 358 2285 429 2352; x_wconf 89' lang='lat' dir='ltr'><strong>L.</strong></span> <span class='ocrx_word' id='word_1_172' title='bbox 477 2285 734 2351; x_wconf 82' lang='lat' dir='ltr'><strong>Caesari</strong></span> <span class='ocrx_word' id='word_1_173' title='bbox 797 2286 1159 2368; x_wconf 84' lang='lat' dir='ltr'><strong>videbatur,</strong></span> <span class='ocrx_word' id='word_1_174' title='bbox 1220 2308 1409 2369; x_wconf 91' lang='lat' dir='ltr'><strong>quem</strong></span> <span class='ocrx_word' id='word_1_175' title='bbox 1469 2285 1673 2369; x_wconf 92' lang='lat' dir='ltr'><strong>pridie</strong></span> <span class='ocrx_word' id='word_1_176' title='bbox 1726 2285 2002 2368; x_wconf 90' lang='lat' dir='ltr'><strong>Neapoli</strong></span> <span class='ocrx_word' id='word_1_177' title='bbox 2057 2285 2379 2349; x_wconf 86' lang='lat' dir='ltr'><strong>adfectum</strong></span> 
     </span>
    </p>

    <p class='ocr_par' dir='ltr' id='par_1_6' title="bbox 358 2373 2377 2547">
     <span class='ocr_line' id='line_1_24' title="bbox 440 2373 2377 2450; baseline -0.001 -11"><span class='ocrx_word' id='word_1_178' title='bbox 440 2376 645 2439; x_wconf 85' lang='lat' dir='ltr'><strong>aviter</strong></span> <span class='ocrx_word' id='word_1_179' title='bbox 699 2374 999 2439; x_wconf 85' lang='lat' dir='ltr'><strong>videram.</strong></span> <span class='ocrx_word' id='word_1_180' title='bbox 1091 2373 1295 2450; x_wconf 86' lang='lat' dir='ltr'><strong>Quam</strong></span> <span class='ocrx_word' id='word_1_181' title='bbox 1352 2373 1433 2437; x_wconf 96' lang='lat' dir='ltr'><strong>ob</strong></span> <span class='ocrx_word' id='word_1_182' title='bbox 1488 2394 1624 2437; x_wconf 91' lang='lat' dir='ltr'><strong>rem</strong></span> <span class='ocrx_word' id='word_1_183' title='bbox 1678 2374 1806 2438; x_wconf 92' lang='lat' dir='ltr'><strong>ista</strong></span> <span class='ocrx_word' id='word_1_184' title='bbox 1857 2374 2047 2438; x_wconf 90' lang='lat' dir='ltr'><strong>nobis</strong></span> <span class='ocrx_word' id='word_1_185' title='bbox 2103 2374 2186 2437; x_wconf 91' lang='lat' dir='ltr'><strong>ad</strong></span> <span class='ocrx_word' id='word_1_186' title='bbox 2232 2373 2377 2437; x_wconf 88' lang='lat' dir='ltr'><strong>Kal.</strong></span> 
     </span>
     <span class='ocr_line' id='line_1_25' title="bbox 358 2396 2374 2547; baseline -0.002 -18"><span class='ocrx_word' id='word_1_187' title='bbox 358 2396 438 2529; x_wconf 51' lang='lat' dir='ltr'><em>P</em></span> <span class='ocrx_word' id='word_1_188' title='bbox 438 2464 577 2528; x_wconf 88' lang='lat' dir='ltr'><strong>nias</strong></span> <span class='ocrx_word' id='word_1_189' title='bbox 636 2463 972 2528; x_wconf 89' lang='lat' dir='ltr'><strong>tractanda</strong></span> <span class='ocrx_word' id='word_1_190' title='bbox 1031 2466 1096 2526; x_wconf 92' lang='lat' dir='ltr'><strong>et</strong></span> <span class='ocrx_word' id='word_1_191' title='bbox 1154 2462 1537 2547; x_wconf 88' lang='lat' dir='ltr'><strong>perficienda</strong></span> <span class='ocrx_word' id='word_1_192' title='bbox 1598 2465 1765 2526; x_wconf 90' lang='lat' dir='ltr'><strong>sunt.</strong></span> <span class='ocrx_word' id='word_1_193' title='bbox 1868 2461 1992 2527; x_wconf 84' lang='lat' dir='ltr'><strong>Sed</strong></span> <span class='ocrx_word' id='word_1_194' title='bbox 2048 2460 2374 2526; x_wconf 90' lang='lat' dir='ltr'><strong>hactenus.</strong></span> 
     </span>
    </p>

    <p class='ocr_par' dir='ltr' id='par_1_7' title="bbox 283 2550 2458 2987">
     <span class='ocr_line' id='line_1_26' title="bbox 283 2550 2458 2634; baseline -0.001 -16"><span class='ocrx_word' id='word_1_195' title='bbox 283 2570 320 2619; x_wconf 81' lang='lat'><strong>3</strong></span> <span class='ocrx_word' id='word_1_196' title='bbox 493 2551 770 2628; x_wconf 86' lang='lat' dir='ltr'><strong>Quintus</strong></span> <span class='ocrx_word' id='word_1_197' title='bbox 825 2552 996 2615; x_wconf 92' lang='lat' dir='ltr'><strong>filius</strong></span> <span class='ocrx_word' id='word_1_198' title='bbox 1051 2551 1132 2614; x_wconf 93' lang='lat' dir='ltr'><strong>ad</strong></span> <span class='ocrx_word' id='word_1_199' title='bbox 1176 2554 1426 2634; x_wconf 90' lang='lat' dir='ltr'><strong>patrem</strong></span> <span class='ocrx_word' id='word_1_200' title='bbox 1472 2550 1914 2614; x_wconf 90' lang='lat' dir='ltr'><strong>acerbissimas</strong></span> <span class='ocrx_word' id='word_1_201' title='bbox 1960 2550 2213 2614; x_wconf 91' lang='lat' dir='ltr'><strong>litteras</strong></span> <span class='ocrx_word' id='word_1_202' title='bbox 2262 2551 2379 2614; x_wconf 92' lang='lat' dir='ltr'><strong>mi·</strong></span> <span class='ocrx_word' id='word_1_203' title='bbox 2405 2578 2458 2616; x_wconf 78' lang='lat'><strong>25</strong></span> 
     </span>
     <span class='ocr_line' id='line_1_27' title="bbox 359 2637 2381 2726; baseline -0.002 -21"><span class='ocrx_word' id='word_1_204' title='bbox 359 2642 472 2726; x_wconf 84' lang='lat' dir='ltr'><strong>sit3</strong></span> <span class='ocrx_word' id='word_1_205' title='bbox 546 2661 708 2724; x_wconf 92' lang='lat' dir='ltr'><strong>quae</strong></span> <span class='ocrx_word' id='word_1_206' title='bbox 767 2644 917 2704; x_wconf 92' lang='lat' dir='ltr'><strong>sunt</strong></span> <span class='ocrx_word' id='word_1_207' title='bbox 972 2640 1031 2703; x_wconf 94' lang='lat' dir='ltr'><strong>ei</strong></span> <span class='ocrx_word' id='word_1_208' title='bbox 1086 2639 1396 2722; x_wconf 90' lang='lat' dir='ltr'><strong>redditae,</strong></span> <span class='ocrx_word' id='word_1_209' title='bbox 1452 2661 1597 2703; x_wconf 92' lang='lat' dir='ltr'><strong>cum</strong></span> <span class='ocrx_word' id='word_1_210' title='bbox 1642 2639 2031 2702; x_wconf 85' lang='lat' dir='ltr'><strong>venissemus</strong></span> <span class='ocrx_word' id='word_1_211' title='bbox 2078 2638 2149 2702; x_wconf 93' lang='lat' dir='ltr'><strong>in</strong></span> <span class='ocrx_word' id='word_1_212' title='bbox 2191 2637 2381 2703; x_wconf 90' lang='lat' dir='ltr'><strong>Pom-</strong></span> 
     </span>
     <span class='ocr_line' id='line_1_28' title="bbox 356 2725 2383 2814; baseline -0.001 -21"><span class='ocrx_word' id='word_1_213' title='bbox 356 2729 675 2814; x_wconf 91' lang='lat' dir='ltr'><strong>peianum.</strong></span> <span class='ocrx_word' id='word_1_214' title='bbox 768 2727 1051 2804; x_wconf 87' lang='lat' dir='ltr'><strong>Quarum</strong></span> <span class='ocrx_word' id='word_1_215' title='bbox 1095 2732 1312 2792; x_wconf 91' lang='lat' dir='ltr'><strong>tamen</strong></span> <span class='ocrx_word' id='word_1_216' title='bbox 1358 2730 1495 2791; x_wconf 92' lang='lat' dir='ltr'><strong>erat</strong></span> <span class='ocrx_word' id='word_1_217' title='bbox 1541 2731 1733 2810; x_wconf 92' lang='lat' dir='ltr'><strong>caput</strong></span> <span class='ocrx_word' id='word_1_218' title='bbox 1778 2725 2107 2811; x_wconf 88' lang='lat' dir='ltr'><strong>Aquiliam</strong></span> <span class='ocrx_word' id='word_1_219' title='bbox 2156 2748 2383 2791; x_wconf 85' lang='lat' dir='ltr'><strong>nover-</strong></span> 
     </span>
     <span class='ocr_line' id='line_1_29' title="bbox 353 2813 2385 2900; baseline -0.001 -19"><span class='ocrx_word' id='word_1_220' title='bbox 353 2839 496 2881; x_wconf 92' lang='lat' dir='ltr'><strong>cam</strong></span> <span class='ocrx_word' id='word_1_221' title='bbox 553 2838 688 2881; x_wconf 94' lang='lat' dir='ltr'><strong>non</strong></span> <span class='ocrx_word' id='word_1_222' title='bbox 745 2838 884 2881; x_wconf 91' lang='lat' dir='ltr'><strong>esse</strong></span> <span class='ocrx_word' id='word_1_223' title='bbox 942 2816 1241 2881; x_wconf 91' lang='lat' dir='ltr'><strong>laturum.</strong></span> <span class='ocrx_word' id='word_1_224' title='bbox 1345 2814 1468 2878; x_wconf 88' lang='lat' dir='ltr'><strong>Sed</strong></span> <span class='ocrx_word' id='word_1_225' title='bbox 1522 2813 1645 2879; x_wconf 89' lang='lat' dir='ltr'><strong>hoc</strong></span> <span class='ocrx_word' id='word_1_226' title='bbox 1699 2814 2034 2879; x_wconf 90' lang='lat' dir='ltr'><strong>tolerabile</strong></span> <span class='ocrx_word' id='word_1_227' title='bbox 2090 2817 2385 2900; x_wconf 88' lang='lat' dir='ltr'><strong>fortasse,</strong></span> 
     </span>
     <span class='ocr_line' id='line_1_30' title="bbox 354 2902 2385 2990; baseline -0 -21"><span class='ocrx_word' id='word_1_228' title='bbox 354 2905 518 2969; x_wconf 92' lang='lat' dir='ltr'><strong>illud</strong></span> <span class='ocrx_word' id='word_1_229' title='bbox 562 2926 732 2990; x_wconf 86' lang='lat' dir='ltr'><strong>ver0,</strong></span> <span class='ocrx_word' id='word_1_230' title='bbox 779 2926 845 2968; x_wconf 92' lang='lat' dir='ltr'><strong>se</strong></span> <span class='ocrx_word' id='word_1_231' title='bbox 892 2927 929 2969; x_wconf 92' lang='lat' dir='ltr'><strong>a</strong></span> <span class='ocrx_word' id='word_1_232' title='bbox 969 2902 1232 2969; x_wconf 86' lang='lat' dir='ltr'><strong>Caesare</strong></span> <span class='ocrx_word' id='word_1_233' title='bbox 1277 2902 1582 2967; x_wconf 90' lang='lat' dir='ltr'><strong>habuisse</strong></span> <span class='ocrx_word' id='word_1_234' title='bbox 1628 2904 1858 2988; x_wconf 91' lang='lat' dir='ltr'><strong>omnia,</strong></span> <span class='ocrx_word' id='word_1_235' title='bbox 1903 2902 2068 2966; x_wconf 90' lang='lat' dir='ltr'><strong>nihil</strong></span> <span class='ocrx_word' id='word_1_236' title='bbox 2104 2926 2142 2967; x_wconf 99' lang='lat' dir='ltr'><strong>a</strong></span> <span class='ocrx_word' id='word_1_237' title='bbox 2177 2908 2385 2989; x_wconf 85' lang='lat' dir='ltr'><strong>patre,</strong></span> 
     </span>
    </p>
   </div>
   <div class='ocr_carea' id='block_1_5' title="bbox 357 2957 2595 3078">
    <p class='ocr_par' dir='ltr' id='par_1_8' title="bbox 357 2957 2595 3078">
     <span class='ocr_line' id='line_1_31' title="bbox 357 2957 2595 3078; baseline 0.001 -21"><span class='ocrx_word' id='word_1_238' title='bbox 357 2994 602 3078; x_wconf 88' lang='lat' dir='ltr'><strong>reliqua</strong></span> <span class='ocrx_word' id='word_1_239' title='bbox 658 3015 911 3076; x_wconf 88' lang='lat' dir='ltr'><strong>sperare</strong></span> <span class='ocrx_word' id='word_1_240' title='bbox 958 2992 1038 3057; x_wconf 92' lang='lat' dir='ltr'><strong>ab</strong></span> <span class='ocrx_word' id='word_1_241' title='bbox 1084 2991 1372 3056; x_wconf 87' lang='lat' dir='ltr'><strong>Antonio</strong></span> <span class='ocrx_word' id='word_1_242' title='bbox 1430 3028 1515 3038; x_wconf 91' lang='lat'><strong>—</strong></span> <span class='ocrx_word' id='word_1_243' title='bbox 1571 3012 1609 3055; x_wconf 96' lang='lat' dir='ltr'><strong>o</strong></span> <span class='ocrx_word' id='word_1_244' title='bbox 1656 2992 1978 3075; x_wconf 92' lang='lat' dir='ltr'><strong>perditum</strong></span> <span class='ocrx_word' id='word_1_245' title='bbox 2022 2957 2385 3057; x_wconf 73' lang='lat' dir='ltr'><strong>homineml</strong></span> <span class='ocrx_word' id='word_1_246' title='bbox 2412 3020 2468 3059; x_wconf 71' lang='lat' dir='ltr'><strong>eo</strong></span> <span class='ocrx_word' id='word_1_247' title='bbox 2594 3003 2595 3018; x_wconf 64' lang='lat'>¹</span> 
     </span>
    </p>
   </div>
   <div class='ocr_carea' id='block_1_6' title="bbox 280 3080 2379 3253">
    <p class='ocr_par' dir='ltr' id='par_1_9' title="bbox 280 3080 2379 3253">
     <span class='ocr_line' id='line_1_32' title="bbox 360 3080 810 3166; baseline 0 -19"><span class='ocrx_word' id='word_1_248' title='bbox 360 3080 483 3147; x_wconf 85' lang='lat' dir='ltr'><strong>Sed</strong></span> <span class='ocrx_word' id='word_1_249' title='bbox 530 3084 810 3166; x_wconf 81' lang='grc' dir='ltr'><em>μελήσει.</em></span> 
     </span>
     <span class='ocr_line' id='line_1_33' title="bbox 280 3166 2379 3253; baseline -0.002 -16"><span class='ocrx_word' id='word_1_250' title='bbox 280 3188 321 3237; x_wconf 83' lang='grc'><strong>4</strong></span> <span class='ocrx_word' id='word_1_251' title='bbox 490 3168 593 3233; x_wconf 87' lang='lat' dir='ltr'><strong>Ad</strong></span> <span class='ocrx_word' id='word_1_252' title='bbox 637 3168 914 3233; x_wconf 92' lang='lat' dir='ltr'><strong>Brutum</strong></span> <span class='ocrx_word' id='word_1_253' title='bbox 968 3172 1291 3252; x_wconf 90' lang='lat' dir='ltr'><strong>nostrum,</strong></span> <span class='ocrx_word' id='word_1_254' title='bbox 1348 3168 1429 3232; x_wconf 94' lang='lat' dir='ltr'><strong>ad</strong></span> <span class='ocrx_word' id='word_1_255' title='bbox 1477 3166 1794 3253; x_wconf 90' lang='lat' dir='ltr'><strong>Cassium,</strong></span> <span class='ocrx_word' id='word_1_256' title='bbox 1848 3168 1925 3232; x_wconf 93' lang='lat' dir='ltr'><strong>ad</strong></span> <span class='ocrx_word' id='word_1_257' title='bbox 1973 3166 2379 3232; x_wconf 90' lang='lat' dir='ltr'><strong>Dolabellam</strong></span> 
     </span>
    </p>
   </div>
   <div class='ocr_carea' id='block_1_7' title="bbox 358 3256 2381 3430">
    <p class='ocr_par' dir='ltr' id='par_1_10' title="bbox 358 3256 2381 3430">
     <span class='ocr_line' id='line_1_34' title="bbox 359 3256 2381 3342; baseline -0.001 -19"><span class='ocrx_word' id='word_1_258' title='bbox 359 3258 669 3342; x_wconf 87' lang='lat' dir='ltr'><strong>epistulas</strong></span> <span class='ocrx_word' id='word_1_259' title='bbox 726 3257 968 3341; x_wconf 87' lang='lat' dir='ltr'><strong>scripsi.</strong></span> <span class='ocrx_word' id='word_1_260' title='bbox 1059 3256 1299 3320; x_wconf 81' lang='lat' dir='ltr'><strong>Earum</strong></span> <span class='ocrx_word' id='word_1_261' title='bbox 1359 3257 1647 3340; x_wconf 85' lang='lat' dir='ltr'><strong>exempla</strong></span> <span class='ocrx_word' id='word_1_262' title='bbox 1701 3256 1825 3320; x_wconf 92' lang='lat' dir='ltr'><strong>tibi</strong></span> <span class='ocrx_word' id='word_1_263' title='bbox 1879 3256 2055 3339; x_wconf 89' lang='lat' dir='ltr'><strong>misi,</strong></span> <span class='ocrx_word' id='word_1_264' title='bbox 2117 3277 2251 3320; x_wconf 90' lang='lat' dir='ltr'><strong>non</strong></span> <span class='ocrx_word' id='word_1_265' title='bbox 2303 3262 2381 3321; x_wconf 92' lang='lat' dir='ltr'><strong>ut</strong></span> 
     </span>
     <span class='ocr_line' id='line_1_35' title="bbox 358 3343 2380 3430; baseline -0 -20"><span class='ocrx_word' id='word_1_266' title='bbox 358 3347 797 3430; x_wconf 85' lang='lat' dir='ltr'><strong>deliberarem,</strong></span> <span class='ocrx_word' id='word_1_267' title='bbox 858 3345 1298 3409; x_wconf 90' lang='lat' dir='ltr'><strong>reddundaene</strong></span> <span class='ocrx_word' id='word_1_268' title='bbox 1358 3349 1587 3409; x_wconf 90' lang='lat' dir='ltr'><strong>essent.</strong></span> <span class='ocrx_word' id='word_1_269' title='bbox 1679 3343 1875 3409; x_wconf 91' lang='lat' dir='ltr'><strong>Plane</strong></span> <span class='ocrx_word' id='word_1_270' title='bbox 1934 3345 2106 3408; x_wconf 92' lang='lat' dir='ltr'><strong>enim</strong></span> <span class='ocrx_word' id='word_1_271' title='bbox 2164 3345 2380 3409; x_wconf 89' lang='lat' dir='ltr'><strong>iudico</strong></span> 
     </span>
    </p>
   </div>
   <div class='ocr_carea' id='block_1_8' title="bbox 354 3432 2468 3586">
    <p class='ocr_par' dir='ltr' id='par_1_11' title="bbox 354 3432 2468 3586">
     <span class='ocr_line' id='line_1_36' title="bbox 355 3432 2468 3519; baseline 0 -21"><span class='ocrx_word' id='word_1_272' title='bbox 355 3455 497 3498; x_wconf 86' lang='lat' dir='ltr'><strong>esse</strong></span> <span class='ocrx_word' id='word_1_273' title='bbox 543 3433 907 3519; x_wconf 89' lang='lat' dir='ltr'><strong>reddendas,</strong></span> <span class='ocrx_word' id='word_1_274' title='bbox 954 3433 1127 3517; x_wconf 95' lang='lat' dir='ltr'><strong>quod</strong></span> <span class='ocrx_word' id='word_1_275' title='bbox 1172 3455 1304 3498; x_wconf 95' lang='lat' dir='ltr'><strong>non</strong></span> <span class='ocrx_word' id='word_1_276' title='bbox 1351 3432 1578 3497; x_wconf 92' lang='lat' dir='ltr'><strong>dubito</strong></span> <span class='ocrx_word' id='word_1_277' title='bbox 1626 3433 1784 3516; x_wconf 91' lang='lat' dir='ltr'><strong>quin</strong></span> <span class='ocrx_word' id='word_1_278' title='bbox 1827 3437 1901 3497; x_wconf 89' lang='lat' dir='ltr'><strong>tu</strong></span> <span class='ocrx_word' id='word_1_279' title='bbox 1946 3433 2115 3497; x_wconf 92' lang='lat' dir='ltr'><strong>idem</strong></span> <span class='ocrx_word' id='word_1_280' title='bbox 2160 3433 2381 3497; x_wconf 86' lang='lat' dir='ltr'><strong>existi·</strong></span> <span class='ocrx_word' id='word_1_281' title='bbox 2410 3461 2468 3500; x_wconf 76' lang='lat'><strong>35</strong></span> 
     </span>
     <span class='ocr_line' id='line_1_37' title="bbox 354 3523 804 3586; baseline 0.002 -1"><span class='ocrx_word' id='word_1_282' title='bbox 354 3526 650 3586; x_wconf 92' lang='lat' dir='ltr'><strong>maturus</strong></span> <span class='ocrx_word' id='word_1_283' title='bbox 698 3523 804 3586; x_wconf 92' lang='lat' dir='ltr'><strong>sis.</strong></span> 
     </span>
    </p>
   </div>
   <div class='ocr_carea' id='block_1_9' title="bbox 2585 3033 2602 3780">
    <p class='ocr_par' dir='ltr' id='par_1_12' title="bbox 2585 3033 2602 3780">
     <span class='ocr_line' id='line_1_38' title="bbox 2585 3033 2602 3780; baseline 0 0"><span class='ocrx_word' id='word_1_284' title='bbox 2585 3033 2602 3780; x_wconf 95' lang='lat' dir='ltr'><strong> </strong></span> 
     </span>
    </p>
   </div>
  </div>
 </body>
</html>
