2642 3923
1075 194 1133 250 P.
1163 199 1462 251 258-266.
2072 195 2270 251 LXXV

244 335 327 389 Et
378 340 561 388 tamen
613 332 876 389 Wesenb.
932 365 1003 376 -
1057 341 1126 389 24
1172 353 1280 391 esse
1325 338 1608 392 videamur
1642 335 1704 393 Ο.
1733 336 1796 393 Ε.
1827 337 2083 392 Schmidt
2124 353 2266 391 mus.

245 405 584 461 Rhen.1897
624 423 678 475 p.
704 410 824 473 148,
860 421 1089 461 suumus
1123 405 1210 459 Μ1
1236 423 1339 476 pro
1366 409 1538 463 simus
1564 409 1661 478 (ad
1730 414 1883 464 .268.
1904 414 1991 475 21,
2021 413 2266 477 26735).

247 507 315 517 -
353 482 420 530 27
443 492 526 544 sq.
555 477 644 531 hic
678 493 941 532 numerus
993 507 1063 518 -
1117 479 1351 547 triginta
1387 478 1447 532 in
1482 494 1656 549 paren
1726 522 1737 535 .
1766 478 2059 547 Wesenb.,
2106 479 2264 534 Boot.

247 548 336 600 Ad
370 565 426 617 p.
460 552 543 601 16.
576 551 658 602 14.
714 575 784 588 —·
839 552 906 600 29
952 548 1063 602 duo
1114 554 1164 602 et
1213 549 1400 616 codd„
1449 547 1510 605 Ο.
1539 549 1602 605 Ε.
1634 549 1889 604 Schmidt
1920 548 1959 606 l.
1979 549 2035 617 1.,
2072 557 2123 605 et
2156 551 2266 604 duo

247 618 374 673 edd.
439 620 459 686 n
524 617 593 672 P.
625 616 760 671 262.
793 623 824 671 9
859 634 968 673 uso
1003 618 1247 687 Manut.,
1295 619 1515 687 Baiter,
1561 619 1803 689 Tyrrell,
1849 637 1986 676 usus
2021 620 2096 688 Μ,
2132 637 2268 676 usus

245 696 323 744 est
359 687 643 755 Wesenb„
681 688 841 744 Boot.
872 720 942 729 —
971 693 1037 742 19
1075 696 1124 744 te
1157 690 1395 760 paudere
1430 690 1506 758 M,
1548 690 1670 745 ‘sed
1708 689 1907 745 addita.
1942 694 2075 745 sunt
2102 691 2267 761 signa

245 758 742 826 transpositionis’,
782 758 898 826 alii,
936 759 1094 815 Boot.
1132 791 1202 800 —
1239 766 1306 814 29
1329 777 1411 829 sq.
1449 768 1512 816 ut
1620 763 1761 817 idem
1785 793 1855 804 —
1880 779 2170 832 sequamur
2205 761 2265 817 in

245 829 507 900 parenth.
557 828 820 885 Wesenb.
858 846 972 883 non
1024 830 1254 899 mel-ius,
1310 847 1482 899 quam
1535 779 1729 887 ffgiter
1781 832 1865 888 sic
1916 833 2037 888 inte
2103 850 2263 902 ung.:

248 900 509 956 Furnius
516 940 535 967 ,
583 906 648 955 ut
699 929 770 942 —
822 917 1144 970 sequamur.-
1201 901 1260 971 Q.
1296 902 1523 970 Titinii,
1565 906 1719 958 recte
1753 903 1898 958 Boot
1936 906 1994 959 et
2075 904 2263 973 yrrell.

249 972 339 1025 Ad
372 989 430 1041 p.
462 975 660 1027 16.14.
719 1001 790 1013 -
844 977 910 1024 31
972 971 1098 1026 ‘Sed
1146 973 1375 1027 defendi
1419 990 1532 1028 non
1581 975 1820 1045 potest',
1873 974 2062 1043 inquit
2105 975 2263 1030 Boot.

251 1041 435 1095 ‘Nihil
470 1041 672 1096 melius
709 1041 898 1096 inveni
935 1058 1105 1110 quam
1140 1045 1258 1098 vidi
1291 1044 1467 1113 illum,
1512 1044 1550 1101 i.
1572 1061 1619 1100 e.
1647 1044 1921 1114 intellexi,
1964 1046 2197 1115 cognovi
2235 1062 2266 1100 e

249 1113 456 1166 Furnio
495 1108 790 1167 Caesarem
842 1113 1081 1167 maiores
1125 1114 1267 1167 mihi
1316 1115 1535 1185 gratian
1580 1131 1774 1186 agere,
1830 1133 2001 1185 quam
2037 1117 2259 1171 vellem'

247 1187 370 1237 tam
403 1182 532 1239 fals.
562 1199 733 1252 quam
766 1201 822 1266 p.
853 1189 938 1239 86.
971 1189 1054 1240 18.
1108 1187 1128 1254 fl
1193 1185 1263 1240 P.
1294 1185 1431 1241 263.
1461 1190 1495 1238 4
1531 1187 1775 1243 liberare
1811 1186 1952 1243 coni.
1980 1186 2264 1255 Wesenb„

249 1271 354 1310 scr.
382 1254 529 1308 Boot
566 1255 622 1309 ‘e
658 1256 981 1309 comectura
1014 1257 1164 1309 mea’
1207 1255 1409 1324 inquit.
1447 1287 1518 1299 —-
1566 1262 1632 1311 15
1669 1264 1720 1313 et
1755 1260 1888 1312 ante
1917 1274 2266 1327 properarem

248 1324 416 1381 inser.
461 1323 531 1381 Η.
571 1325 636 1381 A.
678 1324 834 1380 Koch
891 1325 1567 1384 ‘Zeitechr.f.d.G.-W.’
1609 1333 1748 1383 1860
1782 1347 1838 1399 p.
1860 1332 1980 1385 883.
2053 1360 2122 1370 -
2197 1334 2264 1382 33

251 1396 427 1466 Quasi
452 1396 733 1451 animulae
757 1397 1121 1451 instillarunt
1146 1393 1311 1465 Crat„
1342 1397 1460 1465 alii,
1479 1398 1650 1467 Wes„
1677 1399 1836 1468 Boot,
1866 1396 2042 1453 Cobet
2057 1399 2263 1455 Mnem.

252 1471 389 1521 1880
424 1484 480 1536 p.
504 1472 624 1534 197,
662 1465 946 1523 ofiFunck
977 1467 1224 1522 ‘Archiv’
1263 1468 1342 1522 IV
1376 1487 1431 1539 p.
1456 1475 1539 1537 72,
1569 1474 1653 1537 75,
1690 1487 1802 1540 qua
1836 1476 1986 1525 stant
2010 1477 2164 1525 muta
2190 1476 2267 1525 est

247 1539 337 1591 illi
372 1543 544 1593 artmt
568 1537 645 1606 M,
683 1539 843 1607 quasi
880 1538 1179 1593 ‘animulae
1204 1541 1507 1594 stillaruut’
1539 1539 1747 1608 Baiter,
1784 1539 2003 1609 Tyn-cll
2031 1556 2117 1611 ep.
2139 1545 2260 1595 362.

250 1606 339 1662 Ad
373 1625 429 1677 p.
461 1612 545 1663 17.
576 1614 660 1664 27.
717 1616 734 1676 ΙΙ
790 1609 860 1663 Ρ.
889 1608 1025 1664 264.
1060 1614 1089 1662 7
1127 1609 1259 1676 iam,
1292 1627 1362 1665 ne
1396 1612 1637 1678 fecissem
1665 1609 1727 1667 O.
1755 1610 1819 1667 Ε.
1841 1610 2097 1666 Schmidt
2119 1628 2261 1666 mus,

248 1678 426 1734 Rhen.
459 1683 595 1733 1897
632 1696 687 1749 Ρ.
721 1684 822 1733 148
869 1678 951 1733 sic
985 1679 1219 1749 interp„
1273 1681 1387 1735 iam
1423 1682 1704 1748 effecissent
1739 1681 1825 1750 M,
1878 1681 2057 1752 vulg„
2102 1682 2261 1749 Boot,

247 1751 365 1803 iam
406 1751 648 1817 fecissem
683 1748 930 1817 Ernesti,
977 1750 1196 1818 Baiter,
1241 1749 1485 1819 Tyn-cll,
1534 1753 1633 1806 sed
1658 1768 1709 1807 v.
1729 1757 1798 1806 23
1826 1751 1886 1807 Μ
1924 1751 2102 1824 habet
2133 1770 2265 1807 some

248 1827 418 1875 mente
464 1820 596 1875 iam
640 1836 731 1875 me
774 1821 922 1891 (‘sed
965 1822 1079 1875 iam
1123 1839 1204 1876 me
1255 1821 1446 1876 deleta
1482 1823 1674 1891 sunt’).
1747 1822 1837 1876 Ad
1871 1840 1926 1894 p.
1956 1829 2041 1879 24.
2071 1828 2121 1878 8.
2194 1854 2263 1864 -

252 1897 317 1944 13
371 1892 580 1958 fecisti,
633 1892 776 1960 quod
829 1908 910 1946 me
962 1893 1029 1946 de
1074 1893 1190 1946 eius
1233 1893 1442 1947 iudicio
1489 1894 1761 1947 certiorem
1808 1893 1938 1949 add.
1974 1893 2261 1948 Lehmann

250 1960 502 2027 Quaestt.
532 1979 588 2033 p.
616 1968 686 2017 48
706 1980 845 2032 sqq„
883 1980 988 2018 om.
1017 1961 1240 2032 reliqui,
1287 1980 1415 2018 cum
1450 1963 1689 2018 lacunae
1725 1964 1885 2033 signo
1923 1964 2155 2033 Tyr-rell.
2196 1997 2263 2006 -

251 2039 320 2087 23
372 2051 512 2088 saue
565 2033 677 2101 M¹‚
730 2034 882 2101 quod
937 2032 1194 2088 defendit
1248 2032 1310 2090 Ο.
1341 2033 1403 2091 Ε.
1434 2033 1688 2089 Schmidt
1738 2051 1879 2091 mus.
1908 2035 2084 2091 Rhen.
2127 2041 2263 2090 1897

292 2149 304 2160 .
337 2109 454 2160 149.
484 2135 554 2144 -
592 2109 660 2157 33
694 2105 900 2159 hocine
934 2104 1167 2176 Madvig
1201 2104 1293 2161 fin.
1320 2123 1377 2176 p.
1410 2110 1494 2175 75,
1529 2108 1760 2161 recentt.
1791 2105 1936 2173 edd„
1974 2106 2074 2159 sed
2111 2123 2158 2161 v.
2190 2107 2263 2160 ad

248 2122 305 2231 S.
326 2173 487 2231 Rosc.
549 2219 562 2231 .
585 2180 668 2231 76.
689 2180 775 2243 22,
811 2174 960 2228 infra
994 2193 1050 2245 p.
1070 2181 1192 2231 404.
1214 2181 1264 2232 8.
1293 2207 1364 2218 -
1391 2181 1458 2231 35
1496 2176 1615 2247 †ut
1648 2179 1712 2231 in
1740 2178 1954 2231 Milone
1980 2175 2262 2244 Wesenb.,

284 2252 349 2300 ut
395 2247 459 2299 iu
571 2246 716 2300 {lone
768 2276 838 2287 —
890 2247 1183 2317 hactenus]
1219 2245 1513 2301 Schuetzio
1563 2249 1792 2302 auctore
1827 2246 2048 2315 Baiter,
2100 2248 2261 2316 Boot,

299 2314 485 2384 yrrell.
545 2315 612 2372 V.
642 2314 705 2373 Ο.
738 2315 800 2372 Ε.
832 2315 1087 2371 Schmidt
1144 2316 1277 2371 ‘Der
1330 2317 1745 2372 Briefwechsel’
1796 2335 1852 2388 p.
1885 2323 2002 2374 149.
2058 2349 2128 2360 -
2182 2318 2261 2374 rb.

251 2388 415 2440 haee
454 2387 711 2442 haetenus
755 2385 1052 2453 Graevius,
1107 2387 1317 2444 Baiter.
1383 2388 1473 2441 Ad
1516 2406 1572 2458 p.
1607 2394 1725 2444 142.
1756 2393 1805 2444 8.
1869 2391 1890 2458 ΙΙ
1961 2389 2030 2443 P.
2060 2387 2197 2445 265.
2229 2395 2262 2443 3

250 2458 596 2526 locupletum
643 2457 718 2512 ad
759 2476 815 2528 p.
854 2463 974 2513 200.
1004 2463 1089 2513 33.
1145 2488 1215 2499 -
1269 2463 1301 2511 8
1350 2459 1634 2526 explicita
1683 2458 1769 2527 Μ,
1824 2457 1886 2515 O.
1915 2458 1978 2515 E.
2009 2458 2265 2514 Schmidt

247 2544 389 2584 mus.
418 2527 594 2584 Rhen.
636 2531 771 2583 1897
851 2572 863 2583 .
895 2534 1013 2584 149.
1043 2558 1113 2569 -
1142 2535 1206 2582 11
1237 2545 1530 2599 vayamur
1555 2546 1657 2599 pro
1686 2546 1916 2600 ayamus
1941 2529 2263 2600 Malaspina

249 2600 480 2653 auctore
507 2598 633 2654 edd.
688 2596 756 2654 V.
816 2599 1034 2653 chmidt
1058 2598 1150 2655 1.1.
1178 2629 1248 2641 —
1276 2604 1347 2653 25
1374 2601 1489 2654 iam
1516 2600 1646 2656 add.
1667 2602 1800 2670 post
1816 2602 1961 2654 euim
1981 2600 2260 2668 Wesenb.,

247 2668 405 2725 Boot.
435 2699 505 2710 —
534 2674 736 2737 88⁸qq.
754 2686 853 2725 nee
877 2671 1020 2724 euim
1038 2700 1108 2711 --
1127 2668 1343 2739 potest?
1386 2668 1448 2723 in
1472 2672 1730 2741 parenth.
1749 2670 1895 2739 edd„
1913 2670 2067 2741 Tyrr.
2090 2672 2265 2725 etiam

248 2757 297 2795 v.
327 2745 394 2793 35
414 2756 536 2807 sqq.
566 2742 825 2809 quoniam
862 2771 930 2782 —
966 2741 1246 2797 incitatur.
1310 2739 1401 2793 Ad
1435 2757 1490 2811 p.
1522 2747 1606 2798 16.
1638 2747 1719 2797 14.
1788 2743 1822 2865 {L
1873 2741 1942 2796 P.
1973 2741 2112 2797 266.
2143 2749 2174 2796 6
2211 2760 2260 2797 v.

252 2809 314 2865 Ο.
343 2809 406 2866 Ε.
438 2809 697 2865 Schmidt
735 2810 867 2865 ‘Der
902 2809 1148 2866 Briefvv.’
1185 2829 1242 2881 p.
1275 2816 1395 2879 154,
1444 2811 1567 2866 sine
1600 2811 1725 2867 loco
1762 2827 1793 2867 e

248 2882 392 2949 edd.,
430 2882 617 2936 About
647 2882 848 2936 March
882 2884 918 2936 3
945 2880 1162 2950 Tyrrell
1199 2897 1286 2953 ep.
1317 2887 1437 2938 351.
1468 2913 1537 2923 -
1574 2889 1606 2938 8
1642 2883 1919 2954 †Nedum
1993 2885 2103 2950 oot,
2143 2884 2265 2938 sine

248 2969 409 3005 cruce
444 2950 668 3019 reliqui,
696 2950 756 3005 Μ
781 2969 829 3006 v.
858 2957 982 3020 7sq.
1005 2953 1088 3007 M.
1108 2952 1291 3007 Cicero
1318 2969 1494 3007 meum
1523 2954 1533 3025 Ι
1564 2970 1754 3021 meum,
1786 2953 2068 3008 Nimirum
2095 2954 2264 3007 Hand

247 3021 403 3078 Ture.
432 3021 512 3076 IV
547 3040 602 3092 p.
636 3027 754 3090 154,
792 3023 1009 3077 Balbus
1044 3029 1094 3078 et
1135 3023 1495 3092 Oppius-sd.
1519 3025 1602 3079 M.
1628 3024 1877 3079 Ciceroni
1910 3026 2038 3094 imp.
2073 3025 2263 3098 (Etsi,

247 3093 331 3148 M.
365 3094 519 3149 Oteer'
518 3109 569 3159 o,
604 3093 906 3217 m'demusg1
914 3095 1221 3232 maffeio
1256 3095 1535 3218 thdnimffit
1561 3125 1631 3136 —
1652 3095 1996 3219 &flensque
2091 3097 2264 3219 ogassi,

1136 3182 1232 3234 vig
1368 3182 1417 3220 v.
1563 3183 1619 3236 p.
1774 3182 1929 3234 sq.n.
2069 3210 2080 3221 .
2164 3182 2194 3220 e
2242 3198 2263 3207 -

1855 2814 1971 2866 tem
2010 2829 2105 2867 ore
2141 2811 2260 2868 rell.

244 3170 427 3219 tamen
492 3163 666 3219 solent
711 3179 816 3219 om.

242 3234 403 3289 muth
437 3166 628 3304 p(rogr.
656 3232 917 3290 Wurceb.
949 3238 1084 3289 1888
1120 3253 1175 3305 Ρ.
1203 3240 1433 3302 43-45,
1470 3235 1758 3289 Lehmann
1798 3235 2134 3292 ‘Jahresben
2165 3238 2264 3291 des

241 3304 438 3375 philol.
468 3304 727 3359 Vereins'
785 3310 922 3359 1888
965 3323 1021 3375 Ρ.
1052 3310 1173 3362 285.
1228 3336 1298 3347 -
1358 3309 1423 3360 18
1475 3307 1779 3362 deberemus
1817 3307 1946 3364 add.
1974 3306 2265 3361 Lehmann

241 3375 499 3440 Quaestt.
572 3418 584 3431 .
617 3380 720 3429 110
741 3392 822 3443 sq.
863 3375 932 3433 cf.
970 3393 1025 3445 p.
1055 3382 1177 3433 268.
1207 3381 1276 3430 34
1296 3375 1421 3445 all„
1475 3378 1686 3433 hortari
1738 3394 1853 3431 nou
1904 3378 2267 3433 desineremus

239 3445 491 3518 Madvig,
526 3392 713 3513 §lota
750 3446 909 3514 Boot,
936 3463 1051 3502 uon
1085 3448 1447 3502 desineremus
1474 3455 1522 3502 te
1549 3449 1760 3503 hortari
1786 3447 2005 3517 Tyrrell
2033 3463 2120 3517 ep.
2141 3452 2263 3514 351,

237 3519 589 3574 hortaremur
623 3515 693 3571 Η.
724 3517 788 3571 A.
818 3516 975 3571 Koch
1009 3534 1150 3573 mus.
1180 3517 1358 3573 Rhen.
1392 3524 1527 3572 1857
1564 3537 1620 3589 p.
1651 3525 1779 3584 275,
1832 3518 2039 3573 Baiter.
2078 3548 2147 3558 —
2198 3524 2263 3571 19
