2642 3923
365 191 494 255 318
1001 189 1075 244 M.
1115 189 1328 244 TULLI
1365 188 1743 245 CICERONIS

363 334 640 398 habetur
683 333 983 418 locuples.
1056 331 1247 399 Nunc
1293 333 1385 397 ait
1421 355 1488 397 se
1525 333 1854 418 daturum3
1897 334 2001 399 cui
2036 356 2392 418 expensum

365 422 609 507 tulerit,
653 422 918 506 morari3
962 421 1394 506 †tabellarius
1443 422 1499 485 si
1545 423 1714 505 apud
1758 426 1824 488 te
1870 427 2038 487 esset
2083 444 2241 506 quas
2291 446 2392 487 sa-

367 511 453 575 tis
498 511 788 596 fecisseS‚
838 511 1037 576 dares.
1130 509 1455 586 Quantum
1502 510 1614 594 sit,
1663 510 1833 575 Eros
1877 509 2214 575 Philotimi
2258 512 2391 576 tibi

368 600 550 664 dicet.
643 596 767 664 Sed
813 600 893 663 ad
937 598 1181 663 maiora
1225 598 1571 662 redeamus.

500 687 684 764 Quod
746 691 959 772 optas,
1023 685 1392 751 Caelianum
1457 686 1616 750 illud
1669 688 2058 752 maturescit.
2156 687 2392 772 Itaque
2449 716 2477 754 ⁵

367 779 692 861 torqueor,
737 779 955 840 utrum
991 779 1256 839 ventum
1300 779 1677 858 exspectem.
1741 774 1998 844 Vexillo
2047 798 2208 859 opus
2254 781 2389 861 est3

367 858 814 929 convolabunt.
876 863 1059 939 Quod
1096 863 1343 947 suades,
1379 866 1453 927 ut
1489 862 1722 947 palam,
1756 885 2020 947 prorsus
2059 863 2388 928 adsentior

368 954 586 1037 itaque
629 975 731 1017 me
776 953 1211 1035 profecturum
1255 954 1432 1035 puto.
1506 951 1677 1015 Tuas
1721 955 1940 1017 tamen
1983 953 2243 1016 interim
2278 953 2388 1016 lit-

368 1045 538 1106 teras
586 1045 902 1125 exspecto.
978 1038 1159 1105 Servi
1205 1039 1476 1104 consilio
1520 1039 1687 1103 m‘hil
1723 1062 1843 1124 exp
1847 1040 2072 1105 editur.
2145 1039 2387 1118 Omnes

366 1130 694 1213 captiones
740 1130 811 1192 in
856 1129 1029 1193 omni
1070 1128 1390 1192 sententia
1429 1132 1785 1193 occurrunt.
1864 1126 2081 1194 Unum
2120 1127 2187 1193 C.
2215 1128 2387 1194 Mar·
2418 1157 2475 1196 ιο

367 1218 595 1282 cellum
643 1217 915 1302 cognovi
951 1216 1369 1301 timidiorem3
1416 1238 1605 1317 quem
1641 1217 1967 1281 consulem
2004 1217 2202 1282 fuisse
2237 1240 2387 1301 pae-

367 1306 549 1387 nitet.
608 1304 692 1370 Ὦ
736 1311 983 1388 πολλῆς
1028 1305 1397 1386 &rav-stag!
1462 1305 1574 1388 qui
1611 1305 1805 1370 etiam
1843 1305 2201 1370 Antonium
2237 1327 2386 1371 con-

368 1395 654 1458 firmasse
718 1393 977 1477 dicitur,
1019 1397 1113 1457 -ut
1171 1414 1273 1457 me
1338 1392 1701 1477 impediret,
1772 1415 1898 1478 quo
1954 1393 2119 1480 ipse,
2178 1395 2385 1478 credo,

366 1482 716 1547 honestius,
791 1481 1115 1545 Antonius
1163 1485 1380 1546 autem
1425 1499 1499 1545 vl
1543 1480 1694 1546 Idus
1734 1480 2018 1565 Capuam
2054 1483 2384 1566 profectus

368 1574 482 1635 est.
573 1570 675 1634 Ad
728 1592 829 1634 me
883 1570 1065 1634 misit
1118 1591 1186 1634 se
1239 1570 1483 1653 pudore
1537 1570 1911 1635 deterritum
1967 1571 2047 1636 ad
2104 1592 2207 1636 me
2250 1593 2386 1635 non
2417 1598 2471 1638 ιο

367 1658 642 1743 venisse,
700 1659 872 1743 quod
914 1679 1016 1723 me
1063 1657 1190 1722 sibi
1236 1678 1601 1723 suscensere
1646 1662 1919 1742 putaret.
2010 1658 2220 1724 Ibitur
2264 1660 2384 1745 igi-

245 1787 248 1790 ·
370 1752 476 1812 tur
522 1751 588 1812 et
631 1746 726 1811 ita
771 1746 1048 1831 quidem,
1091 1750 1166 1810 ut
1211 1767 1449 1831 censes,
1493 1746 1621 1810 nisi
1667 1747 1846 1811 cuius
1892 1747 2207 1832 gravioris
2243 1770 2384 1831 per-

369 1857 562 1900 sonae
608 1834 1045 1919 suscipiendae
1092 1856 1237 1918 spes
1275 1835 1400 1899 erit
1446 1839 1595 1899 ante
1642 1835 1874 1899 oblata.
1950 1833 2075 1900 Sed
2112 1836 2219 1899 vix
2256 1836 2383 1900 erit

371 1929 501 1989 tam
566 1923 712 1989 cito.
803 1923 1098 1989 Allienus
1163 1927 1378 1989 autem
1441 1928 1700 2007 praetor
1758 1923 2031 2007 putabat
2086 1924 2384 2009 aliquem,

370 2014 425 2078 si
473 2034 592 2098 ego
638 2035 788 2097 non,
834 2035 913 2077 ex
957 2012 1221 2096 collegis
1269 2012 1421 2076 suis.
1515 2011 1737 2088 Quivis
1784 2012 1951 2097 licet,
1994 2013 2147 2077 dum
2191 2013 2384 2078 modo
2413 2042 2469 2080 20

369 2102 452 2167 ali
500 2102 618 2165 uis,

457 2124 597 2253 qDe
652 2211 870 2254 sorore
921 2188 1128 2252 laudo.
1220 2186 1317 2252 De
1363 2187 1601 2264 Quinto
1657 2210 1856 2271 puero
1915 2189 2104 2254 datur
2160 2211 2379 2274 opera3

368 2300 552 2362 spero
609 2299 746 2343 esse
800 2277 1078 2341 meliora.
1170 2275 1269 2341 De
1314 2275 1553 2351 Quinto
1604 2277 1802 2341 fratre
1849 2276 2011 2342 scito
2058 2299 2203 2342 eum
2248 2300 2381 2343 non

365 2366 769 2432 mediocriter
830 2364 1122 2429 laborare
1184 2365 1260 2429 de
1326 2386 1613 2449 versura,
1677 2365 1785 2428 sed
1850 2364 2054 2430 adhuc
2113 2366 2278 2430 nihil
2341 2389 2381 2430 a

368 2454 436 2520 L.
502 2454 782 2540 Egnatio
857 2453 1188 2537 expressit.
1289 2451 1496 2518 Axius
1569 2453 1646 2516 de
1719 2453 2051 2518 duodecim
2113 2454 2378 2518 milibus
2410 2483 2466 2521 25

369 2543 636 2628 pudens!
711 2540 911 2624 Saepe
959 2542 1130 2605 enim
1174 2541 1254 2606 ad
1298 2562 1396 2606 me
1440 2541 1728 2626 scripsit,
1784 2545 1858 2606 ut
1904 2539 2136 2627 Gallio,
2182 2564 2379 2626 quan-

370 2637 508 2696 tum
544 2632 601 2695 is
640 2630 847 2714 vellet,
884 2630 1115 2693 darem.
1181 2629 1425 2705 Quodsi
1460 2651 1591 2694 non
1628 2630 2008 2714 scripsisset,
2043 2651 2382 2714 possemne

370 2720 599 2785 aliter?
671 2718 761 2783 Et
816 2719 1075 2802 quidem
1129 2738 1318 2801 saepe
1374 2739 1516 2781 sum
1562 2717 1917 2802 pollicitus,
1972 2719 2084 2783 sed
2126 2721 2381 2783 tantum

368 2809 574 2874 voluit
618 2807 763 2873 cito.
836 2807 940 2871 Me
984 2828 1135 2872 vero
1183 2806 1559 2871 adiuvarent·
1601 2805 1705 2870 his
1744 2806 1812 2870 in
1849 2807 2182 2892 angustiis.
2256 2804 2382 2872 Sed

369 2899 432 2961 di
478 2898 664 2961 istos!
727 2893 970 2960 Verum
1016 2895 1189 2959 alias.
1280 2894 1372 2959 Te
1417 2916 1455 2959 a
1500 2898 1813 2978 quartana
1847 2894 2193 2960 liberatum
2228 2916 2380 2980 gau·
2410 2923 2466 2963 πο

369 2987 484 3050 deo
548 2984 830 3068 itemque
893 2968 1138 3048 Piham.
1229 2983 1402 3068 Ego,
1464 2983 1615 3046 dum
1674 2983 1858 3067 panis
1921 2987 1987 3048 et
2048 2987 2257 3048 cetera
2309 2984 2382 3049 in

366 3095 593 3140 navem
655 3075 989 3157 parantur,
1048 3092 1313 3136 excurro
1375 3072 1445 3136 in
1508 3070 1982 3155 Pompeianum.
2073 3057 2380 3137 Vet‘tieno

371 3163 560 3227 velim
605 3162 867 3246 gratias,
915 3161 1084 3244 quod
1131 3159 1456 3224 studiosus
1506 3160 1622 3244 sit3
1669 3160 1725 3223 si
1774 3182 2155 3245 quemquam
2191 3182 2382 3226 nanc-

369 3255 474 3315 tus
513 3249 658 3335 eris,
694 3249 807 3333 qui
841 3249 1139 3333 perferat,
1165 3248 1418 3313 litteras
1455 3248 1582 3333 des,
1611 3251 1954 3331 antequam
1981 3248 2380 3315 discedimus.
