2642 3923
391 188 522 252 554
1070 188 1144 242 M.
1173 186 1388 241 TULLI
1425 186 1800 243 CICERONIS

389 331 484 395 rei
529 330 840 415 publicae,
886 352 1048 414 quae
1090 336 1418 414 praestare
1463 330 1685 395 debuit
1722 332 1800 413 is,
1847 332 1959 413 qui
1996 335 2164 395 esset
2201 333 2273 395 in
2314 353 2418 416 ec,

389 419 460 483 in
506 439 633 502 quo
682 438 801 503 ego
849 440 1010 502 sum,
1057 419 1258 503 gradu
1306 422 1566 484 senatus
1613 419 1964 502 populique
2007 419 2241 483 iudicio
2282 420 2415 484 col-

389 507 658 593 locatus,
700 527 815 570 nec
859 506 973 571 illa
1016 507 1228 593 mod0,
1273 528 1437 590 quae
1482 507 1787 571 nimirum
1836 507 1973 571 sola
2020 508 2099 571 ab
2145 508 2416 572 homine

393 599 545 659 sunt
589 593 991 682 postulanda,
1043 595 1250 679 fidem,
1296 595 1718 680 vigilantiam,
1763 596 2008 679 patriae
2054 595 2412 660 caritatem.

391 682 490 748 Ea
550 687 701 747 sunt
760 682 958 769 enim,
1013 705 1176 767 quae
1220 705 1407 747 nemo
1454 687 1552 747 est
1598 683 1711 766 qui
1754 705 1888 748 non
1933 688 2261 768 praestare
2309 685 2415 748 de-
2472 711 2496 751 5

392 771 556 836 beat.
648 771 793 856 Ego
850 776 1065 835 autem
1113 772 1195 857 ei,
1257 772 1369 856 qui
1416 772 1801 836 sententiam
1847 772 2017 836 dicat
2061 773 2132 836 in
2175 773 2413 857 princi-

390 859 583 944 pibus
629 859 706 924 de
750 882 820 924 re
853 860 1126 944 publica,
1172 864 1332 944 puto
1371 859 1563 924 etiam
1609 860 2015 944 prudentiam
2052 881 2191 925 esse
2226 883 2416 944 prae-

393 948 714 1032 standam,
774 968 892 1013 nec
944 970 1073 1035 me,
1135 970 1279 1013 cum
1334 948 1494 1012 mihi
1540 952 1797 1013 tantum
1855 948 2270 1034 sumpserim,
2337 955 2413 1014 ut

392 1036 823 1122 gubernacula
867 1036 961 1100 rei
1006 1036 1299 1120 publicae
1344 1035 1815 1120 prehenderem,
1861 1037 2076 1101 minus
2121 1039 2413 1122 putarim

391 1124 992 1207 reprehendendum,
1040 1125 1096 1189 si
1142 1125 1461 1189 inutiliter
1505 1124 1748 1207 aliquid
1795 1126 2047 1189 senatui
2093 1127 2412 1190 suaserim
2441 1154 2491 1191 ιο

393 1234 585 1296 quam
632 1213 688 1276 si
731 1213 1087 1277 infideliter.

523 1298 689 1366 Acta
715 1322 878 1384 quae
912 1301 1062 1386 sint,
1089 1322 1377 1385 quaeque
1405 1305 1696 1387 agantur,
1734 1301 1865 1365 scio
1893 1302 2205 1385 perscribi
2233 1303 2313 1366 ad
2344 1306 2411 1367 te

392 1389 755 1474 diligenter3
794 1411 868 1452 ex
898 1411 1000 1453 me
1037 1394 1250 1453 autem
1286 1389 1448 1453 illud
1486 1392 1586 1453 est
1637 1390 1808 1472 quod
1845 1395 1910 1453 te
1947 1390 2140 1454 velim
2167 1390 2410 1456 habere

390 1477 745 1561 cognitum,
803 1498 1017 1541 meum
1075 1475 1333 1560 quidem
1393 1477 1675 1540 animum
1730 1479 2034 1543 intentum
2086 1479 2157 1542 in
2204 1479 2409 1543 aciem

392 1586 530 1629 esse
573 1586 780 1649 neque
823 1569 1183 1650 respectum
1228 1565 1433 1629 ullum
1478 1586 1797 1651 quaerere,
1841 1566 1967 1629 nisi
2013 1588 2117 1630 me
2152 1567 2407 1631 utilitas
2435 1592 2482 1632 1⁵

391 1653 672 1718 civitatis
717 1654 886 1717 forte
930 1653 1340 1738 converterit3
1386 1652 1647 1717 maioris
1694 1657 1906 1717 autem
1952 1655 2157 1738 partis
2207 1655 2406 1719 animi

390 1746 456 1806 te
503 1741 918 1825 Cassiumque
961 1742 1330 1825 respiciunt.
1421 1740 1625 1817 Quam
1672 1742 1755 1805 ob
1802 1764 1937 1806 rem
1981 1742 2076 1807 ita
2120 1746 2189 1807 te
2233 1766 2405 1827 para,

390 1830 608 1914 Brute,
652 1834 728 1894 ut
764 1830 1099 1915 intellegas
1138 1833 1269 1916 aut,
1305 1830 1361 1893 si
1396 1829 1521 1894 hoc
1557 1834 1845 1914 tempore
1879 1831 2043 1895 bene
2079 1852 2183 1894 res
2222 1837 2403 1916 gesta

393 1919 506 2005 sit,
561 1918 683 1983 tibi
738 1918 1066 1983 meliorem
1121 1939 1257 1983 rem
1312 1917 1635 2002 publicam
1692 1939 1829 1985 esse
1873 1919 2230 1984 faciendam
2274 1924 2399 2006 aut,

391 2008 445 2073 si
484 2008 638 2092 quid
676 2007 989 2072 offensum
1027 2008 1131 2090 sit,
1158 2029 1273 2091 per
1307 2011 1375 2071 te
1413 2028 1551 2071 esse
1589 2008 1852 2071 eandem
1887 2010 2394 2091 recuperandam.
2426 2036 2479 2074 20

1353 2181 1432 2246 H.

804 2302 918 2359 Ser.
948 2304 1153 2358 Romae
1190 2305 1302 2358 III
1329 2304 1416 2357 Id.
1447 2303 1584 2372 Apr.
1615 2321 1667 2357 a.
1699 2306 1803 2358 711
1844 2307 1979 2373 (43).

1033 2425 1288 2483 CICERO
1327 2425 1567 2481 BRUTO
1607 2426 1753 2481 SAL.

520 2536 738 2601 Planci
811 2536 1097 2600 animum
1168 2536 1234 2599 in
1298 2510 1435 2599 rem
1497 2535 1821 2619 publicam
1883 2537 2239 2621 egregium,
2310 2537 2399 2601 le-

388 2625 639 2710 gioneS,
693 2625 956 2708 auxilia,
1011 2624 1227 2707 copias
1275 2644 1353 2688 ex
1395 2621 1634 2687 litteris
1682 2625 1839 2706 eius„
1875 2645 2146 2706 quarum
2192 2645 2400 2689 exem-
2431 2650 2482 2691 25

386 2713 567 2798 plum
619 2712 743 2776 tibi
796 2711 1063 2776 missum
1121 2711 1428 2797 arbitror,
1494 2711 1850 2795 perspicere
1903 2713 2193 2794 potuisti.
2285 2712 2402 2778 Le-

385 2801 548 2885 pidi,
622 2802 717 2865 tui
789 2800 1156 2885 necessarii,
1218 2800 1332 2883 qui
1405 2799 1750 2863 secundum
1822 2800 2084 2863 fratrem
2158 2801 2400 2866 adfines

385 2889 607 2973 habet,
668 2910 829 2972 quos
880 2888 1102 2974 oderit,
1158 2889 1507 2973 proximOS,
1552 2887 1880 2951 levitatem
1928 2892 1991 2951 et
2035 2889 2402 2954 inconstan-

386 2978 546 3041 tiam
610 2977 1019 3061 animumque
1083 2998 1331 3060 semper
1392 2976 1720 3040 inimicum
1775 2977 1868 3040 rei
1922 2976 2215 3059 publicae
2268 2978 2401 3042 iam

388 3065 573 3130 credo
627 3064 750 3128 tibi
806 3086 880 3129 ex
937 3069 1196 3129 tuorum
1251 3064 1490 3128 litteris
1547 3086 1685 3128 esse
1739 3069 2157 3149 perspectum.
2257 3064 2400 3130 Nos
2431 3094 2482 3132 30

388 3153 779 3237 exspectatio
817 3152 1141 3238 sollicitat,
1167 3153 1388 3236 †quae
1425 3157 1524 3218 est
1551 3154 1759 3217 omnis
1786 3153 1914 3217 iam
1943 3152 2012 3216 in
2040 3157 2400 3218 extremum

387 3242 657 3306 adducta
719 3241 1073 3305 discrimen.
1164 3240 1288 3304 Est
1354 3241 1523 3304 enim
1586 3262 1730 3325 spes
1796 3242 2003 3305 omnis
2068 3242 2137 3305 in
2190 3241 2400 3307 Bruto

387 3329 798 3413 expediendO,
861 3329 937 3392 de
982 3351 1109 3413 quo
1157 3329 1565 3393 vehementer
1607 3329 2008 3394 timebamus,
2100 3329 2247 3414 Ego
2292 3330 2401 3396 hic

385 3439 529 3482 cum
599 3416 860 3480 homine
930 3417 1174 3481 furioso
1249 3417 1408 3480 satis
1481 3417 1686 3482 habeo
1751 3417 2022 3502 negotii,
2095 3415 2399 3502 Servilio3

385 3526 574 3587 quem
618 3504 743 3568 tuli
787 3504 1048 3589 diutius,
1103 3527 1290 3588 quam
1342 3505 1622 3589 dignitas
1668 3527 1810 3569 mea
1852 3504 2239 3591 patiebatur,
2286 3508 2398 3571 sed
2427 3533 2481 3575 ³5
