2642 3923
245 348 307 397 11

169 959 311 1014 '12

250 1583 314 1630 13

250 2909 317 2956 14

354 190 480 255 164
842 221 845 226 ·
989 191 1061 244 Μ.
1093 190 1306 244 TULLI
1343 189 1718 247 CICERONIS

482 332 682 397 Furni
745 334 1033 417 exceptio
1073 333 1259 398 mihi
1320 354 1455 399 non
1518 335 1752 435 placet3
1824 354 1942 399 nec
2003 334 2173 397 enim
2235 355 2355 419 ego

350 423 553 486 ullum
608 421 781 486 aliud
834 426 1088 506 tempus
1144 422 1367 505 timeo,
1422 422 1549 485 nisi
1604 421 1775 506 quod
1828 421 1938 486 ille
1992 415 2202 486 solum
2257 445 2357 486 ex-

341 510 524 595 cipit.
615 507 740 575 Sed
795 509 1136 574 scriberem
1196 510 1275 573 ad
1329 513 1411 574 te
1450 510 1526 574 de
1579 509 1703 574 hoc
1745 510 1959 594 plura,
2016 510 2071 573 si
2115 508 2357 575 Romae

342 619 540 662 esses.
631 596 708 661 In
754 597 1056 680 Pompeio
1112 602 1178 662 te
1232 619 1411 682 spem
1468 620 1720 662 omnem
1776 598 1894 662 otii
1947 620 2183 682 ponere
2227 621 2357 663 non

346 687 566 750 miror.
648 684 752 750 Ita
795 707 898 750 res
945 691 1061 770 est,
1115 686 1694 770 removendumque
1741 707 1966 751 censeo
2013 686 2172 751 illud
2211 687 2356 751 ‘dis-
2408 712 2433 752 ⁶

345 774 803 839 simulantem’.
877 771 999 839 Sed
1044 795 1258 838 rerum
1296 777 1640 859 οἰκονομία
1678 774 1734 838 si
1770 774 2206 857 perturbatior
2243 779 2358 861 est,

343 863 475 926 tibi
520 863 867 946 assignato.
957 861 1047 927 Te
1092 863 1261 927 enim
1307 883 1543 945 sequor
1590 864 2025 948 σχεδιάζοντα.

485 948 822 1015 Cicerones
858 952 1040 1034 pueri
1077 955 1295 1014 amant
1332 951 1501 1014 inter
1537 972 1622 1035 se,
1659 950 1934 1035 discunt,
1970 956 2360 1036 exercentur,

353 1039 461 1103 sed
507 1039 688 1124 alter,
732 1038 832 1102 uti
873 1038 1035 1102 dixit
1069 1036 1439 1103 Isocrates
1419 1060 1490 1102 m
1524 1038 1788 1121 Ephoro
1827 1043 1892 1103 et
1927 1039 2357 1124 Th00pomp0,

353 1127 551 1191 frenis
597 1129 761 1213 eget,
807 1126 969 1191 alter
1013 1126 1380 1191 calcaribus
1454 1125 1692 1201 Quinto
1738 1132 1960 1213 togam
1996 1149 2221 1211 puram
2256 1126 2358 1190 Li·
2385 1152 2436 1192 10

352 1215 677 1280 beralibus
733 1213 1095 1299 cogitabam
1149 1215 1321 1298 dare3
1386 1215 1713 1279 mandavit
1759 1216 1928 1279 enim
1973 1220 2172 1299 pater.
2259 1215 2359 1279 Ea

353 1303 445 1367 sic
491 1302 864 1388 observabo,
922 1303 1106 1387 quasi
1151 1302 1595 1367 intercalatum
1638 1325 1772 1367 non
1816 1304 1919 1368 sit.
2008 1303 2359 1387 Dionysius

352 1390 512 1455 mihi
561 1391 814 1476 quidem
861 1391 929 1455 in
975 1391 1301 1455 amoribus
1349 1396 1472 1475 est3
1517 1391 1697 1475 pueri
1745 1396 1958 1456 autem
1997 1392 2177 1456 aiunt
2212 1413 2357 1456 eum

352 1479 638 1545 furenter
682 1480 898 1563 irasci3
944 1479 1053 1543 sed
1088 1478 1282 1543 homo
1316 1500 1434 1543 nec
1469 1479 1717 1544 doctior
1751 1501 1867 1545 nec
1905 1481 2185 1545 sanctior
2220 1480 2358 1543 fieri

353 1572 569 1652 potest
628 1588 746 1632 nec
809 1567 909 1631 tui
961 1566 1213 1651 meique
1266 1568 1602 1631 amantior.
1700 1566 2074 1653 Thermum,
2128 1565 2359 1632 Silium
2386 1592 2438 1633 15

351 1677 497 1720 vere
551 1655 732 1720 audis
785 1655 1049 1719 laudari.
1150 1654 1353 1719 Valde
1405 1655 1675 1720 honeste
1726 1676 1790 1721 se
1842 1660 2091 1740 gerunt.
2180 1655 2359 1720 Adde

351 1743 438 1808 M.
466 1741 772 1829 Nonium,
815 1742 1140 1829 Bibulum,
1185 1765 1306 1827 me,
1344 1744 1399 1807 si
1435 1743 1627 1808 voles.
1667 1753 1668 1756 ’
1699 1741 1837 1808 Iam
1875 1741 2095 1808 Scrofa
2131 1743 2358 1808 vellem

353 1832 637 1917 haberet,
688 1831 803 1896 ubi
847 1836 1093 1916 posset3
1156 1836 1255 1896 est
1299 1831 1468 1895 enim
1512 1831 1762 1896 lautum
1805 1832 2153 1917 negotium.
2243 1830 2356 1896 Ce-

351 1921 476 1986 teri
510 1920 840 1986 infirmant
874 1925 1234 2001 πολίτευμα
1270 1917 1551 1985 Catonis.
1625 1918 1974 1985 Hortensio
2012 1919 2183 2005 quod
2220 1942 2359 1986 cau-

352 2032 492 2074 sam
553 2032 761 2073 meam
823 2008 1253 2094 commendas,
1314 2008 1497 2072 valde
1557 2012 1831 2094 gratum.
1931 2007 2029 2072 De
2082 2008 2357 2074 Amiano
2387 2034 2440 2074 20

353 2099 491 2182 spei
543 2097 708 2162 nihil
761 2101 948 2181 putat
1003 2118 1141 2162 esse
1185 2060 1555 2179 D’ionysiuS.
1645 2095 1906 2161 Terenti
1959 2096 2208 2160 nullum
2249 2118 2358 2161 ve-

356 2186 621 2270 stigium
675 2185 964 2269 adgnovi.
1055 2185 1468 2270 Moeragenes
1522 2188 1691 2249 certe
1744 2184 1953 2268 periit.
2042 2183 2191 2249 Feci
2235 2186 2359 2251 iter

353 2295 467 2358 per
504 2275 640 2338 eius
675 2273 1164 2358 possessionem,
1206 2273 1276 2337 in
1314 2295 1440 2357 qua
1476 2272 1714 2336 animal
1745 2272 2066 2357 reliquum
2109 2273 2359 2338 nullum

353 2366 471 2427 est.
560 2361 735 2426 Haec
791 2382 922 2425 non
966 2383 1191 2426 noram
1234 2366 1404 2445 tum,
1458 2382 1603 2425 cum
1648 2359 2016 2426 Democrito
2062 2366 2176 2427 tuo
2222 2383 2359 2427 cum

352 2450 606 2515 locutus
671 2470 830 2514 sum.
929 2448 1209 2514 Rhosica
1261 2471 1414 2514 vasa
1467 2449 1778 2514 mandavi.
1872 2447 1995 2514 Sed
2047 2449 2206 2514 heus
2259 2452 2358 2514 tu!
2389 2474 2441 2514 25

356 2538 509 2622 quid
562 2538 850 2623 cogitas?
922 2538 990 2601 in
1042 2537 1316 2602 felicatis
1368 2536 1673 2601 lancibus‘
1718 2542 1783 2602 et
1829 2537 2359 2621 splendidissimis

353 2626 652 2691 canistris
696 2625 1050 2691 holusculis
1093 2647 1213 2691 nos
1262 2626 1429 2690 soles
1463 2647 1747 2709 pascere3
1793 2626 1948 2709 quid
1983 2629 2049 2691 te
2085 2626 2155 2690 in
2189 2627 2358 2690 vasis

353 2713 661 2779 fictilibus
709 2714 1155 2798 appositurum
1199 2714 1463 2798 putem?
1535 2713 1755 2798 Κέρας
1794 2712 2059 2778 Phemio
2104 2714 2359 2778 manda-

353 2807 495 2867 tum
550 2806 679 2886 est3
741 2802 1109 2887 reperietur,
1162 2801 1355 2866 modo
1401 2801 1642 2885 aliquid
1687 2802 1800 2866 illo
1846 2801 2112 2887 dignum
2158 2806 2359 2867 canat.

487 2889 857 2955 Parthicum
916 2889 1156 2954 bellum
1211 2890 1550 2973 impendet.
1642 2887 1903 2954 Cassius
1961 2891 2214 2974 ineptas
2257 2890 2360 2954 lit·
2389 2915 2444 2955 so

355 2984 526 3043 teras
580 2979 784 3063 misit,
836 2978 1107 3043 necdum
1152 2978 1369 3043 Bibuli
1414 2982 1596 3042 erant
1642 2978 1889 3043 allatae.
1979 2976 2225 3053 Quibus
2270 3000 2362 3043 re·

355 3068 571 3132 citatis
625 3071 784 3150 puto
838 3067 976 3132 fore
1030 3070 1105 3131 ut
1158 3066 1500 3151 aliquando
1556 3070 2029 3132 commoveatur
2083 3072 2359 3131 senatus

355 3155 674 3240 Equidem
729 3176 873 3219 sum
931 3155 1003 3219 in
1045 3176 1279 3240 magna
1323 3155 1520 3219 animi
1563 3155 2064 3239 perturbatione.
2156 3153 2245 3241 Si,
2289 3159 2363 3219 ut

355 3248 531 3328 opto,
569 3265 699 3308 non
736 3246 1122 3328 prorogatur
1155 3247 1455 3308 nostrum
1486 3243 1835 3327 negotium,
1863 3242 2069 3308 habeo
2104 3241 2362 3307 Iunium

354 3336 420 3394 et
475 3330 857 3405 Quinctilem
921 3331 991 3395 in
1048 3336 1241 3395 metu.
1333 3331 1524 3415 Est03
1587 3330 1746 3396 duos
1804 3332 2056 3416 quidem
2112 3352 2363 3396 menses
2393 3356 2449 3398 aa

353 3418 703 3482 sustinebit
763 3418 1052 3483 Bibulus.
1154 3417 1324 3495 Quid
1384 3420 1498 3484 illo
1562 3419 1675 3484 fiet
1687 3472 1704 3504 ,
1775 3441 1987 3521 quem·
2027 3419 2365 3505 reliquero,

359 3506 731 3587 praesertim
789 3504 841 3568 si
898 3507 1207 3570 fratrem?
1271 3508 1425 3592 quid
1478 3529 1581 3572 me
1636 3512 1878 3589 autem,
1936 3509 1993 3572 si
2045 3529 2178 3572 non
2230 3512 2363 3571 tam
