2642 3923
610 172 1128 227 EPISTULARUM
1164 172 1263 226 AD
1302 172 1631 227 ATTICUM
1666 172 1769 226 XII
1805 177 2034 227 42-44,
2215 170 2340 235 387

326 316 393 381 id
438 317 716 404 cupiam,
776 338 973 400 quom
1017 316 1144 380 tibi
1189 316 1457 380 audeam
1502 316 1815 401 confiteri,
1869 337 2059 400 quem
2102 315 2171 379 id
2213 337 2345 379 non

328 405 421 469 ita
472 405 656 469 valde
710 404 984 488 probare
1031 404 1321 469 arbitrer.
1418 403 1542 468 Sed
1594 405 1892 469 ferendus
1939 404 2065 468 tibi
2109 404 2178 466 in
2221 403 2345 467 hoc

329 515 505 557 meus
553 515 746 557 error.
827 492 1193 556 Ferendus?
1257 493 1456 558 immo
1505 514 1656 558 vero
1703 493 1898 557 etiam
1936 491 2343 556 adiuvandus,

329 580 425 646 De
480 579 733 646 Othone
797 581 1043 664 diffido,
1107 581 1381 645 fortasse
1437 582 1588 665 quia
1641 582 1845 665 cupio.
1948 580 2072 645 Sed
2124 584 2341 643 tamen
2377 595 2408 643 3
2447 594 2505 645 (²)

275 695 302 737 5
331 670 535 735 maior
580 671 774 734 etiam
818 691 921 733 res
968 673 1067 733 est
1113 691 1304 752 quam
1351 669 1689 733 facultates
1733 673 2011 755 nostrae,
2069 690 2346 752 praeser-

329 758 446 822 tim
491 758 852 823 adversario
900 761 964 821 et
1009 757 1237 841 cupido
1286 761 1351 821 et
1395 758 1713 841 locuplete
1759 761 1824 821 et
1856 757 2104 821 herede.
2194 755 2346 820 Pro—

327 847 572 910 ximum
618 850 735 932 est,
780 850 855 910 ut
900 846 1092 910 velim
1140 843 1417 911 Clodiae.
1494 845 1637 931 Sed,
1683 846 1740 910 si
1784 847 1913 911 ista
1947 846 2162 909 minus
2202 866 2345 908 con-

328 935 433 999 fici
478 939 770 1019 possunt,
815 934 992 998 effice
1039 934 1310 1018 quidvis
1401 934 1547 1019 Ego
1593 956 1695 998 me
1740 934 1982 998 maiore
2017 933 2347 1016 religione,

329 1045 522 1107 quam
558 1023 899 1107 quisquam
935 1022 1062 1086 fuit
1099 1021 1295 1086 ullius
1333 1023 1490 1106 voti,
1519 1022 1907 1087 obstrictum
1935 1026 2111 1105 puto,
2159 1020 2349 1085 Vide-

251 1138 302 1176 ιο
329 1111 432 1176 bis
488 1112 683 1175 ctiam
728 1110 1193 1196 Trebonianos,
1250 1111 1376 1173 etsi
1432 1111 1668 1174 absunt
1714 1110 1972 1174 domini.
2065 1107 2214 1192 Sed,
2272 1112 2347 1172 ut

331 1200 410 1263 ad
462 1203 528 1264 te
581 1198 722 1263 heri
783 1199 1035 1285 scripsi,
1100 1199 1532 1264 considerabis
1587 1199 1782 1264 etiam
1834 1199 1911 1262 de
1967 1197 2348 1279 TusculanO,

329 1308 411 1353 ne
464 1291 673 1353 aestas
733 1286 981 1372 effluat3
1046 1286 1220 1371 quod
1264 1291 1435 1351 certe
1480 1309 1613 1353 non
1657 1291 1756 1351 est
1801 1285 2346 1352 committendum.

1225 1461 1454 1528 XLIV.

732 1584 843 1638 Ser.
875 1584 1117 1638 Asturae
1152 1584 1265 1637 III
1291 1584 1380 1638 Id.
1411 1584 1556 1638 Mai.
1587 1602 1638 1639 a.
1671 1588 1781 1639 709
1820 1587 1957 1652 (45).

254 1717 303 1758 ιε
940 1705 1230 1761 CICERO
1264 1705 1556 1760 ATTICO
1592 1706 1755 1761 SAL.

465 1814 557 1879 Et
600 1813 887 1878 Hirtium
943 1814 1187 1898 aliquid
1240 1814 1321 1877 ad
1373 1819 1438 1878 te
1495 1822 1860 1897 συμπαθῶς
1913 1815 1990 1879 de
2042 1838 2144 1880 me
2200 1815 2350 1879 scri·
2380 1837 2403 1884 i

335 1904 540 1987 psisse
583 1902 767 1967 facile
813 1903 1025 1987 patior
1071 1901 1251 1990 (fecit
1289 1902 1458 1967 enim
1493 1901 1798 1989 humane)
1846 1907 1911 1968 et
1947 1908 2012 1968 te
2049 1904 2184 1968 eius
2223 1904 2350 1988 epi-

336 1993 572 2056 stulam
637 1992 714 2055 ad
777 1982 878 2054 m&
938 2014 1070 2055 non
1132 1992 1386 2055 misisse
1441 1992 1646 2055 multo
1711 1992 1990 2077 facilius3
2053 1997 2126 2056 tu
2182 1994 2350 2056 enim

334 2081 529 2144 etiam
572 2079 931 2144 humanius,
1012 2080 1197 2144 Illius
1241 2081 1497 2162 librum,
1544 2103 1733 2163 quem
1780 2080 1859 2143 ad
1904 2103 2006 2144 me
2050 2081 2229 2145 misit
2275 2081 2351 2144 de

254 2197 307 2236 20
336 2167 597 2247 Catone,
645 2173 984 2252 propterea
1031 2169 1178 2233 volo
1225 2169 1543 2253 divulgari
1582 2191 1619 2231 a
1654 2169 1805 2252 tuis,
1849 2173 1923 2231 ut
1960 2190 2037 2232 ex
2072 2169 2350 2233 istorum

334 2257 803 2341 vituperatione
849 2256 934 2320 sit
981 2257 1154 2320 illius
1201 2256 1406 2320 maior
1451 2256 1752 2321 laudatio.

468 2344 651 2422 Quod
711 2367 825 2428 per
882 2344 1229 2409 Mustelam
1288 2345 1456 2430 agie,
1518 2344 1717 2409 habes
1780 2344 2117 2418 hominem,
2167 2343 2351 2410 valde
2387 2364 2418 2410 2

334 2434 633 2497 idoneum
677 2434 928 2517 meique
976 2454 1127 2497 sane
1171 2433 1535 2497 studiosum
1578 2433 1707 2497 iam
1751 2433 1898 2497 inde
1942 2455 1981 2496 a
2013 2432 2348 2498 Pontiano.

337 2522 574 2593 Perfice
616 2522 819 2606 igitur
864 2521 1120 2605 aliquid.
1212 2519 1380 2597 Quid
1424 2525 1639 2586 autem
1686 2521 1878 2607 aliud,
1929 2521 2058 2585 nisi
2102 2525 2177 2586 ut
2223 2522 2350 2585 adi-

256 2638 309 2679 ω
337 2615 443 2674 tus
507 2611 593 2674 sit
657 2609 973 2693 emptori?
1038 2609 1207 2693 quod
1272 2632 1386 2692 per
1442 2611 1728 2693 quemvis
1787 2610 2082 2673 heredem
2135 2614 2351 2693 potest

337 2698 518 2762 effici.
603 2697 725 2761 Sed
761 2697 1104 2762 Mustelam
1149 2697 1214 2760 id
1258 2699 1710 2783 perfecturum,
1756 2699 1812 2761 si
1859 2698 2126 2782 rogaris,
2171 2702 2348 2781 put0.

339 2786 501 2849 Mihi
544 2807 695 2850 vero
742 2790 807 2850 et
849 2786 1081 2871 locum,
1127 2807 1315 2869 quem
1355 2791 1528 2871 opto,
1575 2786 1654 2849 ad
1696 2786 1783 2869 id,
1828 2787 2001 2869 quod
2036 2787 2350 2870 volumuS,

340 2874 584 2938 dederis
632 2878 698 2938 et
741 2878 1068 2957 praeterea
1114 2874 1463 2958 ἐγγήραμα.
1538 2873 1707 2937 Nam
1743 2874 1857 2937 illa
1895 2872 2014 2939 Sili
2051 2878 2115 2939 et
2151 2874 2349 2938 Drusi

337 2985 470 3029 non
526 2963 685 3027 satis
745 2964 1245 3028 οἰκοδεσποτικὰ
1295 2962 1457 3026 mihi
1509 2962 1821 3026 videntur.
1912 2960 2079 3038 Quid
2137 2963 2351 3027 enim?

256 3078 311 3118 so
341 3051 553 3114 sedere
597 3054 775 3115 totos
821 3050 957 3115 dies
1003 3051 1074 3114 in
1107 3050 1307 3114 villa?
1381 3048 1519 3115 Ista
1554 3051 1755 3135 igitur
1790 3050 2030 3136 malim,
2073 3052 2353 3134 primum

267 3186 268 3189 ,
339 3138 633 3222 Othonis,
670 3139 893 3203 deinde
931 3136 1206 3203 Clodiae.
1282 3137 1351 3202 Si
1387 3138 1554 3202 nihil
1589 3140 1719 3223 fiet,
1765 3142 1874 3202 aut
1909 3137 2124 3203 Druso
2160 3139 2351 3202 ludus

339 3231 438 3292 est
484 3227 918 3312 suggerendus
965 3231 1078 3292 aut
1121 3228 1431 3290 utendum
1476 3226 1853 3290 Tusculano,

472 3314 654 3391 Quod
691 3315 863 3379 domi
898 3319 964 3379 te
995 3315 1336 3401 inclusisti,
1372 3317 1620 3379 ratione
1657 3315 1894 3398 fecisti3
1932 3315 2062 3399 sed,
2098 3336 2353 3398 quaeSO,
2391 3333 2423 3379 3

340 3405 578 3468 confice
614 3408 679 3468 et
713 3408 779 3468 te
816 3426 1084 3467 vacuum
1119 3404 1308 3466 redde
1346 3403 1549 3467 nobis,
1623 3403 1767 3487 Ego
1805 3402 1973 3489 hinc,
2017 3406 2092 3466 ut
2127 3402 2354 3485 scripsi

258 3519 310 3559 ³5
340 3497 546 3579 antea,
580 3492 892 3576 postridie
927 3492 1077 3556 Idus
1115 3491 1382 3578 Lanuvi,
1409 3491 1630 3555 deinde
1668 3490 1976 3574 postridie
2012 3491 2083 3553 in
2116 3490 2353 3554 Tuscu-

1930 3591 2035 3644 25*
