2642 3923
385 201 464 264 16
1017 200 1093 255 M.
1131 200 1347 255 TULLI
1385 200 1762 257 CICERONIS

375 343 437 408 A
473 342 662 409 nobis
707 343 1077 410 liberiorem
1124 344 1469 428 epistulam
1513 348 1825 430 exspecta.
1916 363 1991 410 vl
2034 343 2175 410 Kal.
2214 344 2397 411 Febr.

375 431 461 496 M.
508 431 826 517 Messalla,
870 431 956 497 M.
1001 431 1235 497 Pisone
1282 454 1443 498 coss.

1306 608 1478 675 XIV.

837 728 954 786 Ser.
993 730 1200 785 Romae
1235 731 1321 785 Id.
1362 729 1524 786 Febr.
1564 748 1616 786 a.
1657 734 1767 786 693
1806 733 1943 799 (61).

1013 851 1269 909 CICERO
1310 851 1572 908 ATTICO
1610 852 1760 908 SAL.
2455 866 2481 907 ⁵

510 961 780 1048 Vereor,
833 984 915 1027 ne
968 961 1267 1046 putidum
1320 962 1408 1025 sit
1454 961 1731 1027 scribere
1776 962 1855 1025 ad
1900 965 1993 1044 te,
2039 983 2232 1047 quam
2279 963 2395 1027 sim

377 1054 743 1135 occupatus,
787 1049 897 1115 sed
940 1054 1157 1114 tamen
1201 1050 1295 1114 ita
1341 1049 1719 1135 distinebar,
1775 1052 1850 1115 ut
1901 1049 2056 1115 huic
2106 1052 2217 1114 vix
2262 1055 2399 1115 tan-

379 1139 550 1204 tulae
597 1139 908 1223 epistulae
954 1143 1207 1222 tempus
1261 1137 1601 1203 habuerim
1654 1143 1848 1223 atque
1903 1138 1970 1201 id
2027 1142 2318 1223 ereptum
2364 1161 2399 1203 e

377 1226 644 1292 summis
701 1227 1244 1329 occupationibus.
1340 1225 1554 1290 Prima
1609 1227 1824 1291 contio
1872 1225 2135 1310 Pompei
2189 1226 2397 1331 qualis

377 1316 623 1400 fuisset,
669 1316 896 1400 scripsi
933 1315 1012 1378 ad
1048 1318 1114 1378 te
1151 1319 1357 1399 antea,
1399 1337 1532 1379 non
1567 1314 1843 1379 iucunda
1878 1314 2144 1399 miseris,
2189 1315 2397 1380 inanis
2430 1344 2482 1383 ιο

378 1403 719 1489 improbis,
764 1403 972 1468 beatis
1016 1425 1150 1468 non
1195 1407 1407 1488 grata,
1469 1403 1655 1467 bonis
1700 1424 1833 1467 non
1877 1404 2122 1489 gravis3
2180 1405 2400 1488 itaque

379 1493 674 1578 frigebat.
782 1491 946 1556 Tum
1011 1491 1264 1556 Pisonis
1330 1491 1611 1556 consulis
1674 1491 1961 1575 impulsu
2031 1491 2398 1557 levissimus

378 1581 681 1646 tribunus
719 1580 805 1664 pl.
850 1578 1071 1645 Fufius
1126 1580 1197 1643 in
1253 1579 1617 1644 contionem
1665 1579 1959 1663 producit
2002 1577 2397 1664 Pompeium,

376 1668 507 1733 Res
554 1669 865 1754 agebatur
916 1669 987 1733 in
1045 1668 1212 1732 circo
1260 1665 1607 1754 Flaminio,
1667 1671 1732 1732 et
1791 1671 1928 1732 erat
1984 1667 2055 1732 in
2120 1689 2193 1733 eo
2252 1669 2397 1752 ipso

377 1757 518 1822 loco
567 1757 680 1822 illo
728 1757 830 1822 die
875 1756 1305 1821 nundinarum
1351 1758 1734 1841 πανήγυρις.
1809 1754 2137 1831 Quaesivit
2182 1778 2259 1821 ex
2305 1778 2400 1844 eo,
2428 1784 2480 1825 ιε

379 1846 739 1931 placeretne
774 1845 834 1911 ei
877 1846 1116 1909 iudices
1155 1867 1193 1909 a
1229 1847 1524 1929 praetore
1560 1844 1711 1930 legi,
1756 1865 1883 1928 quo
1921 1845 2190 1909 consilio
2228 1845 2397 1910 idem

380 1938 640 2020 praetor
682 1937 987 2000 uteretur.
1062 1933 1136 1998 Id
1181 1938 1397 1999 autem
1443 1938 1581 1998 erat
1617 1932 1694 1997 de
1731 1929 2041 1998 Clodiana
2086 1933 2398 2019 religione

378 2024 458 2088 ab
516 2027 742 2089 senatu
797 2023 1239 2088 constitutum.
1332 2021 1497 2086 Tum
1540 2020 1886 2105 Pompeius
1931 2021 2079 2106 μάλ’
2136 2021 2400 2108 ἀριστο-

378 2123 699 2196 κρατικῶς
743 2111 997 2176 locutus
1035 2114 1135 2175 est
1181 2114 1569 2194 senatusque
1606 2110 2057 2176 auctoritatem
2104 2109 2231 2175 sibi
2268 2131 2398 2175 om·

379 2200 570 2264 nibus
615 2200 686 2263 in
730 2199 921 2263 rebus
967 2199 1312 2263 maximam
1355 2198 1560 2263 videri
1598 2220 1970 2283 semperque
2005 2199 2210 2262 visam
2257 2220 2397 2263 esse
2425 2226 2480 2266 20
2576 2231 2577 2276 1

381 2288 709 2372 respondit
754 2292 819 2352 et
862 2287 931 2352 id
975 2287 1198 2351 multis
1245 2286 1475 2351 verbis.
1546 2284 1781 2351 Postea
1824 2286 2127 2351 Messalla
2173 2289 2398 2352 consul
2574 2329 2575 2382 1

381 2376 449 2440 111
493 2379 719 2440 senatu
765 2375 841 2440 de
886 2374 1191 2459 Pompeio
1239 2375 1585 2460 quaesivit,
1638 2374 1794 2459 quid
1848 2375 1925 2440 de
1980 2375 2287 2460 religione
2334 2380 2398 2440 et

380 2464 457 2529 de
500 2464 912 2548 promulgata
956 2463 1294 2548 rogatione
1340 2462 1625 2528 sentiret.
1717 2461 2001 2528 Locutus
2046 2464 2140 2527 ita
2183 2468 2284 2528 est
2329 2464 2393 2528 in

381 2556 624 2637 senatu,
669 2556 743 2616 ut
789 2551 1004 2617 omnia
1038 2552 1214 2616 illius
1253 2551 1497 2616 ordinis
1535 2551 1829 2616 consulta
1866 2562 2142 2634 γενικῶς
2184 2551 2397 2616 lauda-

378 2645 504 2725 ret,
558 2639 873 2757 mihique,
926 2645 1000 2704 ut
1046 2639 1318 2723 adsedit,
1381 2639 1547 2704 dixit
1593 2660 1661 2703 se
1720 2643 1948 2723 putare
1993 2640 2153 2703 satis
2199 2639 2280 2704 ab
2329 2661 2398 2706 se
2427 2665 2479 2707 2⁶
2568 2695 2569 2714 ,

379 2729 573 2793 etiam
622 2728 721 2792 ‘de
765 2728 911 2793 istis
949 2728 1164 2792 rebus'
1202 2749 1342 2793 esse
1377 2749 1774 2811 responsum.
1840 2724 2111 2792 Crassus
2148 2732 2397 2812 postea·
2566 2789 2567 2798 ,

380 2839 571 2902 quam
615 2816 780 2881 vidit
828 2817 1012 2881 illum
1061 2816 1369 2881 excidisse
1423 2815 1609 2880 laude
1666 2837 1747 2882 ex
1800 2836 1896 2902 eo,
1958 2816 2130 2901 quod
2188 2817 2398 2882 minus
2563 2843 2565 2930 4

379 2906 857 2989 suspicarentur
912 2904 1205 2969 homines
1265 2905 1323 2968 ei
1383 2904 1787 2969 consulatum
1853 2927 2065 2970 meum
2131 2906 2398 2992 placere,

378 2993 655 3058 surrexit
703 2993 1235 3077 ornatissimeque
1282 2993 1359 3057 de
1403 3014 1545 3057 meo
1601 2992 1940 3057 consulatu
1984 2992 2237 3057 locutus
2283 2998 2399 3079 est,
2560 2953 2563 3054 ff

377 3103 522 3146 cum
568 3081 661 3145 ita
706 3081 969 3165 diceret,
1029 3081 1146 3166 ‘se,
1206 3081 1382 3165 quod
1435 3085 1603 3145 esset
1656 3085 1942 3166 senator,
2005 3080 2179 3165 quod
2222 3080 2398 3166 civis,
2426 3108 2480 3148 oo
2560 3057 2561 3152 1

379 3169 548 3254 quod
593 3169 774 3255 liber,
820 3169 991 3253 quod
1035 3170 1306 3254 viveret,
1351 3169 1514 3232 mihi
1559 3174 1890 3253 acceptum
1936 3170 2199 3253 referre3
2247 3191 2401 3254 quo·

378 3258 546 3322 tiens
573 3257 928 3342 coniugem,
956 3258 1253 3341 quotiens
1281 3256 1563 3342 domum,
1589 3257 1889 3354 quotiens
1918 3258 2196 3341 patriam
2225 3258 2401 3323 vide-

378 3349 493 3428 ret,
538 3346 778 3410 totiens
829 3366 898 3410 se
943 3345 1324 3411 beneficium
1359 3367 1575 3410 meum
1612 3344 1866 3411 videre'ss
1940 3344 2107 3422 Quid
2150 3346 2400 3412 multa?

379 3435 592 3498 totum
633 3431 806 3497 hunc
849 3433 1090 3517 locum,
1146 3454 1336 3517 quem
1382 3454 1501 3519 ego
1547 3432 1722 3498 varie
1776 3432 1934 3498 meis
1981 3433 2401 3520 orationibus,

377 3541 648 3604 quarum
695 3523 769 3583 tu
806 3518 1219 3585 Aristarchus
1265 3540 1359 3608 es,
1420 3521 1595 3586 soleo
1642 3522 1932 3607 pingere,
1990 3522 2066 3586 de
2124 3521 2400 3609 flamma,
2428 3550 2479 3592 ³⁶
