2642 3923
361 193 440 258 18
993 196 1068 252 M.
1106 196 1320 251 'rum
1338 195 1734 272 ‘emenonis

358 360 434 404 ex
498 338 698 403 altera
760 342 943 422 parte
1005 338 1193 404 facile
1252 354 1423 403 cccc
1485 338 1761 405 fuerunt.
1861 337 2028 404 Acta
2089 359 2192 403 res
2260 349 2375 402 est.

357 425 578 491 Fufius
653 426 955 491 tribunus
1026 431 1169 491 tum
1244 427 1575 491 concessit.
1696 424 1958 491 Clodius
2044 426 2376 491 contiones

356 516 622 579 miseras
686 514 990 599 habebat,
1063 515 1132 579 in
1198 515 1433 598 quibus
1497 513 1863 599 Lucullum,
1936 514 2376 599 Hortensium,

359 601 426 668 C.
456 602 774 687 Pisonem,
811 603 1180 668 Messallam
1207 603 1535 667 consulem
1563 603 2027 668 contumeliose
2054 603 2375 686 laedebat3

357 713 459 756 me
503 694 758 756 tantum
806 692 1238 775 ‘comperisse’
1278 692 1495 755 omnia
1540 691 2018 756 criminabatur.
2102 688 2375 756 Senatus
2430 715 2456 758 s

358 784 424 845 et
466 776 544 845 de
606 780 955 864 provinciis
1014 784 1384 864 praetorum
1443 783 1509 844 et
1571 780 1648 844 de
1705 779 2142 866 legationibus
2188 784 2253 844 et
2299 780 2375 844 de

358 868 587 932 ceteris
646 868 837 932 rebus
896 868 1301 953 decernebat,
1370 872 1470 953 ut,
1529 872 1873 952 antequam
1927 868 2182 953 rogatio
2241 867 2377 932 lata

358 960 544 1039 esset,
587 978 669 1021 ne
715 956 870 1040 quid
912 961 1223 1041 ageretur.

492 1044 708 1109 Habes
753 1066 855 1108 res
892 1044 1231 1109 Romanas.
1307 1042 1433 1108 Sed
1478 1048 1692 1108 tamen
1738 1044 1933 1109 etiam
1979 1043 2158 1127 illud,
2206 1045 2375 1128 quod

357 1154 490 1198 non
536 1154 876 1217 speraram,
922 1132 1085 1197 audi.
1145 1131 1448 1196 Messalla
1484 1132 1710 1196 consul
1755 1136 1853 1198 est
1889 1132 2207 1218 egregius,
2248 1133 2374 1197 for·
2405 1161 2458 1199 ιο

358 1221 465 1306 tis,
493 1225 810 1305 constans,
848 1221 1140 1305 diligens,
1176 1220 1387 1285 nostri
1414 1219 1725 1304 laudator,
1764 1225 2028 1304 amator,
2066 1221 2373 1285 imitator.

358 1307 477 1374 Ele
523 1309 686 1373 alter
729 1331 858 1374 uno
905 1308 1066 1372 vitio
1113 1309 1326 1372 minus
1372 1308 1675 1392 vitiosus,
1731 1309 1902 1392 quod
1949 1309 2147 1392 iners,
2204 1310 2376 1393 quod

360 1397 569 1462 somni
606 1397 851 1482 plenus,
898 1397 1069 1481 quod
1107 1397 1466 1481 imperitus,
1503 1396 1675 1480 quod
1711 1397 2217 1481 ἀπρακτότατος,
2265 1395 2377 1461 sed

360 1486 690 1550 voluntate
737 1485 830 1549 ita
871 1484 1209 1571 καχέκτης,
1260 1488 1336 1548 ut
1379 1483 1758 1569 Pompeium
1803 1489 1953 1568 post
2006 1484 2186 1550 illam
2231 1507 2375 1550 con-

362 1574 622 1660 tionem,
666 1573 736 1637 in
773 1594 900 1656 qua
936 1573 1017 1637 ab
1055 1595 1129 1637 eo
1179 1577 1439 1637 senatus
1485 1572 1781 1638 laudatus
1829 1576 1943 1658 est,
1990 1573 2201 1638 odisse
2239 1595 2374 1637 coe-
2403 1600 2458 1641 ιε

360 1661 543 1745 perit.
634 1659 861 1745 Itaque
922 1661 1156 1725 mirum
1220 1661 1288 1724 in
1350 1661 1612 1725 modum
1672 1683 1892 1726 omnes
1953 1684 1990 1725 a
2049 1684 2116 1725 se
2169 1662 2375 1726 bonos

361 1749 679 1814 alienavit.
782 1748 1010 1833 Neque
1069 1749 1133 1812 id
1199 1749 1408 1834 magis
1471 1749 1756 1814 amicitia
1814 1747 1998 1813 Clodi
2064 1750 2374 1814 adductus

361 1838 513 1903 fecit
578 1859 771 1921 quam
832 1838 1048 1902 studio
1108 1838 1500 1921 perditarum
1559 1860 1773 1902 rerum
1827 1843 2019 1921 atque
2078 1839 2374 1921 partium.

363 1925 487 1991 Sed
522 1925 719 1991 habet
754 1926 856 1990 sui
893 1925 1167 1991 similem
1204 1926 1273 1990 in
1309 1926 1796 2011 magistratibus
1833 1930 2086 2010 praeter
2122 1925 2377 1991 Fufium

361 2016 695 2079 neminem.
804 2014 1004 2079 Bonis
1064 2015 1308 2078 utimur
1361 2015 1643 2079 tribunis
1701 2015 1815 2100 pL,
1875 2013 2162 2081 Cornuto
2223 2038 2373 2080 vero
2403 2043 2459 2083 20

361 2103 841 2168 Pseudocatone
885 2104 931 2186 †
960 2103 1116 2186 quid
1161 2103 1456 2187 quaeris?

491 2190 682 2255 Nunc
726 2195 802 2255 ut
845 2191 925 2254 ad
970 2192 1220 2274 privata
1264 2192 1546 2277 redeam,
1598 2195 1872 2275 Τεῦκρις
1916 2192 2234 2275 promissa
2270 2214 2376 2275 pa-

359 2280 573 2344 travit.
673 2278 774 2343 Tu
830 2280 1130 2343 mandata
1188 2279 1395 2364 effice,
1460 2301 1621 2363 quae
1680 2279 1996 2363 recepisti.
2097 2278 2376 2355 Quintus

359 2367 557 2431 frater
667 2367 779 2451 qui
842 2366 1205 2452 Argiletani
1275 2368 1548 2431 aedificii
1614 2367 1933 2450 reliquum
1999 2367 2375 2432 dodrantem

360 2456 515 2520 emit
560 2420 670 2520 fis
718 2472 1018 2541 Dccxxv,
1061 2454 1496 2520 Tusculanum
1539 2456 1854 2540 venditat,
1899 2459 2002 2539 ut,
2048 2455 2106 2520 si
2150 2458 2377 2540 possit,
2404 2483 2457 2524 2⁶

359 2549 527 2608 emat
586 2542 978 2608 Pacilianam
1031 2544 1306 2608 domum.
1409 2541 1572 2608 Cum
1633 2542 1907 2607 Lucceio
1967 2544 2036 2607 in
2099 2545 2377 2629 gratiam

358 2632 534 2696 redii.
605 2631 809 2697 Video
855 2632 1180 2696 hominem
1232 2631 1414 2696 valde
1464 2632 1817 2715 petiturire.
1909 2629 2175 2696 Navabo
2232 2655 2377 2716 ope-

358 2743 509 2785 ram.
603 2719 702 2784 Tu
748 2721 902 2804 quid
938 2740 1109 2805 agaS,
1153 2720 1268 2784 ubi
1306 2721 1413 2805 sis,
1458 2721 1637 2784 cuius
1674 2720 1847 2784 modi
1883 2721 2046 2784 istae
2081 2743 2182 2784 res
2228 2722 2378 2808 sint,

358 2809 459 2873 fac
517 2832 620 2874 me
675 2831 867 2892 quam
923 2809 1412 2893 diligentissime
1472 2809 1823 2873 certiorem.
1914 2806 2137 2872 Idibus
2192 2808 2375 2874 Febr.

1293 2983 1434 3049 XV.
2403 3014 2456 3054 ao

807 3103 907 3160 Ser
961 3105 1168 3160 Romae
1202 3105 1290 3159 Id.
1331 3104 1504 3160 Mart.
1543 3122 1595 3160 a.
1636 3109 1745 3162 693
1783 3108 1922 3174 (61).

995 3226 1249 3283 CICERO
1281 3226 1549 3283 ATTICO
1590 3226 1735 3282 SAL.

491 3336 715 3401 Asiam
759 3335 1028 3422 Quinto,
1073 3336 1453 3401 suavissimo
1500 3337 1714 3415 fratri,
1763 3338 2073 3423 obtigisse
2120 3340 2375 3404 audisti.

359 3423 509 3488 Non
555 3426 723 3489 enim
770 3424 1024 3510 dubito,
1069 3426 1226 3508 quin
1273 3425 1539 3489 celerius
1585 3426 1708 3490 tibi
1752 3425 1876 3490 hoc
1919 3448 2137 3490 rumor
2183 3449 2376 3510 quam

360 3513 555 3576 ullius
600 3516 895 3576 nostrum
939 3512 1193 3577 litterae
1236 3513 1615 3577 nuntiarint.
1706 3512 1915 3598 Nunc,
1960 3516 2264 3597 quoniam
2309 3520 2375 3580 et
2402 3543 2455 3583 as
