2642 3923
612 229 1130 285 EPISTULARUM
1167 230 1269 283 AD
1306 230 1634 286 ATTICUM
1670 232 1749 285 IX
1789 237 1870 302 15,
1911 238 1994 287 16.
2183 232 2311 297 287

288 371 449 436 dies
497 372 608 436 ibi
654 373 1139 457 commorari,
1186 373 1460 439 deinde
1503 374 1576 439 in
1617 373 2038 460 Hispanias
2074 376 2314 461 profi-

289 460 501 525 cisci.
592 458 840 525 Nobis
885 482 1041 526 non
1087 462 1420 526 alienum
1465 464 1714 527 visum
1761 468 1905 549 est,
1952 465 2312 548 quoniam

289 548 373 613 de
420 549 750 614 adventu
796 546 1152 614 Caesaris
1197 572 1335 633 pro
1383 555 1597 616 certo
1643 551 2139 639 habebamus,
2181 575 2313 637 pu·

291 657 457 701 eros
511 641 691 702 tuos
755 638 842 702 ad
896 642 971 702 te
1028 640 1458 724 remittere,
1511 643 1599 703 ut
1639 639 1714 704 id
1759 645 1841 705 tu
1888 663 2114 725 quam
2158 641 2312 725 pri-

233 748 484 794 ⁶mum
558 726 812 790 scires.
922 725 1280 791 Mandata
1339 731 1470 791 tua
1531 728 1758 793 nobis
1819 751 2041 793 curae
2106 733 2314 815 sunt,

289 835 552 897 eaque,
606 818 690 878 ut
744 818 1046 899 tempus
1100 816 1943 901 postularit,⁴agemus.
2033 817 2313 882 Treba·

288 902 449 966 tius
505 902 768 967 sedulo
823 903 1043 990 facit,
1095 907 1179 968 ut
1232 905 1654 970 antecedat.

421 990 789 1073 Epistula
869 993 1309 1075 conscripta
1381 993 1823 1057 nuntiatum
1895 998 2011 1058 est
2081 994 2312 1058 nobis

289 1076 690 1144 Caesarem
764 1102 817 1145 a.
884 1080 940 1144 d.
1001 1098 1128 1144 vm
1184 1079 1262 1145 K.
1317 1080 1560 1166 April.
1626 1081 2044 1146 Beneventi
2111 1104 2312 1147 man-

207 1196 262 1237 10
290 1190 577 1251 surum,
637 1191 688 1233 a.
727 1168 783 1232 d.
822 1185 922 1232 vn
969 1166 1295 1255 Capuae,
1341 1191 1394 1234 a.
1434 1169 1489 1235 d.
1528 1187 1601 1234 vl
1649 1167 2067 1235 Sinuessae.
2151 1169 2311 1235 Hoc

286 1278 425 1341 pro
485 1260 699 1321 certo
754 1256 1153 1341 putamus.'

1212 1450 1389 1518 XVI.

606 1572 718 1629 Ser.
748 1574 812 1627 in
850 1573 1153 1629 Formiano
1200 1573 1326 1627 VII
1354 1573 1429 1627 K.
1459 1573 1598 1643 Apr.
1628 1590 1680 1628 a.
1712 1576 1822 1629 705
1860 1576 2000 1641 (49).

891 1695 1183 1753 CICERO
1218 1695 1512 1777 Ammo
1547 1696 1714 1753 sAL.

207 1834 258 1876 ιε
421 1803 605 1892 Cum,
650 1806 822 1890 quod
867 1805 1212 1871 scriberem
1257 1805 1339 1869 ad
1382 1809 1465 1890 te,
1509 1804 1675 1869 nihil
1709 1805 2030 1890 haberem,
2075 1810 2308 1892 tamen,
2348 1824 2374 1873 1

285 1916 362 1959 ne
410 1915 598 1979 quem
645 1895 812 1960 diem
856 1894 1371 1979 intermitterem,
1425 1893 1541 1958 has
1588 1894 1731 1958 dedi
1775 1895 2043 1959 litteras.
2135 1895 2211 1960 A.
2251 1896 2307 1963 d.

285 2001 360 2049 VI
404 1982 482 2048 K.
522 1982 858 2048 Caesarem
898 1982 1237 2048 Sinuessae
1284 2005 1661 2048 mansurum
1705 1984 2109 2048 nuntiabant.
2201 1984 2307 2050 Ab

288 2093 363 2137 eo
407 2072 570 2136 mihi
614 2072 871 2136 litterae
917 2073 1199 2136 redditae
1246 2076 1399 2136 sunt
1436 2094 1489 2136 a.
1529 2073 1585 2136 d.
1623 2089 1723 2135 v11
1758 2070 1856 2154 K,
1904 2073 2139 2155 quibus
2177 2073 2308 2138 iam

287 2160 486 2245 ‘opes'
541 2183 715 2225 meas
725 2211 744 2245 ,
797 2182 932 2225 non
985 2164 1060 2225 ut
1113 2160 1555 2243 superioribus
1609 2160 1848 2225 litteris
1906 2161 2143 2243 ‘opem'
2204 2185 2309 2227 ex·
2408 2220 2416 2230 .

206 2281 260 2321 20
287 2253 550 2333 spectat.
627 2247 787 2313 Cum
834 2249 972 2313 eius
1019 2249 1424 2314 clementiam
1461 2247 1923 2314 Corfiniensem
1968 2250 2148 2313 illam
2193 2271 2309 2334 per

283 2338 535 2402 litteras
583 2337 1133 2423 collaudavissem,
1177 2337 1510 2421 rescripsit
1555 2337 1679 2401 hoc
1723 2338 2041 2421 exemplo:

499 2465 854 2523 ‘CAESAR
899 2465 1062 2520 IMP.
1105 2465 1507 2522 CICERONI
1552 2465 1718 2521 IMP.
1748 2465 1914 2522 SAL.
1941 2466 2093 2523 DIC.

416 2583 650 2649 Recte
705 2585 1119 2670 auguraris
1176 2585 1260 2649 de
1315 2607 1428 2649 me
1482 2582 1701 2672 (bene
1747 2586 1944 2650 enim
1989 2586 2141 2650 tibi
2187 2608 2305 2651 co·
2342 2604 2374 2653 2

284 2674 548 2759 gnitus
595 2672 794 2760 sum)
838 2673 1038 2737 nihil
1077 2696 1113 2736 a
1151 2695 1262 2737 me
1309 2675 1576 2738 abesse
1621 2674 1931 2758 longius
1978 2675 2305 2739 crudeli-

205 2766 462 2831 sstate.
536 2763 786 2845 Atque
833 2783 968 2846 ego
1016 2783 1181 2825 cum
1229 2784 1312 2825 ex
1361 2763 1529 2845 ipsa
1573 2784 1650 2826 re
1695 2783 2039 2846 magnam
2086 2764 2303 2847 capio

286 2851 763 2933 voluptatem
827 2855 987 2914 tum
1043 2872 1282 2913 meum
1337 2851 1627 2915 factum
1680 2851 1995 2933 probari
2052 2852 2184 2915 abs
2231 2855 2303 2915 te

286 2937 677 3021 triumpho
724 2938 1020 3023 gaudie.
1092 2936 1356 3021 Neque
1403 2938 1597 3001 illud
1634 2960 1744 3001 me
1781 2942 2059 3023 movet,
2107 2940 2305 3022 quod

286 3028 370 3112 ii,
418 3027 546 3110 qui
593 3049 630 3091 a
674 3048 785 3091 me
830 3027 1133 3091 dimissi
1172 3031 1378 3111 sunt,
1426 3028 1881 3091 discessisse
1920 3028 2304 3113 dicuntur,

285 3120 370 3180 ut
424 3115 611 3179 mihi
666 3137 932 3180 rursus
987 3115 1274 3179 bellum
1334 3115 1732 3180 inferrent.
1831 3114 2054 3180 Nihil
2108 3117 2302 3180 enim

204 3204 485 3274 somalo
560 3226 780 3288 quam
853 3207 927 3267 et
998 3226 1109 3267 me
1179 3204 1325 3267 mei
1389 3203 1714 3267 similem
1780 3226 1945 3267 esse
2009 3209 2080 3268 et
2116 3205 2300 3269 illos

287 3292 422 3358 sui.
514 3291 621 3357 Tu
685 3291 913 3356 velim
968 3291 1156 3355 mihi
1211 3292 1300 3356 ad
1355 3292 1619 3355 urbem
1674 3296 1975 3374 praesto
2030 3293 2163 3376 sis,
2219 3297 2302 3357 ut
2340 3311 2371 3358 3

285 3382 440 3446 tuis
513 3380 869 3445 consiliis
945 3384 1172 3464 atque
1249 3380 1550 3463 opibuS,
1624 3384 1707 3444 ut
1770 3381 2160 3465 consuevi,
2224 3381 2304 3445 in

287 3469 636 3535 omnibus
682 3469 908 3532 rebus
955 3473 1169 3554 utar„
1225 3465 1636 3532 Dolabella
1681 3472 1812 3532 tuo
1858 3467 2057 3531 nihil
2103 3469 2300 3532 scito

284 3558 472 3622 mihi
528 3579 692 3622 esse
746 3557 1181 3621 iucundius.
1276 3556 1489 3621 Hanc
1545 3557 1725 3620 adeo
1780 3555 2078 3619 habebo
2134 3576 2300 3639 gra·
