2642 3923
347 197 478 262 488
1011 201 1085 255 Μ.
1123 200 1338 256 TULLI
1373 200 1746 257 CICERONIS

1261 396 1461 462 XXV.

649 517 762 574 Ser.
791 520 855 573 in
897 518 1206 575 Tusculano
1242 519 1357 573 III
1384 518 1459 573 K.
1494 518 1678 589 Quint.
1709 536 1761 574 a.
1794 523 1901 576 710
1940 523 2075 588 (44).

955 640 1248 697 CICERO
1283 642 1574 697 ATTICO
1611 642 1773 697 SAL.

481 748 579 813 De
632 771 774 814 meo
830 750 1057 815 itinere
1109 751 1323 816 variae
1386 751 1765 835 sententiae3
1830 750 2022 815 multi
2067 750 2238 814 enim
2286 751 2373 814 ad

347 858 467 902 me.
558 836 681 902 Sed
725 841 802 901 tu
843 839 1156 923 incumbe,
1202 860 1461 923 quaeso,
1505 840 1574 902 in
1619 861 1758 903 eam
1803 860 2037 902 curam.
2128 837 2371 921 Magna
2430 867 2456 906 5

348 946 452 989 res
498 930 612 989 est.
684 926 791 990 An
833 926 1094 1012 probas,
1139 927 1195 989 si
1242 928 1320 990 ad
1359 926 1500 990 Kal.
1539 925 1670 991 Ian.
1701 926 2105 1011 cogitamus?
2176 926 2368 990 Meus

351 1014 599 1077 animus
655 1019 754 1078 cst
799 1036 1065 1099 aequus,
1121 1015 1212 1077 sic
1256 1019 1501 1099 tamen,
1555 1019 1629 1078 ut
1677 1015 1733 1078 si
1778 1015 1945 1078 nihil
1991 1014 2368 1079 offensionis

351 1100 453 1165 sit.
533 1101 687 1184 †Et
731 1106 806 1165 tu
853 1103 1044 1165 etiam
1092 1102 1270 1188 scire,
1318 1125 1446 1186 quo
1492 1102 1594 1166 die
1642 1103 1796 1166 olim
1842 1103 2184 1186 piaculum,
2229 1125 2367 1185 my-

351 1189 547 1253 steria
592 1188 845 1253 scilicet.
937 1191 983 1273 †
1012 1189 1101 1253 Ut
1147 1195 1221 1253 tu
1267 1191 1480 1274 scires,
1534 1213 1718 1254 casus
1765 1191 2106 1255 consilium
2151 1191 2365 1254 nostri

348 1276 598 1340 itineris
662 1277 986 1341 iudicabit.
1086 1277 1472 1342 Dubitemus
1535 1279 1754 1363 igitur.
1845 1278 1970 1343 Est
2035 1279 2207 1343 enim
2267 1278 2365 1341 hi·
2394 1306 2449 1344 ιο

349 1364 547 1428 berna
597 1365 926 1449 navigatio
983 1365 1229 1449 odiosa,
1287 1388 1491 1450 eoque
1549 1371 1739 1431 exte
1786 1367 2183 1450 quaesieram
2230 1388 2364 1448 my-

348 1453 689 1517 steriorum
735 1454 918 1516 diem.
1010 1453 1313 1539 Brutum,
1367 1458 1441 1517 ut
1488 1455 1734 1539 scribiS,
1792 1455 2004 1519 visum
2050 1455 2131 1518 iri
2177 1477 2216 1518 a
2259 1476 2364 1518 me

345 1544 522 1624 puto,
612 1540 756 1625 Ego
802 1540 953 1605 hinc
996 1542 1143 1605 volo
1190 1565 1283 1625 pr.
1331 1542 1475 1607 Kal.

1238 1751 1472 1817 XXVI.

630 1872 741 1928 Sor.
772 1874 835 1926 in
870 1873 1139 1941 Arpinati
1185 1874 1275 1927 VI
1301 1873 1450 1928 Non.
1489 1874 1673 1944 Quint.
1712 1889 1763 1927 a.
1796 1876 1905 1928 710
1943 1875 2077 1942 (44).
2388 1889 2441 1928 15

950 1996 1237 2051 CICERO
1272 1996 1563 2052 ATTICO
1600 1997 1762 2051 SAL.

478 2103 572 2168 De
629 2104 851 2179 Quinti
912 2104 1175 2188 negotio
1238 2104 1422 2167 video
1478 2126 1522 2170 a
1574 2109 1639 2168 te
1695 2105 1909 2169 omnia
1963 2105 2149 2170 facta.
2240 2105 2358 2170 Ele

344 2195 559 2256 tamen
604 2191 778 2255 dolet
825 2192 1150 2276 dubitans,
1206 2196 1426 2256 utrum
1471 2214 1715 2256 morem
1762 2198 1943 2278 gerat
1988 2194 2229 2276 Leptae
2274 2216 2358 2258 an

343 2280 533 2343 fldem
590 2280 870 2343 infirmet
924 2280 1077 2344 filio.
1166 2279 1461 2344 Inaudivi
1515 2280 1582 2343 L.
1629 2280 1928 2345 Pisonem
1972 2282 2134 2346 velle
2181 2283 2356 2346 exire

341 2368 625 2453 legatum
679 2370 1161 2455 ψευδεγγράφῳ
1209 2374 1469 2432 senatus
1516 2369 1825 2433 consulto,
1917 2368 2129 2434 Velim
2176 2370 2357 2456 scire,
2382 2400 2439 2439 20

344 2456 498 2540 quid
552 2456 655 2520 sit.
745 2456 1142 2520 Tabellarius
1197 2456 1334 2540 ille,
1400 2477 1589 2540 quem
1644 2457 1768 2521 tibi
1820 2457 2105 2521 dixeram
2161 2479 2204 2522 a
2250 2480 2355 2522 me

341 2545 421 2608 ad
466 2543 741 2607 Brutum
801 2565 937 2607 esse
981 2544 1278 2628 missum,
1334 2545 1404 2607 in
1447 2544 1859 2629 Anagninum
1904 2546 1982 2608 ad
2027 2566 2130 2608 me
2173 2546 2353 2610 venit

342 2654 417 2696 ea
456 2636 673 2716 nocte,
731 2654 891 2715 quae
938 2633 1232 2715 proxima
1276 2637 1424 2697 ante
1468 2632 1611 2696 Kal.
1659 2633 1801 2718 fuit,
1846 2633 2224 2716 litterasque
2271 2635 2353 2697 ad

339 2741 443 2784 me
488 2719 736 2802 attulit3
783 2720 851 2783 in
897 2719 1130 2803 quibus
1178 2742 1377 2783 unum
1424 2720 1702 2784 alienum
1748 2742 1997 2785 summa
2043 2743 2158 2785 sua
2202 2743 2350 2804 pru·

340 2808 580 2892 dentia,
638 2807 806 2871 idem
851 2807 1040 2894 illud,
1092 2811 1166 2871 ut
1212 2813 1491 2891 spectem
1535 2809 1719 2873 ludos
1767 2831 1933 2873 suos.
2025 2807 2352 2891 Rescripsi
2379 2837 2433 2878 25

341 2896 581 2960 scilicet
635 2895 913 2977 primum
967 2917 1069 2958 me
1122 2896 1250 2959 iam
1294 2896 1681 2982 profectum,
1734 2901 1808 2959 ut
1851 2918 1976 2961 non
2019 2897 2347 2981 integrum

340 2984 451 3068 sit3
514 2982 738 3047 deinde
784 2983 1207 3048 ἀτοπώτατον
1252 3005 1391 3047 esse
1435 3006 1555 3068 me,
1611 2985 1722 3068 qui
1766 2984 2035 3048 Romam
2085 2985 2349 3050 omnino

337 3075 488 3157 post
530 3070 686 3135 haec
730 3093 905 3135 arma
948 3093 1081 3135 non
1126 3073 1495 3135 accesserim
1540 3094 1745 3156 neque
1791 3073 1857 3135 id
1901 3076 2035 3136 tam
2079 3073 2349 3156 periculi

334 3160 463 3225 mei
517 3181 707 3223 causa
762 3159 1021 3223 fecerim
1073 3180 1265 3242 quam
1324 3160 1687 3244 dignitatis,
1752 3161 1967 3224 subito
2024 3161 2104 3225 ad
2158 3161 2347 3227 ludos

335 3248 566 3313 venire.
649 3246 791 3310 Tali
837 3247 1007 3311 enim
1052 3251 1343 3331 tempore
1386 3248 1571 3311 ludos
1617 3249 1821 3312 facere
1865 3249 1964 3312 illi
1999 3248 2348 3314 honestum
2376 3278 2432 3318 30

336 3340 452 3421 est,
495 3334 598 3398 cui
641 3355 895 3398 necesse
941 3339 1057 3420 est,
1104 3339 1390 3418 spectare
1433 3336 1611 3419 mihi,
1659 3341 1732 3400 ut
1766 3358 1898 3400 non
1935 3341 2032 3400 est
2069 3358 2347 3421 necesse,

336 3425 427 3488 sic
469 3444 550 3486 ne
594 3421 938 3486 honestum
985 3423 1240 3506 quidem
1285 3427 1399 3488 est.
1482 3423 1799 3507 Equidem
1843 3424 1991 3488 illos
2037 3425 2346 3490 celebrari

333 3515 398 3573 et
452 3531 591 3574 esse
645 3531 836 3592 quam
886 3506 1296 3594 'gratissimos
1355 3511 1735 3576 mirabiliter
1779 3513 1965 3596 cupio
2012 3512 2202 3596 idque
2248 3514 2346 3579 ita
