2642 3923
293 2615 327 2666 8

294 3409 327 3458 9

363 165 488 229 176
993 164 1066 219 Μ.
1106 163 1321 220 TULLI
1357 163 1733 220 CICERONIS

357 306 616 394 vellem,
668 308 924 393 rogavit
978 311 1044 374 et
1096 307 1223 372 fuit
1268 310 1487 392 aperte
1532 306 1694 371 mihi
1737 307 1953 373 nescio
2000 329 2196 392 quare
2241 330 2374 373 non

359 396 617 461 amicus.
707 395 898 461 Hunc
951 416 1071 482 ego
1128 396 1184 460 si
1228 396 1297 459 in
1344 395 1684 479 praefectis
1728 395 2123 481 habuissem,
2184 419 2373 480 quem

358 487 432 548 tu
475 506 578 548 me
621 483 947 549 hominem
991 487 1252 568 putares
1268 483 1300 547 *Ρ
1393 482 1535 569 Qui,
1577 488 1654 547 ut
1699 484 1851 568 scis,
1896 484 2372 569 potentissimo-

357 593 502 636 rum
545 572 880 637 hominum
918 572 1387 638 contumaciam
1422 593 1772 656 numquam
1817 571 2093 657 tulerim,
2138 572 2373 638 ferrem

357 660 551 726 huius
589 659 959 726 adseculae?
1005 660 1128 725 etsi
1160 659 1287 726 hoc
1321 659 1469 744 plus
1507 664 1606 725 est
1644 682 1837 745 quam
1861 660 2045 745 ferre,
2088 661 2372 726 tribuere
2430 688 2458 727 ε

359 748 552 813 8118111
615 748 860 833 aliquid
916 748 1208 813 beneficii
1264 751 1332 813 et
1384 747 1664 813 honoris.
1752 746 1819 813 Is
1866 748 2068 834 igitur
2114 747 2372 835 Gavius,

361 857 505 901 cum
541 835 864 922 Apameae
907 859 1009 901 me
1051 858 1257 920 nuper
1302 836 1571 900 vidisset
1616 834 1891 901 Romam
1945 838 2374 924 proficiscens,

359 946 460 996 me
505 925 599 990 ita
644 924 1019 1009 appellavit,
1061 930 1133 989 ut
1176 922 1539 990 Culleolum
1584 924 1692 988 vix
1738 925 2058 990 auderem.
2107 923 2373 1009 Unde'‚

359 1013 592 1099 inquit,
639 1013 761 1077 ‘me
805 1012 987 1077 iubes
1033 1015 1249 1096 petere
1295 1011 1535 1078 cibaria
1580 1012 1953 1096 praefecti?
2044 1012 2373 1098 Respondi

359 1101 585 1186 lenius,
631 1123 822 1186 quam
859 1100 1175 1185 putabant
1212 1100 1591 1185 oportuisse,
1631 1101 1743 1184 qui
1779 1101 2060 1186 aderant,
2104 1122 2207 1166 me
2240 1122 2372 1167 non
2399 1128 2456 1168 10

359 1189 717 1254 instituisse
760 1189 842 1253 iis
889 1189 1038 1254 dare
1085 1189 1349 1274 cibaria,
1410 1208 1683 1272 quorum
1741 1210 1933 1273 opera
1989 1210 2125 1254 non
2168 1211 2371 1254 essem

358 1298 531 1342 usus.
589 1276 772 1341 Abiit
816 1276 1038 1342 iratus.
1137 1275 1351 1342 Huius
1393 1274 1738 1341 nebulonis
1787 1277 2076 1342 oratione
2122 1277 2180 1341 si
2214 1277 2372 1342 Bru-

359 1369 468 1430 tus
512 1365 757 1430 moveri
802 1369 1046 1450 potest,
1091 1364 1312 1430 licebit
1358 1386 1504 1428 eum
1550 1364 1725 1429 solus
1771 1386 1971 1449 ames,
2014 1386 2118 1430 me
2164 1387 2371 1431 aemu-

359 1454 496 1517 lum
537 1474 671 1518 non
713 1452 996 1518 habebis.
1089 1449 1214 1520 Sed
1258 1453 1440 1517 illum
1489 1474 1634 1517 eum
1674 1453 1965 1518 futurum
2009 1475 2147 1518 esse
2192 1458 2371 1538 puto,

362 1543 474 1625 qui
519 1562 656 1606 esse
702 1540 906 1605 debet.
996 1540 1146 1606 Tibi
1190 1544 1410 1606 tamen
1444 1562 1699 1605 causam
1742 1545 1967 1606 notam
2011 1563 2150 1607 esse
2195 1542 2372 1607 volui
2398 1568 2453 1609 ιο

362 1634 427 1694 81
472 1629 550 1694 ad
609 1630 820 1730 ipsum
876 1629 1032 1694 haec
1087 1629 1433 1714 perscripsi
1493 1628 2000 1715 diligentissime.
2092 1627 2369 1695 Omnino

360 1715 523 1803 (soli
559 1719 730 1783 enim
769 1715 1027 1804 sumus)
1073 1718 1284 1782 nullas
1321 1739 1626 1802 umquam
1662 1717 1742 1781 ad
1775 1738 1878 1782 me
1909 1718 2159 1783 litteras
2191 1718 2372 1783 misit

358 1805 628 1890 Brutus,
672 1826 755 1869 ne
800 1806 1087 1890 proxime
1133 1806 1389 1892 quidem
1434 1805 1510 1870 de
1545 1804 1787 1889 Appi0,
1844 1806 1916 1871 in
1961 1807 2194 1890 quibus
2238 1828 2370 1872 non

359 1895 598 1959 inesset
660 1894 1004 1996 adroganS,
1046 1897 1520 1980 ἀκοινονόητον
1578 1894 1836 1980 aliquid
1944 1893 2093 1959 Tibi
2156 1899 2371 1959 autem

359 1983 542 2048 valde
586 1982 752 2049 solet
796 1983 868 2048 in
913 2005 1021 2049 ore
1067 2004 1230 2049 esse.
2398 2010 2454 2049 so

1613 2086 1981 2153 ‘Granius
2029 2094 2278 2155 autem

359 2175 528 2241 Non
586 2181 1070 2243 contemnere
1122 2197 1201 2242 se
1255 2179 1331 2241 et
1388 2196 1610 2261 reges
1655 2177 1910 2242 odisse
1957 2177 2369 2262 superbos?

357 2334 439 2400 In
483 2356 610 2420 quo
657 2338 871 2400 tamen
916 2335 1025 2400 ille
1062 2334 1224 2400 mihi
1255 2334 1461 2399 risum
1495 2335 1704 2420 magis
1742 2357 1935 2419 quam
1971 2335 2371 2402 stomachum

361 2445 616 2489 movere
662 2424 844 2489 solet.
935 2422 1062 2489 Sed
1105 2423 1294 2508 plane
1338 2444 1567 2507 parum
1612 2424 1884 2509 cogitat,
1932 2423 2086 2507 quid
2131 2425 2372 2490 scribat

364 2516 476 2577 aut
523 2511 600 2576 ad
646 2533 851 2596 quem.
2399 2538 2452 2578 25

497 2597 564 2676 Q.
605 2597 826 2665 Cicero
864 2621 1022 2684 puer
1057 2599 1236 2685 legit,
1281 2602 1356 2663 ut
1394 2599 1641 2685 opinor,
1685 2602 1750 2664 et
1795 2603 1982 2685 certe,
2029 2599 2370 2683 epistulam

363 2689 740 2772 inscriptam
798 2688 969 2772 patri
1029 2710 1162 2752 sue.
1254 2684 1435 2752 Solet
1501 2687 1673 2753 enim
1739 2688 1983 2772 aperire
2043 2688 2237 2771 idque
2295 2687 2370 2752 de

364 2799 507 2843 meo
553 2777 848 2860 cons1l10,
907 2776 964 2841 si
1025 2775 1180 2859 quid
1233 2776 1403 2841 forte
1461 2775 1575 2861 sit,
1634 2776 1810 2859 quod
1853 2798 2014 2861 opus
2071 2776 2159 2841 sit
2205 2775 2371 2840 sciri.

362 2863 439 2930 In
485 2887 558 2931 88
603 2869 818 2930 81118111
863 2863 1139 2949 epistula
1183 2867 1321 2928 erat
1376 2863 1546 2929 idem
1598 2863 1761 2929 illud
1806 2863 1881 2928 de
1936 2885 2156 2930 sorore
2201 2864 2372 2949 quod

367 2954 446 3019 ad
505 2975 623 3018 me.
731 2952 1000 3018 Mirifice
1062 2951 1519 3018 conturbatum
1580 2951 1711 3016 vidi
1772 2974 2057 3037 puerum.
2164 2950 2372 3017 Lacri-
2400 2979 2452 3018 ao

364 3064 547 3107 mans
601 3062 850 3106 mecum
902 3044 1002 3105 est
1056 3043 1337 3126 questus.
1428 3039 1593 3116 Quid
1652 3041 1947 3124 quaeris?
2013 3041 2244 3106 miram
2303 3041 2374 3105 in

366 3152 441 3195 eo
514 3130 852 3215 pietatem,
934 3130 1316 3195 suavitatem
1394 3127 1988 3212 humanitatemque
2060 3129 2373 3213 perspexi.

365 3218 504 3295 Quo
550 3218 858 3283 maiorem
905 3239 1085 3302 spem
1126 3217 1334 3283 habeo
1378 3215 1547 3281 nihil
1591 3217 1728 3281 fore
1774 3217 1979 3302 aliter,
2025 3238 2099 3282 ac
2141 3217 2374 3283 deceat.

364 3304 437 3371 Id
482 3308 548 3369 te
593 3305 795 3389 igitur
846 3307 1005 3370 scire
1050 3306 1244 3370 volui.

497 3390 600 3457 Ne
654 3391 814 3456 illud
861 3393 1116 3477 quidem
1160 3393 1687 3478 praetermittam.
1759 3390 2146 3458 Hortensius
2200 3393 2375 3458 filius
2403 3418 2457 3460 ιε

365 3479 492 3543 fuit
562 3478 907 3544 Laodiceae
988 3480 1453 3565 gladiatoribus
1535 3480 1856 3567 flagitiose
1935 3484 2001 3546 et
2081 3481 2376 3566 turpiter.
