2642 3923
635 164 1149 220 EPISTULARUM
1184 165 1282 219 AD
1320 165 1762 240 ATTICUMAIX
1801 172 2024 221 11—12.
2200 166 2329 229 279

310 312 559 392 partem
615 308 805 392 attigi
860 308 1260 393 iudicavique
1316 331 1391 373 eo
1447 309 1619 374 bello
1680 314 1746 373 te
1790 309 2046 395 violari,
2108 314 2332 374 contra

311 397 492 461 cuius
535 395 846 460 honorem
890 399 1114 481 populi
1152 396 1429 462 Romani
1464 398 1770 462 beneficio
1810 420 2176 462 concessum
2212 399 2330 462 ini-

310 485 461 549 mici
507 489 699 568 atque
746 485 945 549 invidi
989 487 1364 550 niterentur.
1442 486 1583 572 Sed,
1626 491 1701 550 ut
1747 508 1820 551 eo
1867 491 2154 570 tempore
2196 509 2330 551 non

311 574 502 638 modo
548 575 686 657 ipse
730 574 947 637 fautor
993 574 1329 659 dignitatis
1376 579 1525 638 tuae
1571 575 1684 660 fui,
1727 596 1949 639 verum
1994 574 2189 638 etiam
2235 597 2329 640 ce-

256 684 283 726 5
311 664 465 725 teris
520 667 745 727 auctor
798 663 878 726 ad
930 668 996 726 te
1053 663 1507 744 adiuvandum,
1563 662 1655 727 sic
1706 684 1809 727 me
1850 685 2021 726 nunc
2065 663 2327 747 Pompei
2404 675 2413 682 '

311 751 592 835 dignitas
646 750 1053 815 vehementer
1105 756 1337 815 movet.
1429 750 1702 835 Aliquot
1749 752 1918 815 enim
1963 756 2113 815 sunt
2160 753 2330 837 anni,

309 861 455 903 cum
498 861 615 904 vos
661 839 787 902 duo
834 840 1058 924 delegi,
1106 861 1267 923 quos
1303 840 1641 922 praecipue
1678 841 1951 904 colerem
1989 844 2054 904 et
2091 841 2325 923 quibus

310 948 540 1011 essem,
604 927 770 991 sicut
826 949 993 1009 sum,
1059 927 1500 992 amicissimus
1594 927 1797 1003 Quam
1854 928 1936 992 ob
1989 950 2127 992 rem
2181 952 2218 993 a
2261 932 2326 994 te
2364 942 2396 989 3

309 1020 459 1100 peto
515 1015 618 1080 vel
668 1016 888 1100 potius
951 1016 1248 1080 omnibus
1294 1020 1361 1081 te
1406 1016 1699 1100 precibus
1747 1038 1859 1080 oro
1907 1021 1972 1080 et
2019 1017 2327 1103 obtestor,

229 1128 282 1168 ιο
308 1109 384 1167 ut
443 1105 512 1168 in
569 1104 701 1167 tuis
754 1105 1052 1168 maximis
1109 1105 1278 1168 curis
1335 1105 1580 1188 aliquid
1635 1105 1962 1189 impertias
2018 1107 2325 1190 temporis

308 1192 459 1256 huic
515 1214 768 1276 quoque
823 1192 1230 1277 cogitationi,
1284 1197 1359 1256 ut
1413 1197 1528 1257 tuo
1583 1193 1889 1257 beneficio
1947 1193 2152 1257 bonus
2210 1195 2329 1280 vir,

309 1286 553 1366 gratuS,
597 1280 742 1364 pius
789 1281 1059 1365 denique
1105 1303 1244 1345 6336
1289 1281 1360 1344 in
1395 1281 1658 1346 maximi
1693 1281 1984 1345 beneficii
2019 1283 2326 1346 memoria

309 1371 567 1453 possim.
675 1367 849 1444 Quae
914 1369 971 1432 si
1033 1374 1286 1434 tantum
1349 1369 1429 1433 ad
1490 1392 1592 1434 me
1644 1370 1859 1454 ipsum
1914 1371 2326 1457 pertinerent,

311 1479 632 1542 sperarem
676 1480 778 1522 me
824 1481 862 1522 a
906 1462 972 1522 te
1016 1462 1233 1522 tamen
1275 1459 1769 1541 impetraturum
1779 1510 1803 1541 ,.
1853 1459 1991 1545 sed,
2044 1462 2118 1522 ut
2164 1460 2328 1523 arbi-

225 1567 279 1610 16
306 1551 472 1630 tror,
530 1550 595 1610 et
654 1545 735 1609 ad
791 1550 970 1610 tuam
1025 1547 1214 1610 fidem
1261 1550 1327 1611 et
1375 1546 1454 1610 ad
1498 1569 1634 1610 rem
1680 1547 2002 1630 publicam
2048 1549 2327 1630 pertinet

307 1657 410 1699 me
448 1639 511 1698 et
549 1634 723 1718 pacis
761 1638 825 1699 et
862 1634 1200 1718 utriusque
1227 1639 1514 1699 vestrum
1550 1637 1821 1699 amicum
1859 1637 2028 1700 etad
2059 1643 2327 1701 vest-ram

309 1728 375 1787 et
420 1723 500 1787 ad
544 1723 781 1788 civium
825 1723 1231 1787 concordiam
1267 1745 1381 1806 per
1417 1727 1481 1786 te
1519 1746 1712 1807 quam
1751 1724 2326 1788 accommodatissi-

308 1835 484 1875 mum
530 1811 906 1876 conservari.
980 1811 1145 1912 Ego,
1190 1833 1336 1875 cum
1378 1815 1564 1874 antea
1600 1811 1724 1875 tibi
1761 1812 1837 1875 de
1872 1810 2146 1876 Lentulo
2185 1834 2327 1897 gra·

308 1901 433 1965 tias
494 1901 795 1986 egissem,
850 1921 997 1964 cum
1043 1901 1099 1963 ei
1146 1900 1341 1964 salut1
1351 1952 1368 1985 ,
1428 1900 1538 1984 qui
1583 1900 1744 1964 mihi
1790 1900 2025 1985 fuerat,
2077 1900 2327 1989 fuisseS,

229 2013 282 2052 ao
308 1993 524 2054 tamen
529 1954 744 2053 electis
777 1953 920 2053 'eius
953 1990 1212 2074 litteriS,
1251 2011 1409 2072 quas
1450 1989 1527 2053 ad
1564 2011 1666 2052 me
1704 1989 2074 2073 gratissimo
2114 1991 2325 2054 animo

311 2079 387 2142 de
439 2081 554 2142 tua
606 2077 997 2141 liberalitate
1053 2077 1487 2179 beneficioque
1534 2077 1743 2160 misit,
1799 2077 2060 2141 eandem
2106 2078 2197 2141 mi
2240 2080 2327 2143 vi-

309 2168 452 2232 deor
516 2167 789 2230 salutem
844 2189 882 2230 a
935 2170 1001 2229 te
1058 2167 1376 2249 accepisse
1433 2188 1625 2250 quam
1686 2166 1812 2230 ille.
1912 2164 1991 2229 In
2036 2188 2225 2248 quem
2271 2167 2329 2230 si

308 2278 409 2320 me
454 2254 775 2339 intellegis
822 2276 959 2318 esse
1005 2258 1292 2339 gratum,
1347 2276 1517 2339 cura,
1572 2254 1854 2339 obsecro,
1898 2258 1973 2317 ut
2019 2254 2213 2318 etiam
2259 2254 2330 2319 in

307 2342 686 2428 Pompeium
744 2364 883 2407 esse
929 2342 1190 2426 possim.

227 2543 278 2584 85
1251 2517 1394 2583 XII.

605 2640 717 2697 Sor.
746 2641 812 2695 in
849 2639 1151 2694 Formiano
1189 2640 1361 2693 XIII
1390 2640 1464 2693 K.
1494 2640 1631 2708 Apr.
1662 2657 1714 2694 a.
1747 2643 1855 2695 705
1896 2644 2034 2709 (49).

912 2762 1201 2818 CICERO
1237 2762 1528 2817 ATTICO
1564 2762 1727 2816 SAL.

443 2874 752 2958 Legeram
805 2877 952 2936 tuas
1006 2872 1257 2935 litteras
1304 2889 1433 2935 XIII
1477 2869 1556 2935 K.
1566 2922 1583 2954 ‚
1644 2894 1788 2935 cum
1841 2872 2001 2935 mihi
2049 2872 2327 2956 epistula

311 2965 596 3029 adfertur
642 2985 680 3025 a
724 2961 928 3044 Lepta
973 2960 1517 3023 circumvallatum
1568 2981 1705 3023 esse
1739 2959 2133 3046 Pompeium,
2177 2961 2328 3024 rati-

228 3075 283 3116 20
309 3053 433 3117 bus
496 3051 692 3115 etiam
748 3050 957 3113 exitus
1022 3053 1248 3131 portus
1305 3048 1526 3112 teneri.
1629 3046 1782 3111 Non
1834 3049 2080 3112 medius
2134 3049 2325 3113 fidius

309 3163 463 3225 prae
505 3139 787 3203 lacrimis
824 3159 1088 3221 possum
1124 3137 1374 3219 reliqua
1408 3157 1525 3199 nec
1562 3137 1844 3219 cogitare
1880 3158 1997 3200 nec
2034 3137 2325 3202 scribere.

309 3228 463 3294 Misi
518 3228 597 3291 ad
651 3233 717 3291 te
771 3226 1147 3308 exemplum.
1238 3224 1512 3288 Miseros
1565 3227 1710 3288 nos!
1776 3246 1887 3288 cur
1931 3247 2062 3288 non
2109 3247 2326 3289 omnes

309 3319 516 3382 fatum
560 3316 735 3379 illius
779 3337 908 3378 una
952 3312 1234 3377 exsecuti
1272 3312 1533 3375 sumus?
1598 3312 1763 3376 Ecce
1801 3317 2012 3376 autem
2050 3336 2086 3375 a
2123 3311 2325 3377 Matio

311 3411 375 3470 et
431 3404 734 3469 Trebatio
796 3403 1041 3486 eadem,
1106 3401 1340 3485 quibus
1398 3400 1758 3464 Menturnis
1817 3401 1990 3464 obvii
2037 3398 2324 3464 Caesaris

230 3520 282 3561 35
311 3493 646 3557 tabellarii.
739 3491 1069 3574 Torqueor
1129 3490 1381 3574 infelix,
1434 3494 1507 3552 ut
1553 3490 1681 3553 iam
1729 3488 1913 3552 illum
1958 3487 2325 3551 Mucianum
