2642 3923
658 202 1171 258 EPISTULARUM
1207 203 1306 257 AD
1344 202 1669 257 ATTICUM
1706 202 1784 257 VI
1818 201 2267 267 &175

251 349 463 411 stante
509 345 818 430 Pompeio
865 347 967 411 vel
1023 347 1218 411 etiam
1267 347 1555 433 sedente,
1611 346 1821 412 valeat
1878 347 2097 432 mod03
2157 346 2268 411 sed

248 433 609 500 mehercule
681 432 982 500 Curionis
1054 438 1120 499 et
1190 433 1403 521 Pauli,
1474 456 1763 500 meorum
1836 434 2266 519 familiarium,

250 523 451 587 vicem
496 522 696 589 doleo.
771 521 1069 587 Formam
1113 523 1318 607 igitur
1363 488 1523 587 mihi
1568 523 1770 588 totius
1816 523 1911 588 rei
1954 522 2266 607 publicae,

252 612 306 674 si
365 611 494 675 iam
553 633 620 676 es
680 608 922 675 Romae
982 615 1094 675 aut
1141 632 1286 676 cum
1334 611 1488 696 eris,
1549 610 1740 676 velim
1794 611 2043 695 mittas,
2103 632 2264 695 quae

201 724 226 765 5
252 698 410 762 mibi
469 699 726 763 obviam
785 700 1025 783 veniat,
1091 720 1168 763 ex
1238 721 1365 784 qua
1420 721 1523 765 me
1592 700 1833 785 fingere
1891 699 2135 784 possim
2197 701 2263 762 et

251 787 716 871 praemeditari,
760 809 887 872 quo
926 787 1138 852 animo
1177 788 1468 852 accedam
1503 787 1582 852 ad
1618 787 1860 853 urbem.
1934 787 2057 852 Est
2095 786 2265 851 enim

255 874 555 959 quiddam
600 875 1039 941 advenientem
1083 897 1218 941 non
1260 897 1399 941 esse
1452 877 1860 961 peregrinum
1917 878 2109 960 atque
2151 874 2265 939 ho·

255 963 502 1047 spitem.
592 963 701 1048 Et,
747 964 917 1048 quod
957 984 1157 1065 paene
1201 964 1523 1050 praeterii,
1568 963 1757 1028 Bruti
1801 964 1900 1029 tui
1936 985 2143 1047 causa,
2188 966 2264 1027 ut
2301 979 2333 1028 5

256 1072 441 1134 saepe
500 1050 580 1115 ad
635 1055 701 1116 te
748 1051 1002 1136 scripsi,
1059 1052 1183 1117 feci
1228 1052 1459 1118 omnia.
1549 1049 1775 1153 Cyprii
1816 1051 2266 1137 numerabant3

177 1165 231 1205 10
252 1139 365 1203 sed
430 1136 726 1223 Scaptius
789 1140 1150 1205 centesimis
1212 1143 1519 1205 renovato
1579 1140 1647 1204 in
1710 1141 2000 1225 singulos
2065 1160 2265 1203 annos

256 1228 511 1292 faenore
557 1232 895 1292 contentus
940 1249 1072 1293 non
1106 1228 1247 1293 fuit.
1311 1228 1776 1294 Ariobarzanes
1811 1250 1944 1293 non
1977 1228 2049 1292 in
2082 1225 2267 1293 Pom-

257 1316 472 1479 3333
502 1315 1274 1490 ἓαὲἶῗῖἶὲοᾞξὲΐέἓθ
1293 1339 1484 1470 0¹33?
1524 1339 1841 1492 5303,
1859 1314 2268 1469 Ιῖιέωέἓίἓ

256 1513 370 1556 rex
414 1512 796 1578 perpauper,
853 1492 1232 1577 aberamque
1292 1492 1373 1556 ab
1420 1514 1497 1558 eo
1542 1493 1636 1557 ita
1692 1493 1914 1579 longe,
1970 1496 2045 1557 ut
2103 1491 2268 1556 nihil

180 1605 232 1645 ¹⁵
258 1600 526 1732 effi
568 1580 723 1733 ιῖἑῗέ
767 1579 1095 1734 θὲἶῂθῖῖῖ,
1148 1580 1405 1733 affl.
1456 1602 1751 1734 Ρὲοἱῖἒὶἰ
1796 1545 2268 1734 ιῗὲζῖἐὲἒῖξῗ

259 1754 504 1820 Brutus
561 1759 875 1821 tractatus
936 1778 1128 1841 quam
1173 1692 1531 1842 Pompeiis.
1623 1756 1826 1821 Bruto
1880 1760 2102 1822 curata
2144 1756 2271 1821 hoc

261 1866 426 1909 anno
472 1842 717 1936 talenta
762 1844 1012 1909 circiter
1050 1860 1110 1931 ο,
1152 1842 1458 1929 Pompeio
1503 1845 1571 1909 in
1617 1866 1727 1909 sex
1762 1844 2088 1910 mensibus
2126 1866 2269 1929 pro·

259 1932 458 1997 missa
504 1947 604 1998 cc,
664 1931 831 1997 Iam
888 1933 958 1997 in
1006 1897 1182 2018 Appi
1237 1934 1501 2020 negotio
1563 1938 1875 2018 quantum
1931 1932 2270 1998 tribuerim

182 2047 235 2086 20
262 2021 487 2108 Brut0,
528 2020 652 2086 dici
688 2021 798 2086 vix
833 2025 1065 2105 potest.
1138 2019 1306 2097 Quid
1342 2025 1440 2087 est
1476 2022 1695 2108 igitur,
1732 2022 1903 2107 quod
1937 2021 2269 2086 laborem?

261 2073 524 2174 Amicos
569 2108 767 2174 habet
811 2131 1017 2174 meras
1051 2130 1278 2197 nugas,
1320 2109 1681 2195 Matinium,
1729 2109 2073 2194 Scaptium.
2148 2107 2270 2185 Qui

264 2197 414 2282 quia
447 2219 581 2262 non
614 2197 844 2262 habuit
880 2219 919 2262 a
950 2219 1054 2264 me
1086 2201 1334 2263 turmas
1372 2199 1677 2283 equitum,
1724 2198 1956 2283 quibus
1984 2194 2268 2282 Cyprum

261 2288 546 2370 vexaret,
603 2288 680 2350 ut
725 2289 874 2350 ante
932 2308 1034 2352 me
1090 2286 1354 2371 fecerat,
1410 2287 1685 2353 fortasse
1746 2290 2098 2370 suscenset,
2158 2289 2270 2350 aut

264 2373 415 2456 quia
457 2374 815 2457 praefectus
859 2395 993 2438 non
1036 2378 1154 2460 est,
1198 2375 1369 2459 quod
1406 2395 1525 2461 ego
1560 2375 1800 2440 nemini
1835 2374 2037 2439 tribui
2081 2395 2272 2459 nego-

181 2487 234 2527 25
262 2461 507 2547 tiatori,
573 2483 707 2527 non
770 2458 837 2526 C.
893 2427 1258 2547 Vennonio,
1330 2484 1472 2528 meo
1539 2463 1868 2548 familiari,
1934 2484 2070 2528 non
2137 2465 2271 2546 tu0,

263 2548 350 2615 M.
394 2549 660 2635 Laenio,
705 2553 771 2615 et
816 2550 989 2635 quod
1032 2550 1155 2615 tibi
1190 2513 1435 2616 R'omae
1480 2551 1880 2616 ostenderam
1920 2573 2022 2615 me
2068 2572 2272 2615 serva·

263 2642 509 2723 turum3
566 2637 638 2702 in
697 2658 825 2722 quo
884 2639 1295 2723 perseveravi.
1397 2636 1522 2705 Sed
1580 2639 1733 2725 quid
1790 2639 2032 2723 poterit
2092 2639 2272 2724 queri

261 2726 340 2810 is,
384 2727 522 2809 qui,
568 2726 814 2791 auferre
860 2727 1193 2810 pecuniam
1237 2748 1383 2791 cum
1426 2730 1668 2812 posset,
1713 2727 1967 2791 noluit?
2055 2726 2103 2811 †
2138 2726 2273 2791 Aut

266 2777 592 2900 Scaptius,
636 2814 748 2899 qui
792 2814 862 2878 in
910 2812 1306 2899 Cappadocia
1350 2815 1502 2901 fuit,
1555 2822 1715 2900 puto
1762 2837 1898 2881 esse
1943 2815 2103 2880 satis
2148 2815 2273 2880 fac-

179 2927 236 2968 30
263 2905 421 2967 tum.
510 2899 575 2966 Is
621 2924 658 2966 a
701 2923 805 2966 me
848 2902 1252 2967 tribunatum
1297 2924 1444 2968 cum
1488 2904 1856 2989 accepisset,
1919 2924 2109 2987 quem
2153 2924 2272 2988 ego

264 3011 343 3054 ex
386 2989 577 3054 Bruti
619 2989 857 3055 litteris
903 2991 963 3055 ei
1008 2990 1404 3075 detulissem,
1456 2996 1682 3076 postea
1737 2991 1993 3076 scripsit
2049 2993 2128 3056 ad
2174 3014 2275 3055 me

265 3099 334 3143 se
377 3078 478 3142 uti
519 3079 691 3143 nolle
736 3099 811 3144 eo
855 3078 1207 3144 tribunatu.

399 3163 638 3231 Gavius
696 3170 795 3232 est
859 3166 1140 3252 quidam,
1204 3167 1308 3233 cui
1367 3189 1513 3233 cum
1569 3171 2035 3253 praefecturam
2094 3168 2270 3232 detu-
2312 3184 2343 3233 6

182 3327 186 3330 Α
262 3254 482 3320 lissem
527 3253 717 3320 Bruti
759 3259 1010 3340 rogatu,
1055 3254 1261 3321 multa
1305 3259 1372 3320 et
1416 3255 1580 3320 dixit
1625 3260 1691 3322 et
1733 3255 1887 3321 fecit
1932 3277 2076 3321 cum
2125 3277 2274 3341 qua-

181 3367 236 3408 35
264 3342 410 3407 dam
453 3364 595 3408 mea
640 3343 1026 3408 contumelia
1069 3342 1136 3408 P.
1184 3341 1372 3409 Clodi
1418 3344 1609 3409 canis.
1698 3342 1764 3409 Is
1817 3365 1919 3410 me
1964 3365 2084 3409 nec
2130 3366 2276 3429 pro-

263 3431 652 3496 ficiscentem
695 3430 1044 3515 Apameam
1088 3435 1465 3517 prosecutus
1512 3436 1612 3498 est
1655 3453 1799 3517 nec,
1853 3453 1997 3497 cum
2053 3436 2279 3517 postea

264 3519 334 3583 in
395 3523 604 3584 castra
653 3521 932 3585 venisset
996 3524 1186 3605 atque
1248 3521 1398 3586 inde
1460 3521 1836 3604 discederet,
1899 3541 2057 3584 num
2124 3518 2281 3601 quid
