2642 3923
618 182 1134 236 EPISTULARUM
1172 182 1271 236 AD
1309 180 1636 236 ATTICUM
1672 181 1698 235 1
1739 187 1962 236 11—13.
2221 180 2302 244 13

281 327 517 391 minem
581 347 726 392 cum
785 324 1100 410 Antoni03
1165 326 1526 390 Antonium
1599 346 1792 408 porro
1867 326 1936 390 in
1999 325 2303 410 cogendis

282 414 567 499 pecuniis
615 414 907 479 dictitare
953 419 1203 498 partem
1256 413 1418 478 mihi
1474 414 1696 498 quaeri
1756 419 1820 479 et
1866 436 1904 478 a
1947 435 2050 478 me
2095 417 2303 478 custo·

282 505 424 568 dem
468 503 825 568 communis
873 507 1176 587 quaestus
1223 502 1532 567 libertum
1585 524 1722 567 esse
1776 503 2061 566 missum.
2151 500 2300 566 Non

284 613 426 656 sum
469 591 875 656 mediocriter
920 596 1278 655 commotus
1338 613 1545 674 neque
1605 596 1822 654 tamen
1867 590 2134 675 credidi,
2193 590 2302 654 sed

226 706 259 747 5
284 684 452 745 certe
480 679 723 764 aliquid
762 679 1073 744 sermonis
1109 680 1250 743 fuit.
1327 678 1562 744 Totum
1599 679 1936 764 investiga,
1973 700 2302 764 cognosce,

282 768 569 853 perspice
614 772 679 833 et
722 768 1108 832 nebulonem
1152 768 1366 854 illum,
1426 768 1480 831 si
1528 790 1656 852 quo
1702 771 1891 852 pacto
1954 773 2166 852 potes,
2226 789 2300 832 ex

282 858 426 922 istis
470 857 630 921 locis
676 878 914 921 amove.
1006 855 1219 921 Huius
1275 857 1588 920 sermonis
1634 855 1932 921 Valerius
1979 861 2302 921 auctorem

285 943 395 1011 On.
432 943 765 1011 Plancium
807 945 1199 1009 nominabat.
1274 943 1511 1009 Mando
1558 944 1700 1029 tibi,
1746 945 1935 1029 plane
1980 949 2193 1009 totum
2229 949 2304 1009 ut

283 1033 499 1098 videas
545 1033 725 1098 cuius
770 1033 946 1098 modi
993 1034 1094 1097 sit.

200 1150 259 1188 ιο
414 1120 794 1205 Pompeium
828 1121 1018 1186 nobis
1057 1121 1517 1186 amicissimum
1554 1125 1808 1186 constat
1847 1142 2004 1187 esse.
2075 1119 2304 1185 Divor-

212 1225 224 1238 ·
284 1210 448 1274 tium
474 1209 723 1274 Muciae
750 1210 1157 1274 vehementer
1185 1210 1512 1293 probatur.
1586 1209 1654 1274 P.
1685 1208 2000 1294 Clodium,
2040 1208 2214 1293 Appi
2242 1209 2305 1294 fi,

285 1298 468 1363 credo
507 1302 572 1362 te
610 1298 861 1363 audisse
896 1319 1043 1363 cum
1078 1303 1254 1362 veste
1290 1298 1592 1363 muliebri
1633 1298 2095 1382 deprehensum
2130 1297 2302 1362 domi

289 1385 354 1451 G.
385 1385 693 1470 Caesaris,
744 1408 888 1451 cum
929 1408 1046 1470 pro
1086 1386 1328 1470 populo
1367 1387 1567 1472 fieret,
1617 1408 1890 1471 eumque
1931 1408 2042 1470 per
2077 1408 2305 1451 manus

285 1475 572 1540 servulae
628 1480 953 1539 servatum
1012 1478 1076 1538 et
1138 1476 1463 1559 eductum3
1522 1497 1658 1540 rem
1714 1497 1852 1540 esse
1916 1475 2159 1561 insigni
2211 1476 2307 1539 in-

208 1591 256 1630 ιο
285 1564 495 1627 famia.
587 1561 771 1639 Quod
814 1567 881 1627 te
925 1563 1193 1627 moleste
1240 1563 1404 1628 ferre
1450 1567 1626 1628 certo
1672 1564 1821 1629 scio.

416 1644 600 1727 Qubd
644 1655 973 1734 praeterea
1017 1652 1098 1716 ad
1143 1656 1208 1715 te
1254 1652 1559 1736 scribam,
1611 1673 1745 1717 non
1787 1652 2023 1736 habe0,
2070 1655 2136 1717 et
2180 1674 2306 1717 me·

282 1739 540 1805 hercule
601 1761 776 1804 eram
831 1739 902 1803 in
961 1739 1294 1804 scribendo
1358 1740 1818 1804 conturbatior.
1919 1738 2089 1804 Nam
2147 1762 2306 1825 puer

287 1829 553 1893 festivus
601 1831 986 1913 anagnostes
1031 1832 1250 1893 noster
1297 1825 1630 1892 Sositheus
1678 1828 2034 1893 decesserat
2078 1851 2305 1913 meque

288 1916 451 2003 plus,
497 1939 688 2002 quam
737 1917 906 1981 servi
950 1937 1124 1981 mors
1172 1916 1400 1981 debere
1447 1916 1815 2001 videbatur,
1860 1921 2304 1982 commoverat.

204 2035 258 2074 ιο
285 2005 385 2071 Tu
429 2005 622 2071 velim
669 2027 857 2089 saepe
904 2006 987 2069 ad
1028 2026 1148 2070 nos
1196 2005 1457 2070 scribas.
1532 2005 1602 2070 Si
1648 2027 1782 2069 rem
1825 2006 2073 2069 nullam
2115 2005 2307 2070 habe·

286 2094 408 2182 bis,
453 2094 625 2179 quod
669 2093 738 2158 in
782 2094 1047 2159 buccam
1093 2094 1367 2178 venerit,
1427 2094 1709 2159 scribito.
1800 2093 1942 2159 Kal.
1988 2093 2305 2159 Ianuariis

283 2182 370 2247 M.
418 2182 737 2267 Messalla,
783 2181 868 2247 M.
914 2181 1147 2247 Pisone
1192 2203 1351 2246 coss.

1210 2392 1386 2480 xm.

683 2531 799 2588 Ser.
838 2530 1047 2587 Romae
1090 2532 1182 2586 VI
1210 2533 1283 2587 K.
1324 2532 1487 2587 Febr.
1526 2548 1578 2586 a.
1618 2535 1729 2587 693
1766 2536 1906 2601 (61).

199 2686 255 2726 25
926 2670 1180 2727 CICERO
1221 2670 1482 2728 ATTICO
1522 2672 1671 2729 SAL.

420 2797 656 2884 Accepi
699 2803 845 2863 tuas
904 2803 1037 2864 tres
1096 2799 1225 2863 iam
1289 2799 1628 2885 epistuIaS,
1686 2820 1881 2863 unam
1939 2822 1979 2864 a
2021 2798 2108 2864 M.
2159 2798 2310 2864 Cor-

283 2888 487 2974 nelio,
545 2910 738 2972 quam
796 2887 1032 2952 Tribus
1092 2887 1432 2973 Tabernis,
1491 2892 1566 2951 ut
1625 2888 1879 2974 opinor,
1938 2888 1996 2952 ei
2056 2887 2309 2975 dedisti,

284 2977 582 3062 alteram,
636 2998 830 3061 quam
883 2975 1042 3039 mihi
1101 2974 1459 3039 Canusinus
1515 2980 1666 3040 tuus
1720 2975 1956 3059 hospes
2015 2976 2308 3063 reddidit,

283 3065 574 3152 tertiam,
628 3087 848 3150 quam,
900 3068 974 3128 ut
1030 3064 1285 3149 scribis,
1345 3086 1576 3128 ancora
1636 3063 1849 3128 soluta
1907 3064 1983 3129 de
2042 3063 2306 3148 phaselo

198 3180 255 3220 30
277 3153 546 3237 dedisti3
592 3175 753 3237 quae
791 3155 1052 3217 fuerunt
1080 3173 1321 3238 omneS,
1365 3158 1436 3217 ut
1460 3151 1792 3216 rhetorum
1828 3153 2009 3236 pueri
2037 3152 2307 3237 loquun-

284 3246 414 3326 tur,
458 3263 604 3306 cum
640 3240 1060 3305 humanitatis
1100 3259 1359 3324 sparsae
1398 3240 1528 3304 sale
1566 3244 1707 3303 tum
1743 3240 2029 3325 insignes
2069 3241 2305 3305 amoris

281 3329 479 3395 notis.
552 3327 799 3404 Quibus
845 3329 1141 3413 epistulis
1189 3351 1334 3393 sum
1379 3328 1671 3413 equidem
1708 3328 1824 3393 abs
1869 3333 1935 3393 te
1970 3328 2306 3394 lacessitus

282 3419 365 3483 ad
410 3417 912 3501 rescribendum3
972 3417 1083 3482 sed
1135 3418 1368 3482 idcirco
1431 3438 1574 3481 sum
1629 3416 1900 3502 tardior,
1960 3418 2132 3500 quod
2175 3438 2309 3480 non

280 3506 542 3572 invenio
586 3505 838 3571 fidelem
883 3505 1305 3571 tabellarium.
1381 3504 1630 3582 Quotus
1673 3506 1843 3569 enim
1882 3505 2152 3589 quisque
2188 3508 2308 3587 est,
