2642 3923
662 162 1173 248 EPISTULARUM
1212 191 1311 245 AD
1351 192 1676 248 ATTICUM
1712 194 1739 247 1
1776 199 1931 248 6-9.
2242 194 2310 258 Δ9

288 335 439 418 peti.
530 334 712 411 Quod
770 340 834 400 te
890 336 965 400 de
1020 336 1303 402 Tadiano
1364 339 1628 422 negotio
1695 336 2005 402 decidisse
2067 337 2314 423 scribis,

287 423 355 488 id
392 444 512 509 ego
552 423 751 489 Tadio
790 429 856 489 et
902 429 1161 510 gratum
1208 447 1347 490 esse
1393 425 1683 490 intellexi
1729 431 1795 490 et
1839 446 2074 511 magno
2123 446 2312 510 opere

288 512 650 578 iucundum.
741 511 859 579 Ille
908 517 1129 578 noster
1176 514 1437 598 amicus,
1481 515 1580 578 vir
1625 514 1982 580 mehercule
2029 515 2312 598 optimus

289 605 357 666 et
419 600 580 665 mihi
646 601 1097 686 amicissimuS,
1161 623 1311 666 sane
1375 566 1498 667 tibi
1564 603 1770 667 iratus
1836 606 1948 667 est.
2050 602 2192 668 Hoc
2257 603 2311 666 si

237 714 262 755 ⁵
289 690 517 773 quanti
554 694 628 753 tu
665 690 964 754 aestimes
1002 653 1216 775 sciam,
1259 695 1420 777 tum,
1466 691 1621 775 quid
1656 691 1816 756 mihi
1857 691 2309 757 elaborandum

290 778 397 863 sit,
443 778 606 844 scire
649 779 908 861 possim}

421 865 490 931 L.
530 864 751 931 Cincio
798 865 908 930 HS
949 883 1145 934 ccmo
1185 883 1381 934 ccmo
1423 884 1592 933 cccc
1639 889 1757 951 pro
1796 868 2002 953 signis
2040 867 2310 953 Megari·

287 955 401 1041 cis,
444 958 520 1021 ut
563 959 638 1020 tu
684 954 763 1018 ad
808 977 908 1019 me
958 956 1323 1062 scripseraS,
1368 957 1601 1021 curavi.
1689 955 1965 1022 Hermae
2011 956 2110 1020 tui
2156 955 2308 1020 Pen-

287 1007 463 1108 telici
510 1065 656 1108 cum
693 1043 1013 1127 capitibus
1052 1045 1284 1130 «11111613,
1332 1045 1408 1109 (16
1447 1045 1683 1129 quibus
1724 1044 1803 1108 ad
1838 1066 1940 1109 me
1977 1044 2312 1130 scripsisti,

210 1159 261 1197 ιο
286 1133 417 1196 iam
460 1153 632 1198 nunc
675 1154 776 1196 me
823 1132 1163 1197 admodum
1208 1132 1542 1198 delectant.
1619 1132 1825 1209 Quare
1870 1134 2064 1198 velim
2099 1137 2164 1196 et
2202 1154 2309 1198 eos

290 1225 355 1285 et
392 1220 579 1305 signa
616 1225 681 1285 et
716 1223 958 1306 cetera,
981 1243 1142 1305 quae
1178 1221 1301 1285 tibi
1341 1223 1477 1286 eius
1512 1221 1640 1286 loci
1677 1226 1742 1286 et
1776 1222 1987 1285 nostri
2022 1222 2218 1286 studii
2247 1227 2310 1285 et

287 1314 437 1374 tuae
495 1308 850 1393 elegantiae
904 1331 1040 1373 esse
1087 1309 1504 1396 videbuntur,
1560 1333 1753 1394 quam
1795 1309 2073 1394 plurima
2119 1332 2310 1411 quam

288 1399 695 1481 primumque
766 1397 1017 1483 mittas,
1088 1402 1154 1462 et
1225 1400 1501 1463 maxime
1575 1421 1737 1483 quae
1809 1399 1932 1461 tibi
1992 1399 2310 1501 gymnasii

288 1486 591 1570 xystique
636 1485 1024 1550 videbuntur
1069 1507 1223 1551 esse.
1316 1485 1486 1551 Nam
1530 1489 1601 1551 in
1645 1509 1720 1552 eo
1768 1507 1995 1572 genere
2043 1487 2134 1551 sic
2182 1490 2308 1551 stu-

210 1603 260 1641 15
290 1575 395 1639 dio
442 1574 791 1660 efferimur,
846 1579 920 1638 ut
966 1574 1081 1639 abs
1128 1578 1193 1638 te
1240 1575 1609 1661 adiuvandi,
1655 1576 1734 1639 ab
1783 1575 1926 1640 aliis
1974 1597 2174 1659 prope
2218 1597 2310 1640 re·

287 1662 718 1748 prehendendi
783 1663 998 1727 simus.
1103 1662 1173 1727 Si
1228 1652 1489 1727 Lentuli
1543 1665 1725 1728 navis
1780 1685 1914 1728 non
1967 1663 2118 1749 erit,
2182 1685 2309 1747 quo

288 1752 413 1816 tibi
477 1751 782 1837 placebit,
844 1751 1177 1835 imponito.
1278 1751 1587 1837 Tulliola,
1650 1751 1976 1816 deliciolae
2033 1755 2314 1837 nostrae,

287 1845 473 1905 tuum
510 1840 960 1904 munusculum
996 1839 1248 1924 flagitat
1276 1844 1342 1903 et
1369 1862 1470 1904 me
1497 1845 1572 1903 ut
1602 1861 1972 1924 sponsorem
2006 1839 2312 1924 appellat3

288 1930 380 1994 mi
426 1934 642 1994 autem
687 1928 980 1993 abiurare
1026 1929 1263 1994 certius
1310 1932 1410 1993 est
1456 1951 1649 2014 quam
1695 1927 2060 2012 dependere.

207 2134 261 2173 zo
1242 2105 1351 2170 IX.

736 2227 850 2283 Ser.
891 2228 1095 2283 Romae
1123 2234 1250 2296 post
1284 2244 1364 2296 ep.
1407 2232 1444 2282 8
1481 2244 1531 2281 a.
1574 2229 1688 2281 687
1725 2229 1867 2295 (67).

928 2350 1184 2406 CICERO
1223 2349 1485 2405 ATTICO
1526 2348 1672 2404 SAL.

422 2459 714 2525 Nimium
750 2482 896 2525 raro
933 2459 1123 2524 nobis
1163 2459 1278 2523 abs
1315 2462 1380 2523 te
1425 2459 1680 2523 litterae
1727 2458 2120 2544 adferuntur,
2166 2481 2311 2524 cum

288 2555 355 2615 et
400 2550 606 2614 multo
654 2552 727 2612 tu
773 2548 1024 2613 facilius
1071 2548 1393 2631 reperias,
1433 2548 1545 2632 qui
1590 2545 1863 2611 Romam
1910 2511 2311 2630 proficiscan-

208 2666 259 2705 25
288 2644 428 2725 tur,
482 2660 675 2722 quam
731 2658 849 2722 ego
851 2688 906 2722 r
938 2636 1048 2720 qui
1102 2636 1422 2721 Athenas,
1478 2640 1543 2701 et
1597 2635 1832 2700 certius
1888 2636 2012 2699 11111
2068 2636 2156 2700 sit
2209 2658 2311 2701 me

289 2749 428 2792 esse
481 2725 727 2791 Romae
784 2747 974 2808 quam
1037 2724 1198 2788 mihi
1261 2729 1326 2788 te
1382 2723 1672 2788 Athenis.
1764 2722 1991 2807 Itaque
2046 2728 2311 2808 propter

287 2816 454 2882 hanc
508 2814 977 2878 dubitationem
1037 2835 1241 2876 meam
1298 2812 1555 2877 brevior
1618 2812 1774 2877 haec
1825 2812 1970 2895 ipsa
2033 2813 2312 2896 epistula

289 2909 417 2991 est,
478 2902 677 2988 quod,
739 2924 884 2967 cum
947 2902 1229 2965 incertus
1285 2922 1516 2986 essem,
1578 2900 1692 2964 ubi
1751 2922 1948 2985 esses,
2011 2901 2312 2966 nolebam

288 2994 475 3057 illum
519 2995 817 3056 nostrum
862 2990 1243 3053 familiarem
1288 3011 1644 3053 sermonem
1688 2989 1758 3052 in
1803 2988 2043 3053 alienas
2082 3011 2309 3055 manus

207 3108 261 3148 eo
288 3081 599 3145 devenire.

424 3167 623 3253 Signa
694 3166 1015 3252 Megarica
1088 3172 1151 3231 et
1223 3165 1526 3253 HermaS,
1596 3165 1672 3230 de
1747 3165 1981 3249 quibus
2057 3165 2135 3229 ad
2208 3188 2309 3231 me
2347 3183 2377 3229 2

290 3257 635 3343 scripsisti,
716 3255 1120 3320 vehementer
1197 3258 1513 3338 exspecto.
1634 3252 1949 3337 Quicquid
2029 3253 2307 3318 eiusdem

289 3346 543 3432 generis
577 3308 867 3429 h'abebiS,
912 3344 1178 3429 dignum
1212 3343 1554 3407 Academia
1590 3342 1714 3406 tibi
1762 3342 1934 3426 quod
1969 3341 2309 3427 videbitur,

285 3458 367 3500 ne
415 3433 731 3499 dubitaris
776 3398 1033 3497 mittere
1078 3436 1144 3498 et
1180 3454 1361 3496 arcae
1395 3435 1657 3496 nostrae
1694 3431 2014 3496 confidito,
2090 3428 2307 3493 Genus

208 3550 259 3590 ³5
285 3525 410 3588 hoc
470 3528 569 3587 est
628 3521 983 3604 voluptatis
1045 3543 1245 3603 meae3
1312 3542 1474 3604 quae
1540 3520 1966 3604 γυμνασιώὸη
2032 3517 2306 3580 maxime
