2642 3923
326 810 369 858 ‘2

396 208 536 273 244
1046 208 1118 262 M.
1159 208 1374 262 TULLI
1410 207 1784 263 CICERONIS

395 350 733 417 Domitius
777 351 1216 436 implicaretur
1262 356 1329 415 et
1372 373 1581 435 neque
1625 351 1763 434 ipse
1801 351 1959 415 satis
1995 351 2219 415 firmus
2257 355 2425 415 esset

395 440 487 504 :ad
523 443 732 504 castra
768 440 1074 525 facienda,
1122 439 1294 523 quod
1330 462 1504 504 meas
1542 457 1742 503 XVIIII
1779 443 1843 502 et
1881 461 2027 503 suas
2066 457 2166 502 X11
2202 439 2424 503 cohor-

396 533 506 593 ·tes
550 528 764 592 tribus
810 529 879 593 in
926 528 1177 612 oppidis
1227 528 1605 592 distributas
1651 527 1917 591 haberet
1964 529 2142 613 (nam
2186 528 2419 611 partim

395 617 631 701 Albae,
675 617 913 699 partim
963 615 1269 681 Sulmone
1314 614 1699 702 collocavit),
1743 636 1951 699 neque
1984 636 2063 694 se,
2112 616 2167 680 si
2212 617 2424 701 vellet,

401 705 704 789 expedire
748 709 984 788 posset.
2478 729 2503 769 5

541 791 732 857 Nunc
770 793 998 858 scitote
1043 814 1148 856 me
1184 814 1324 856 esse
1360 793 1430 856 in
1468 814 1716 856 summa
1754 791 2199 856 sollicitudine.
2254 791 2418 856 Nam
2618 802 2620 813 ⁴

412 884 476 945 et
518 884 622 946 tot
667 884 732 945 et
775 881 937 945 tales
982 881 1157 945 viros
1202 880 1487 964 periculo
1527 881 1880 945 obsidionis
1925 879 2198 945 liberare
2234 881 2422 965 cupio

408 981 631 1053 neque
662 969 949 1034 subsidio
995 969 1089 1033 ire
1134 990 1427 1052 possum,
1485 969 1657 1052 quod
1707 968 1811 1032 his
1857 968 2103 1033 duabus
2157 969 2425 1054 legioni-

407 1057 530 1122 bus
574 1079 707 1122 non
751 1063 910 1141 puto
957 1079 1095 1122 esse
1148 1056 1702 1140 committendum,
1758 1061 1832 1121 ut
1886 1057 2039 1121 illuc
2093 1057 2425 1143 ducantur,

411 1168 489 1211 ex
558 1146 796 1230 quibus
871 1150 1086 1209 tamen
1155 1168 1286 1210 non
1354 1145 1629 1228 amplius
1693 1163 1846 1209 XIIII
1919 1145 2214 1210 cohortes
2276 1167 2506 1211 con-10

408 1233 663 1299 trahere
707 1235 921 1336 potui,
968 1233 1141 1318 quod
1183 1236 1343 1298 duas
1388 1232 1805 1297 Brundisium
1858 1234 2007 1298 misi
2059 1255 2264 1318 neque
2312 1233 2427 1298 Ca-

409 1323 668 1386 nusium
714 1322 851 1386 sine
895 1321 1243 1406 praesidio,
1299 1322 1451 1385 dum
1506 1321 1821 1406 abessem,
1874 1324 2097 1405 putavi
2150 1344 2289 1387 esse
2334 1323 2425 1386 di-

410 1410 814 1475 mittendum.

543 1497 621 1563 D.
659 1498 876 1562 Laelio
913 1499 1302 1584 mandaram,
1339 1498 1513 1581 quod
1546 1499 1819 1561 maiores
1847 1498 2064 1581 copias
2091 1499 2426 1582 sperabam

410 1609 531 1652 nos
567 1585 924 1672 habiturOS,
961 1591 1052 1672 ut,
1089 1587 1145 1650 si
1171 1586 1357 1650 vobis
1393 1586 1733 1668 videretur,
1770 1585 1934 1650 alter
1968 1591 2113 1651 uter
2136 1590 2426 1651 vestrum
2453 1614 2507 1654 15

409 1676 495 1740 ad
538 1697 641 1739 me
685 1675 958 1760 veniret,
1015 1675 1175 1739 alter
1219 1676 1287 1738 in
1336 1672 1621 1738 Siciliam
1666 1697 1811 1739 cum
1858 1696 1931 1738 ea
1975 1676 2186 1760 copia,
2231 1698 2424 1759 quam

411 1763 670 1847 Capuae
729 1768 794 1828 et
857 1765 1097 1828 circum
1156 1761 1443 1846 Capuam
1507 1763 1953 1847 comparastis,
2017 1768 2082 1827 et
2139 1784 2284 1828 cum
2342 1765 2425 1828 iis

408 1852 751 1937 militibus,
796 1873 958 1936 quos
995 1850 1272 1916 Faustus
1309 1852 1488 1936 legit,
1532 1851 2057 1937 proficisceretur,
2097 1850 2426 1917 Domitius

410 1963 561 2005 cum
604 1958 704 2005 XII
745 1940 879 2005 suis
925 1939 1297 2005 cohortibus
1346 1939 1569 2004 eodem
1613 1939 2091 2026 adiungeretur,
2143 1940 2428 2024 reliquae
2619 1995 2620 2020 ἶ

409 2030 635 2113 copiae
681 2050 900 2093 omnes
945 2028 1362 2093 Brundisium
1398 2033 1778 2114 cogerentur
1831 2033 1896 2092 et
1948 2029 2096 2093 inde
2152 2031 2427 2095 navibus
2454 2054 2509 2093 20

412 2117 841 2202 Dyrrachium
903 2120 1512 2201 transportarentur.
1602 2115 1818 2202 Nunc,
1881 2139 2024 2181 cum
2086 2116 2211 2183 hoc
2266 2122 2427 2183 tem·
2619 2119 2620 2124 ’

413 2227 572 2291 pore
615 2205 819 2270 nihilo
865 2206 1071 2291 magis
1118 2227 1236 2291 ego
1284 2226 1476 2289 quam
1511 2226 1627 2269 vos
1675 2204 1961 2270 subsidio
1997 2204 2285 2270 Domitio
2332 2207 2429 2271 ire

415 2294 678 2379 possim,
722 2293 760 2334 ’¹⁵
796 2293 834 2334 '¹‘
869 2293 907 2334 ’¹⁵
954 2315 1021 2358 se
1065 2316 1181 2377 per
1222 2297 1476 2357 montes
1522 2293 1863 2379 explicare,
1917 2317 2048 2359 non
2095 2299 2194 2359 est
2236 2295 2427 2359 nobis

412 2382 970 2464 committendum,
1025 2386 1098 2445 ut
1153 2382 1232 2445 ad
1285 2381 1404 2444 has
1449 2398 1603 2445 X1111
1648 2380 1969 2467 cohortes,
2024 2404 2183 2467 quas
2229 2382 2426 2448 dubio

412 2472 630 2535 animo
673 2469 907 2555 habe0,
965 2470 1173 2535 hostis
1228 2469 1523 2534 accedere
1576 2473 1690 2533 aut
1743 2470 1810 2533 in
1863 2472 2093 2535 itinere
2135 2492 2239 2535 me
2284 2474 2429 2536 conss
2458 2498 2511 2536 25

418 2560 601 2643 sequi
642 2559 866 2642 possit.

550 2646 756 2722 Quam
809 2646 890 2710 ob
945 2666 1081 2710 rem
1134 2645 1444 2729 placitum
1497 2649 1596 2709 est
1647 2645 1806 2709 mihi
1852 2645 2215 2732 (placetque
2258 2649 2431 2712 idem

417 2736 488 2800 L.
534 2732 816 2818 Caesari,
870 2733 956 2799 M.
1002 2733 1304 2799 Marcello
1353 2739 1418 2798 et
1464 2734 1689 2799 ceteris
1735 2736 1942 2798 nostri
1990 2734 2260 2820 ordinis,
2314 2737 2430 2821 qui

417 2823 524 2887 hic
561 2827 712 2887 sunt
741 2875 759 2909 ,
804 2827 878 2886 ut
913 2822 1331 2887 Brundisium
1369 2823 1659 2886 ducerem
1693 2821 1861 2886 hanc
1905 2824 2180 2907 copiam,
2235 2846 2430 2907 quam

418 2934 666 2977 mecum
758 2910 932 2976 abeo,
1021 2910 1160 2975 Vos
1203 2909 1457 2995 hortor,
1501 2914 1601 2995 ut,
1661 2911 2103 2994 quodcumque
2147 2912 2431 2977 militum
2462 2939 2519 2978 80

416 2999 797 3065 contrahere
840 2998 1159 3084 poteritis,
1205 2997 1598 3063 contrahatis
1645 3003 1710 3063 et
1756 2999 1976 3080 eodem
2012 2999 2434 3065 Brundisium

419 3088 694 3154 veniatis
754 3109 947 3172 quam
1005 3088 1300 3171 primum.
1391 3086 1589 3152 Arma
1647 3108 1809 3171 quae
1868 3088 1950 3153 ad
2010 3110 2113 3152 me
2169 3088 2436 3154 missuri

418 3178 636 3260 cratia,
681 3176 763 3241 iis
809 3198 1033 3241 censeo
1079 3176 1342 3239 armetis
1377 3175 1635 3261 milites,
1681 3197 1843 3259 quos
1876 3176 2208 3241 vobiscum
2242 3176 2435 3242 habe-

417 3265 525 3329 tis.
617 3262 790 3340 Quae
835 3287 1011 3328 arma
1058 3265 1469 3350 superabunt,
1514 3286 1587 3328 88
1633 3264 1690 3328 81
1733 3264 2148 3329 Brundisium
2189 3265 2436 3330 iumen-

416 3354 509 3416 tis
571 3352 1012 3437 deportaritis,
1073 3351 1481 3417 vehementer
1537 3352 1631 3416 rei
1688 3352 1982 3436 publicae
2037 3354 2429 3437 profueritis.
2467 3379 2525 3421 85

420 3438 522 3502 1)8
573 3438 693 3502 1188
746 3460 815 3502 re
859 3439 1052 3503 velim
1109 3444 1369 3506 nostros
1429 3441 1731 3506 certiores
1790 3442 2056 3507 faciatis.
2145 3442 2291 3527 Ego
2353 3443 2440 3507 ad

419 3525 490 3588 P.
528 3525 782 3608 Lupum
827 3530 892 3590 et
929 3524 979 3591 C
1036 3526 1396 3611 Coponium
1441 3533 1765 3612 praetores
1809 3530 1979 3616 misi,
2021 3534 2096 3594 ut
2141 3552 2209 3595 se
2244 3530 2438 3596 vobis
