2642 3923
605 198 1121 255 EPISTULARUM
1158 200 1257 253 AD
1295 199 1604 256 BRUTUM
1640 201 1666 254 Ι
1705 207 1787 270 15,
1829 207 1910 256 16.
2151 201 2280 267 543

1178 431 1352 499 XVI.

746 551 861 609 Ser.
890 553 1121 609 Athenis
1155 570 1225 609 m.
1253 552 1386 609 Dec.
1419 572 1470 609 a.
1504 558 1612 610 710
1652 558 1787 623 (44).

822 674 1110 732 BRUTUS
1148 675 1489 732 CICERONI
1564 676 1711 732 SAL.

390 784 780 848 Particulam
824 784 1259 849 litterularum
1303 789 1578 869 tuarum,
1627 807 1784 869 quas
1821 786 2061 851 misisti
2096 785 2280 851 Octa·
2316 802 2345 852 1

202 899 229 940 5
256 873 384 958 vio,
426 872 559 958 legi
602 873 868 937 missam
914 873 994 937 ab
1031 872 1255 937 Attico
1290 873 1469 938 mihi.
1545 872 1846 939 Studium
1880 879 2066 939 tuum
2103 898 2278 940 cura-

257 982 382 1045 que
437 961 513 1025 de
569 961 775 1025 salute
833 983 974 1025 mea
1025 961 1205 1025 nulla
1258 984 1362 1026 me
1414 982 1583 1027 nova
1639 962 1972 1046 voluptate
2028 964 2275 1028 adfecit.

255 1048 321 1113 N
323 1071 410 1114 on
469 1050 678 1114 solum
723 1050 894 1113 enim
940 1050 1279 1131 usitatum,
1340 1050 1449 1114 sed
1495 1051 1691 1115 etiam
1736 1052 2130 1116 cotidianum
2177 1057 2276 1116 est

256 1138 502 1222 aliquid
557 1138 773 1202 audire
829 1138 905 1201 de
964 1141 1058 1224 te,
1114 1138 1287 1222 quod
1332 1160 1450 1223 pro
1495 1142 1719 1203 nostra
1764 1139 2080 1225 dignitate
2125 1141 2273 1205 fide-

254 1226 404 1290 liter
457 1230 650 1310 atque
702 1226 1055 1291 honorifice
1106 1226 1343 1291 dixeris
1400 1231 1513 1291 aut
1565 1228 1807 1292 feceris,
1897 1227 1989 1292 At
2036 1229 2273 1314 dolore,

175 1342 227 1381 ιο
256 1318 571 1399 quantum
624 1316 975 1378 maximum
1019 1337 1241 1399 capere
1288 1316 1503 1380 animo
1550 1338 1843 1403 possum,
1897 1317 2115 1381 eadem
2160 1318 2274 1382 issa

253 1425 404 1486 pars
459 1403 772 1487 epistulae
828 1403 1068 1486 scripta
1120 1403 1199 1467 ad
1254 1401 1591 1468 Octavium
1646 1404 1723 1469 de
1776 1405 1967 1470 nobis
2024 1406 2270 1471 adfecit.

255 1491 361 1556 Sic
416 1492 587 1555 enim
639 1490 740 1554 illi
797 1492 1040 1574 gratias
1086 1492 1224 1575 agis
1270 1492 1349 1557 de
1393 1513 1463 1555 re
1508 1493 1790 1577 publica,
1849 1498 1987 1558 tam
2034 1495 2271 1577 suppli-

255 1581 416 1644 citer
468 1600 542 1643 ac
594 1578 863 1642 demisse
916 1616 1006 1626 -
1049 1580 1204 1662 quid
1250 1580 1571 1644 scribam?
1633 1582 1831 1665 pudet
1876 1583 2269 1648 condicionis

256 1690 328 1732 ac
388 1668 710 1752 fortunae,
775 1666 885 1731 sed
946 1671 1163 1731 tamen
1215 1668 1621 1733 scribendum
1679 1673 1802 1734 est:
1867 1671 2271 1736 commendas

174 1783 227 1823 15
254 1759 546 1820 nostram
600 1755 874 1819 salutem
924 1755 1055 1840 illi,
1120 1779 1283 1840 quae
1337 1761 1546 1821 morte
1602 1779 1729 1841 qua
1780 1779 1914 1823 non
1958 1760 2272 1843 pernicio-

254 1844 428 1908 sior?
499 1848 573 1907 ut
618 1866 882 1928 prorsus
926 1840 1079 1928 prae
1122 1849 1188 1909 te
1232 1846 1402 1909 feras
1447 1867 1579 1910 non
1625 1846 1946 1910 sublatam
1983 1847 2271 1912 domina·-

252 1933 523 2018 tionem,
579 1932 689 1997 sed
748 1932 1079 1998 dominum
1135 1937 1600 1999 commutatum
1656 1955 1808 2000 esse.
1901 1935 2115 2001 Verba
2158 1940 2272 2002 tua

251 2020 637 2107 recognosce
691 2024 754 2085 et
810 2022 970 2086 aude
1023 2043 1259 2107 negare
1320 2023 1656 2088 servientis
1704 2023 2007 2088 adversus
2053 2046 2270 2110 regem

251 2103 412 2175 istas
468 2131 608 2175 esse
650 2131 884 2194 preces,
974 2108 1193 2175 Unum
1239 2111 1335 2175 ais
1382 2133 1536 2197 esse,
1584 2112 1755 2195 quod
1802 2113 1882 2177 ab
1930 2135 2004 2177 eo
2051 2118 2269 2197 postu-

168 2226 224 2266 20
251 2200 422 2263 letur
469 2202 533 2263 et
579 2202 998 2283 exspectetur,
1040 2203 1115 2263 ut
1153 2221 1270 2264 veos
1320 2200 1508 2284 cives,
1555 2201 1633 2264 de
1671 2201 1905 2284 quibus
1945 2202 2066 2266 viri
2114 2202 2269 2267 boni

251 2287 655 2371 populusque
723 2285 1053 2351 Romanus
1134 2288 1296 2352 bene
1378 2289 1728 2373 existimet,
1812 2290 2022 2354 salvos
2095 2291 2267 2356 velit.

253 2374 438 2461 Quid,
500 2376 557 2439 si
617 2375 826 2440 nolit?
896 2397 1029 2440 non
1091 2377 1374 2440 erimus?
1444 2376 1649 2460 Atqui
1700 2400 1833 2442 non
1887 2400 2024 2443 esse
2077 2401 2269 2463 quam

254 2484 393 2528 esse
445 2485 559 2548 per
613 2463 799 2527 illum
852 2468 1152 2548 praestat.
1243 2464 1388 2550 Ego
1445 2466 1690 2530 medius
1751 2466 1941 2531 fidius
1985 2488 2119 2531 non
2166 2491 2267 2532 ex·
2303 2482 2336 2530 2

251 2552 469 2616 istimo
524 2556 661 2616 tam
717 2573 934 2615 omnes
992 2552 1142 2617 deos
1203 2574 1462 2618 aversos
1524 2575 1661 2618 esse
1709 2577 1747 2618 a
1792 2555 1999 2620 salute
2042 2557 2265 2640 populi

166 2666 223 2708 2⁶
250 2638 545 2725 Romani,
588 2644 662 2704 ut
699 2638 1002 2705 Octavius
1045 2641 1320 2705 orandus
1365 2643 1451 2705 sit
1488 2664 1605 2726 pro
1644 2643 1851 2707 salute
1887 2643 2266 2728 cuiusquam

253 2729 437 2812 civis,
506 2750 639 2792 non
711 2728 917 2793 dicam
978 2751 1095 2813 pro
1158 2728 1617 2795 liberatoribus
1683 2731 1856 2795 orbis
1920 2735 2264 2818 terrarum3

251 2817 431 2881 iuvat
488 2817 658 2880 enirn
720 2817 1056 2902 magnifice
1113 2818 1321 2902 loqui,
1386 2823 1451 2883 et
1506 2823 1675 2883 certe
1729 2820 1907 2884 decet
1962 2821 2265 2887 adversus

250 2906 650 2990 ignorantes,
704 2906 860 2989 quid
905 2928 1022 2990 pro
1071 2927 1327 2990 quoque
1369 2907 1725 2971 timendum
1770 2912 1883 2972 aut
1928 2931 1966 2972 a
2010 2930 2267 2994 quoque

250 2993 594 3078 petendum
637 2994 740 3058 sit.
813 2992 957 3059 Hoc
998 2997 1091 3079 tu,
1141 2992 1381 3081 Cicero,
1423 3017 1613 3080 posse
1656 2997 1878 3061 fateris
1926 2994 2264 3064 Octavium

164 3109 222 3150 30
251 3085 316 3146 et
371 3082 469 3146 illi
526 3083 765 3147 amicus
823 3082 935 3147 es‘?
999 3086 1136 3166 aut,
1193 3084 1249 3147 si
1294 3105 1397 3147 me
1444 3105 1661 3149 carum
1705 3085 1933 3170 habes,
1990 3086 2091 3150 vis
2139 3085 2265 3150 Ro-

247 3192 390 3235 mae
434 3171 673 3253 videre,
729 3193 900 3256 cum,
954 3174 1029 3235 ut
1072 3171 1168 3236 ibi
1213 3193 1352 3237 esse
1398 3194 1671 3259 possem,
1715 3174 2257 3238 commendandus
2352 3171 2356 3177 ’

245 3281 445 3342 puero
492 3259 592 3322 illi
634 3259 914 3324 fuerim?
987 3257 1110 3324 Oui
1156 3260 1308 3343 quid
1356 3261 1495 3346 agis
1542 3261 1813 3347 gratias,
1872 3262 1955 3345 si,
2015 3265 2090 3326 ut
2134 3283 2256 3326 nos

248 3347 460 3412 salvos
526 3368 662 3411 esse
723 3348 880 3412 velit
944 3350 1010 3411 et
1067 3348 1374 3435 patiatur,
1433 3349 1791 3434 rogandum
1845 3350 2081 3434 putas?
2153 3348 2259 3413 An

243 3434 369 3500 hoc
411 3457 527 3520 pro
576 3435 879 3500 beneficio
924 3434 1288 3500 habendum
1336 3440 1453 3522 est,
1499 3437 1672 3521 quod
1716 3459 1784 3502 se
1827 3458 2021 3521 quam
2057 3435 2260 3502 Anto·

159 3550 216 3593 85
243 3524 426 3589 nium
472 3546 611 3589 esse
653 3525 978 3609 maluerit,
1034 3547 1072 3588 a
1117 3546 1243 3608 quo
1291 3524 1418 3589 ista
1461 3525 1734 3610 petenda
1778 3526 2035 3590 essent?
2108 3525 2263 3590 Vin·

2367 3598 2613 3872 A
