2642 3923
1079 176 1137 229 P.
1170 182 1430 230 95—104.
1837 174 1842 177 ’
2083 176 2262 231 XXXI

250 315 329 369 Ad
372 334 425 384 p.
460 320 542 369 17.
575 320 658 369 27.
733 346 805 355 —-·
879 321 944 369 19
999 317 1114 369 III
1158 315 1221 371 O.
1249 316 1311 370 Ε.
1345 316 1601 371 Schmidt
1658 317 1791 372 ‘Der
1843 317 2257 372 Briefwechsel'

242 406 290 456 p.
324 393 442 440 202.
509 415 581 427 -
639 393 706 440 20
753 403 913 455 quom
959 387 1062 455 (sic
1099 386 1217 454 ΟΖ,
1273 388 1563 442 Lehmann
1598 390 1714 443 Att.
1744 407 1799 459 p.
1830 391 1918 457 34)
1966 390 2266 444 Brundisii

241 475 399 512 essem
429 460 560 511 cett.
585 458 762 522 codd,
800 456 1083 527 Wesenb.,
1121 458 1409 512 Lehmann
1441 474 1524 529 ep.
1549 459 1644 513 sel.
1668 460 1694 512 I
1724 465 1806 528 19,
1836 460 2032 514 seclus.
2054 460 2262 525 Baiter,

242 528 483 597 Tyrrell,
542 545 647 582 om.
688 528 772 594 M,
828 529 986 582 Boot.
1044 560 1115 571 —-
1171 535 1239 582 23
1296 531 1519 584 decretis
1574 530 1702 584 add.
1734 529 1925 599 Orelli,
1981 531 2263 597 Wesenb.,

241 599 557 667 Lehmann,
616 615 721 652 om.
765 600 944 666 codd,
999 600 1218 667 Baiter,
1275 599 1522 669 Tyr-rell,
1576 602 1942 657 honestissime
1996 602 2261 666 Faernus,

244 671 396 725 Boot.
453 701 525 711 ——
582 675 648 723 28
691 672 779 741 [se
832 672 1082 726 immicos
1135 671 1276 741 esse]
1333 669 1575 726 Corrado
1623 675 1850 727 auctore
1885 673 2107 739 Baiter,
2155 690 2261 728 om.

245 742 397 795 Boot.
446 772 517 782 —
566 746 634 794 30
682 742 751 795 ab
796 742 993 808 infimo
1037 741 1327 795 Lehmann
1371 743 1557 796 Herm.
1598 749 1737 797 1880
1824 786 1835 798 .
1865 750 1969 798 348
2008 745 2075 798 cf.
2107 742 2261 798 Caes.

243 813 296 866 b.
320 812 464 867 Gall.
485 811 692 883 VII19.
717 817 765 878 1,
798 818 878 865 73.
903 818 952 880 3,
980 813 1161 867 ΠΙ19.
1186 819 1213 866 1
1247 815 1306 867 et
1332 812 1392 866 in
1421 814 1574 880 edit,
1603 814 1776 883 Tyrre
1824 858 1837 881 ,
1865 816 2058 882 infima
2085 815 2262 881 codd,

245 884 391 954 vulg.
457 885 475 952 ss
538 884 609 937 P.
633 882 768 937 102.
791 888 928 936 7-9
948 884 1089 950 dixi,
1108 901 1274 952 quum
1294 915 1363 924 -
1383 885 1703 950 Afranium.
1745 885 1981 940 Factum
1999 885 2261 939 Wesenb.

243 953 306 1009 V.
336 955 503 1009 Mart.
532 953 726 1023 Lange
756 954 826 1007 de
855 952 964 1008 Cio.
989 954 1169 1008 altera
1204 957 1335 1023 post
1362 956 1478 1009 red.
1503 972 1579 1009 or.
1601 955 1750 1025 Lips.
1776 961 1911 1009 1875
1948 975 2003 1027 p.
2027 963 2074 1010 5.
2098 988 2167 997 -
2198 962 2261 1010 12

248 1044 365 1080 cum
391 1026 634 1095 populus
661 1025 796 1093 A¹c,
834 1027 1091 1080 continuo
1121 1026 1299 1092 codd,
1331 1044 1457 1079 cum
1487 1043 1648 1080 cruce
1677 1027 1957 1094 Wesenb.,
1988 1029 2262 1093 continuO,

246 1114 364 1151 cum
391 1128 461 1137 —
489 1097 786 1150 dedissent
811 1096 1007 1150 Baiter
1033 1099 1092 1150 et
1117 1095 1424 1165 Lehmann,
1461 1097 1681 1166 Tyrrell
1717 1098 1845 1151 add.
1861 1100 2103 1167 populus
2133 1100 2263 1151 ante

240 1169 500 1237 plausum
546 1166 744 1220 Bootio
792 1170 1046 1233 auctore,
1092 1185 1259 1235 quum
1303 1169 1562 1223 continuo
1598 1169 1756 1223 Boot.
1805 1198 1875 1210 --
1924 1175 1990 1222 13
2037 1170 2110 1223 in
2153 1186 2265 1224 meo

248 1239 309 1293 A.
348 1237 438 1292 W.
478 1238 706 1307 Zumpt,
750 1238 969 1306 Baiter,
1020 1237 1282 1292 Wesenb.
1324 1239 1421 1308 (ad
1455 1258 1510 1308 p.
1543 1245 1625 1298 17.
1658 1242 1773 1310 27),
1820 1242 2038 1294 nomine
2088 1241 2265 1294 citans

249 1309 387 1363 coni.
416 1309 577 1376 Boot,
617 1326 697 1363 me
730 1310 948 1364 nomine
984 1311 1204 1364 citando
1238 1307 1532 1363 Francken
1569 1310 1771 1365 Mnem.
1796 1316 1933 1364 1877
1969 1328 2023 1380 p.
2046 1316 2164 1364 301.
2196 1343 2265 1350 —

250 1387 314 1433 14
351 1398 545 1450 quam
579 1396 759 1434 omnes
794 1379 1056 1434 Wesenb.
1086 1380 1303 1433 nullam
1341 1380 1528 1434 aliam'
1548 1381 1619 1434 ob
1659 1398 1902 1450 causam,
1947 1384 2015 1434 ut
2051 1381 2263 1450 opinor,

248 1452 1563 1592 ῒᾶῑι6396161066.ῖνῑωὶὲέζῖξίῖῒς.
1594 1459 1653 1593 ἴ.
1678 1453 1723 1576 {³
1712 1454 2263 1590 3¹}f2’351‘1'3i‘1'3'a21'321

156 1615 160 1619 ·
249 1597 366 1647 tore
411 1592 726 1659 Lehmann,
772 1594 877 1662 †et
922 1609 1101 1647 omncs
1136 1592 1427 1662 Wesenb.,
1478 1594 1623 1647 Boot
1671 1595 1820 1647 ‘cum
1856 1593 1945 1647 W.
1975 1601 2026 1648 et
2060 1594 2120 1647 in
2153 1596 2265 1661 fuit

251 1664 602 1718 mutandum’
645 1679 900 1729 censens,
955 1680 1088 1716 nam
1128 1664 1378 1717 ‘senatus
1416 1681 1529 1718 non
1565 1665 1841 1735 negavit’,
1889 1665 2077 1733 inquit
2116 1665 2264 1732 ‘,sed

253 1736 508 1804 frequens
555 1733 710 1801 fuit',
760 1735 911 1802 quod
947 1751 1060 1788 non
1095 1734 1382 1805 intellego.
1462 1735 1604 1788 Mihi
1642 1738 1701 1789 et
1736 1738 1968 1789 senatus
2000 1735 2263 1804 frequens

250 1810 305 1860 et
339 1822 532 1860 omnes
571 1804 888 1859 consulares
925 1804 1071 1858 nihil
1105 1821 1344 1876 negasse
1379 1805 1655 1859 videntur.
1683 1837 1753 1847 -
1782 1812 1845 1860 31
1888 1823 2108 1860 crucem
2135 1807 2262 1860 add.

248 1878 404 1944 Boot,
444 1893 576 1931 ‘non
611 1877 991 1943 demolientwr,
1035 1893 1164 1930 uno
1200 1878 1418 1930 nomine
1453 1877 1540 1930 Fr.
1572 1875 1829 1930 Schmidt
1865 1877 2106 1931 ‘Blatter
2140 1878 2178 1931 f.
2211 1878 2262 1931 d.

248 1949 436 2018 bayer.
470 1946 676 2002 G.-W.’
716 1946 793 2001 XI
822 1952 922 2001 113
937 1966 1047 2015 sq.,
1093 1965 1279 2018 progr.
1309 1946 1561 2001 Norimb.
1596 1952 1731 2001 1879
1768 1967 1823 2017 p.
1855 1954 1920 2002 22
1934 1966 2014 2016 sq.
2072 1979 2142 1990 —
2198 1954 2266 2002 34

250 2023 308 2074 et
354 2025 472 2073 103.
506 2025 571 2073 21
622 2021 681 2072 et
717 2023 934 2072 53217
991 2035 1210 2072 versum
1267 2018 1499 2088 agnovit
1551 2018 1858 2071 Buecheler
1911 2037 2050 2072 mus.
2087 2019 2263 2074 Rhen.

249 2090 324 2144 XI
351 2097 473 2157 512,
502 2088 758 2143 Ribbeck
785 2093 928 2159 trag.
950 2089 1057 2145 inc.
1080 2095 1200 2156 260,
1220 2089 1458 2157 Tyrrell,
1486 2092 1776 2157 tamquam
1797 2088 2077 2143 Ciceronis
2097 2090 2267 2143 verba

249 2161 395 2231 vulg.
443 2163 462 2230 ΙΙ
509 2162 580 2215 P.
603 2160 739 2215 103.
761 2166 828 2214 26
864 2162 1045 2229 reique
1083 2178 1183 2214 scr.
1213 2178 1354 2213 mus.
1375 2160 1551 2214 Rhen.
1576 2166 1712 2213 1898
1750 2178 1802 2229 p.
1827 2166 1946 2227 124,
1982 2161 2193 2230 †dolor
2217 2168 2267 2215 et

250 2232 530 2297 Wesenb.,
560 2231 680 2285 sine
710 2246 870 2285 cruce
889 2232 1035 2285 Boot
1058 2232 1302 2301 probans
1321 2231 1509 2285 Klotzi
1528 2231 1817 2285 inventum
1835 2232 2037 2285 doloris
2055 2234 2265 2302 maym'-

251 2305 398 2371 tudo,
437 2304 591 2356 dolor
616 2309 666 2357 et
691 2304 773 2357 rei
798 2304 1119 2373 maynitudo
1150 2301 1428 2369 Gulielm.,
1455 2302 1665 2369 Baiter,
1694 2303 1848 2357 dolor
1872 2304 1955 2356 rei
1980 2309 2030 2356 et
2056 2304 2266 2372 mayni·

251 2375 385 2429 tudo
421 2372 635 2441 Tyrrell
681 2389 765 2442 ep.
798 2379 863 2426 91
912 2373 1161 2443 Kaysero
1209 2376 1460 2441 auctore,
1506 2375 1661 2427 dolor
1704 2380 1754 2428 et
1796 2374 2116 2444 maynitudo
2152 2374 2269 2427 odii

248 2444 538 2498 Lehmann
582 2443 833 2509 Quaestt.
861 2463 915 2513 p.
940 2450 1003 2497 21
1055 2447 1114 2498 et
1159 2460 1242 2513 ep.
1275 2445 1371 2497 sel.
1402 2444 1428 2496 I
1456 2449 1539 2497 20.
1578 2474 1649 2484 —-
1696 2450 1763 2498 30
1811 2447 1869 2498 et
1906 2450 1972 2497 32
2013 2445 2268 2498 PLEBI

248 2516 466 2582 Baiter,
507 2517 845 2584 plebiscitius
888 2514 1145 2585 plerique
1194 2516 1353 2568 codd.
1410 2546 1479 2555 -·
1535 2520 1603 2568 34
1651 2515 1734 2568 Μ.
1773 2517 1831 2570 Τ.
1860 2515 2049 2584 potius
2097 2532 2268 2582 quam

251 2588 463 2641 MIHI
489 2585 691 2639 Ursino
711 2589 877 2640 auct.
901 2586 1025 2639 edd.
1047 2588 1273 2655 praeter
1299 2585 1768 2656 Wesenbergium
1794 2586 1902 2640 hoc
1932 2586 2013 2638 ‘in
2042 2586 2265 2639 decreto

250 2661 399 2713 stare
455 2657 706 2725 nequire'
768 2657 1072 2711 credentes.
1147 2655 1330 2721 Quid?
1391 2656 1575 2726 magis
1628 2657 1819 2726 potuit
1864 2656 1925 2709 in
1970 2657 2265 2712 sententiis

250 2732 571 2783 senatorum
619 2747 675 2797 p.
709 2733 826 2781 104.
859 2733 962 2782 289
1016 2730 1034 2797 ΙΙ
1087 2728 1158 2782 Ρ.
1189 2726 1327 2783 104.
1358 2733 1390 2780 3
1428 2728 1679 2782 ascendit
1712 2727 2000 2780 Lehmann
2039 2744 2069 2780 e
2107 2728 2264 2783 codd.

247 2799 517 2854 NO²M²s.
585 2799 677 2852 Ad
754 2842 762 2852 .
797 2804 879 2852 81.
914 2804 996 2852 10.
1037 2829 1106 2870 -ss-
1141 2798 1221 2852 Ib.
1251 2800 1480 2853 nmttiat
1516 2799 1819 2867 (nuntiant
1854 2814 2044 2851 omnes
2083 2799 2265 2867 codd.)

247 2873 284 2942 †
301 2874 414 2925 iam
452 2870 670 2936 Baiter,
710 2818 980 2924 IllVesenh.
997 2912 1010 2936 ,
1060 2869 1179 2923 sine
1219 2884 1379 2923 cruce
1417 2868 1653 2938 Tyrrell,
1700 2869 2005 2935 Lehmann,
2042 2871 2269 2925 nuntiat

247 2944 409 2997 inani
435 2941 582 3009 Bos.,
618 2941 779 3007 Boot,
816 2941 1044 2995 nuntiat
1077 2942 1240 2995 inani
1276 2942 1505 2995 clamore
1533 2940 1718 2994 Moser
1753 2956 1939 3011 progr.
1969 2939 2100 2993 Ulm
2128 2945 2264 2993 1841

246 3032 298 3083 p.
331 3020 390 3081 2,
447 3013 673 3067 nuntiat
718 3013 951 3067 insama-3
985 3010 1179 3064 Kahnt
1222 3028 1408 3082 progr.
1438 3011 1591 3064 Zeitz
1631 3016 1768 3064 1844
1805 3028 1859 3080 p.
1891 3017 1949 3077 6,
2000 3011 2268 3065 immania

247 3084 364 3153 alii,
410 3084 594 3138 hianti
638 3082 861 3136 Palmer
904 3080 1193 3136 Hermath.
1228 3087 1366 3136 1885
1403 3099 1457 3151 p.
1492 3086 1613 3149 317,
1651 3082 1895 3148 miranti,
1932 3082 2266 3151 indignamti,

245 3156 606 3211 stomachanti
652 3156 752 3207 aut
798 3154 917 3208 sim.
958 3153 1098 3207 coni.
1138 3170 1279 3207 mus.
1319 3152 1495 3206 Rhen.
1538 3157 1676 3206 1898
1727 3171 1780 3221 p.
1823 3158 1941 3206 124.
1999 3183 2070 3192 —
2125 3157 2156 3205 6
2212 3153 2269 3205 vi

247 3224 490 3293 Coi-rad,
534 3224 811 3291 Wesenb.,
847 3225 1007 3291 Boot,
1044 3223 1351 3290 Lehmann,
1389 3231 1453 3279 ut
1481 3223 1659 3290 codd.,
1696 3223 1906 3291 Baiter,
1934 3222 2167 3290 Tyrrell.
2197 3253 2267 3263 ——

247 3302 275 3349 7
313 3298 525 3365 infimi
561 3296 646 3350 ed.
677 3295 848 3362 Iena,
896 3295 1176 3361 Wesenb.,
1223 3296 1381 3349 Boot.
1419 3325 1492 3337 —-
1528 3300 1560 3349 8
1582 3312 1701 3362 sqq.
1731 3294 1931 3363 interp.
1961 3293 2267 3360 Lehmann,

247 3369 390 3440 vulg.
423 3369 587 3422 extra
622 3366 877 3437 parenth.
942 3365 1034 3419 Ad
1069 3384 1122 3435 p.
1156 3372 1238 3420 16.
1271 3372 1354 3420 14.
1394 3396 1464 3407 -
1499 3365 1578 3419 Ib.
1610 3367 1926 3420 statuebam
1962 3364 2001 3418 I.
2031 3364 2098 3417 Η.
2129 3364 2267 3417 ΜοΠ

246 3440 375 3495 diss.
407 3438 587 3510 Lugd.
612 3437 743 3501 Bet.
777 3442 913 3491 1876
951 3437 1093 3491 thes.
1125 3436 1191 3502 V,
1239 3444 1528 3492 statuerem
1554 3434 1858 3503 Meutzner,
1895 3436 2052 3489 Boot.
2093 3468 2161 3474 -
2201 3440 2267 3488 16

245 3512 373 3583 Ieyis
423 3528 534 3567 esse
569 3508 646 3563 M.
678 3506 916 3577 Seyffert
958 3525 1099 3561 mus.
1130 3508 1306 3561 Rhen.
1339 3507 1442 3561 XV
1476 3525 1533 3577 p.
1565 3512 1699 3574 629,
1745 3507 1914 3573 Boot,
1961 3505 2262 3559 Lehmann.
