2642 3923
363 211 501 278 548
1009 211 1082 265 M.
1120 210 1333 265 TULLI
1373 208 1749 266 oiossaoms

366 354 499 420 Sed
556 354 862 439 quaedam
918 354 1076 417 mihi
1123 353 1377 417 videtur
1425 391 1509 399 --
1558 353 1712 436 quid
1766 353 2018 416 dicam?
2091 352 2397 436 imperite

373 444 473 507 vir
527 443 814 506 omnium
869 442 1406 527 prudentissimus
1452 464 1534 505 an
1582 440 1921 504 ambitiose
1964 441 2218 525 fecisse,
2278 442 2394 524 qui

366 531 883 595 valentissimum
928 529 1284 594 Antonium
1334 530 1652 612 suscipere
1697 550 1814 612 pro
1861 551 1931 592 re
1965 529 2223 612 publica
2258 550 2394 592 non

368 618 686 683 dubitarit
753 619 1100 682 inimicum.
1182 616 1444 703 Nescio,
1508 617 1663 700 quid
1727 617 2002 680 scribam
2056 616 2209 701 tibi,
2261 618 2390 681 nisi

376 729 600 791 unum,
658 707 840 791 pueri
896 711 960 770 et
1015 706 1430 788 cupiditatem
1486 709 1550 769 et
1605 705 1931 769 licentiam
1983 706 2200 788 potius
2251 726 2391 768 esse
2450 733 2476 773 ⁵

376 796 693 860 irritatam
741 817 933 878 quam
977 815 1332 876 repressam
1381 816 1418 857 a
1454 791 1777 878 Cicerone,
1822 796 2203 875 tantumque
2245 815 2394 856 eum

376 883 657 947 tribuere
711 883 860 946 huic
912 882 1375 966 indulgentiae,
1437 885 1511 944 ut
1558 903 1626 944 se
1670 881 2025 945 maledictis
2070 903 2204 944 non
2250 881 2393 944 abs-

378 972 581 1035 tineat
635 971 715 1035 iis
772 971 1046 1056 quidem,
1104 990 1265 1053 quae
1320 970 1388 1033 in
1442 970 1654 1052 ipsum
1699 969 2036 1051 dupliciter
2082 969 2394 1053 recidunt,

382 1059 552 1142 quod
606 1063 671 1124 et
715 1059 930 1143 plures
978 1058 1210 1122 occidit
1253 1080 1381 1121 uno
1431 1079 1624 1140 seque
1668 1059 1847 1140 prius
1895 1061 2150 1139 oportet
2196 1057 2395 1122 fatea-

380 1151 489 1211 tur
526 1148 842 1232 sicarium,
886 1168 1077 1230 quam
1117 1146 1355 1210 obiciat
1392 1144 1643 1229 Cascae,
1689 1145 1862 1228 quod
1900 1145 2114 1227 obicit,
2152 1149 2217 1208 et
2253 1146 2396 1208 imi-
2425 1174 2475 1212 10

381 1240 558 1300 tatur
603 1236 672 1298 in
717 1233 913 1298 Casca
959 1234 1260 1298 Bestiam.
1335 1234 1458 1318 An,
1504 1233 1654 1316 quia
1695 1255 1830 1297 non
1876 1234 2171 1296 omnibus
2209 1232 2393 1296 horis

381 1324 691 1387 iactamus
735 1321 887 1386 Idus
932 1322 1200 1386 Martias
1248 1322 1563 1405 similiter,
1609 1325 1801 1404 atque
1846 1320 1955 1385 ille
2000 1319 2223 1385 Nonas
2273 1320 2394 1385 De-

381 1410 663 1475 cembres
709 1432 857 1474 suas
903 1410 971 1473 in
1017 1432 1127 1474 ore
1170 1410 1394 1495 habet,
1448 1431 1521 1473 eo
1567 1409 1829 1473 meliore
1877 1409 2247 1474 condicione
2293 1408 2397 1473 Ci-

383 1521 526 1563 cero
581 1498 1077 1582 pulcherrimum
1136 1499 1378 1562 factum
1441 1497 1861 1580 vituperabit,
1926 1519 2117 1580 quam
2171 1497 2397 1561 Bestia

383 1591 447 1651 et
493 1585 755 1651 Clodius
801 1586 1257 1670 reprehendere
1303 1587 1478 1649 illius
1526 1586 1925 1649 consulatum
1976 1585 2154 1649 soliti
2197 1587 2396 1650 sunt?
2425 1614 2474 1652 15

315 1694 346 1742 2
386 1674 783 1739 Sustinuisse
837 1674 995 1737 mihi
1042 1674 1358 1759 gloriatur
1404 1673 1644 1737 bellum
1689 1672 1935 1737 Antoni
1979 1678 2247 1758 togatus
2295 1672 2398 1739 Ci-

385 1784 528 1827 cero
571 1764 817 1827 noster!
881 1761 1043 1837 Quid
1089 1762 1211 1825 hoc
1253 1762 1409 1825 mihi
1450 1762 1730 1847 prodest,
1777 1761 1832 1825 si
1868 1782 2108 1825 merces
2147 1760 2396 1826 Antoni

387 1852 675 1935 oppressi
738 1851 1023 1933 poscitur
1085 1851 1155 1913 in
1217 1849 1462 1914 Antoni
1526 1850 1737 1913 locum
1802 1850 2146 1934 successio,
2212 1854 2278 1914 et
2341 1851 2394 1915 si

384 1940 616 2004 vindex
655 1939 829 2003 illius
867 1938 1020 2003 mali
1059 1942 1279 2002 auctor
1319 1938 1568 2002 exstitit
1606 1937 1868 2002 alterius
1906 1938 2389 2003 fundamentum

387 2033 452 2093 et
496 2028 736 2092 radices
781 2027 1066 2092 habituri
1112 2026 1394 2110 altioreS,
1439 2027 1495 2090 si
1540 2026 1902 2109 patiamur?
1962 2030 2036 2089 ut
2081 2027 2215 2090 iam
2252 2029 2390 2109 ista,
2418 2051 2467 2088 20

388 2137 549 2200 quae
592 2116 765 2201 facit,
809 2115 1307 2180 dominationem
1355 2137 1435 2178 an
1482 2115 1811 2178 dominum
1860 2115 1970 2198 [an
2005 2112 2392 2198 Antonium]

386 2204 676 2269 timentis
724 2204 869 2267 sint.
944 2203 1088 2287 Ego
1136 2207 1346 2266 autem
1389 2203 1660 2286 gratiam
1699 2223 1829 2265 non
1864 2201 2092 2287 habeo,
2139 2203 2191 2266 si
2235 2204 2402 2290 quiS,

386 2293 537 2356 dum
606 2313 688 2356 ne
760 2291 925 2355 irato
999 2291 1259 2374 serviat,
1325 2312 1459 2354 rem
1533 2291 1738 2373 ipsam
1810 2311 1941 2353 non
2004 2290 2399 2374 deprecatur.

378 2379 591 2444 ‘Immo
657 2379 1022 2463 triumphus
1083 2383 1147 2442 et
1202 2379 1590 2462 stipendium
1645 2382 1709 2442 et
1765 2378 2064 2451 omnibus
2126 2379 2401 2443 decretis

387 2468 670 2532 hortatio
680 2519 698 2552 ,
751 2490 832 2530 ne
878 2467 1012 2531 eius
1059 2467 1293 2550 pudeat
1339 2466 1780 2549 concupiscere
1825 2468 2167 2550 fortunam,
2210 2467 2399 2531 cuius
2430 2495 2484 2534 25

319 2574 350 2622 3
386 2578 622 2620 nomen
665 2556 1031 2640 susceperit,
1075 2554 1426 2619 consularis
1470 2558 1581 2618 aut
1618 2552 1943 2618 Ciceronis
1982 2556 2122 2619 est?
2184 2553 2401 2629 Quon-

387 2645 516 2708 iam
570 2643 729 2707 mihi
783 2647 992 2707 tacere
1043 2665 1175 2707 non
1226 2643 1437 2726 licuit,
1492 2643 1664 2727 leges
1673 2695 1690 2726 ,
1747 2664 1909 2725 quae
1962 2642 2086 2706 tibi
2144 2664 2405 2708 necesse

391 2736 488 2796 est
550 2732 823 2797 molesta
885 2753 1037 2796 esse.
1137 2729 1401 2795 Etenim
1464 2731 1602 2815 ipse
1657 2730 1862 2794 sentio
1872 2782 1889 2814 ,
1954 2734 2194 2813 quanto
2254 2754 2403 2795 cum

390 2821 608 2884 dolore
651 2820 808 2884 haec
853 2819 931 2883 ad
975 2823 1041 2883 te
1087 2819 1470 2904 scripserim,
1513 2840 1629 2882 nec
1674 2819 1921 2903 ignom,
1968 2819 2123 2902 quid
2161 2821 2407 2884 sentias

388 2910 455 2972 in
502 2929 570 2971 re
614 2908 887 2991 publica,
933 2911 999 2972 et
1044 2929 1236 2990 quam
1282 2907 1681 2990 desperatam
1728 2929 1982 2990 quoque
2027 2908 2242 2971 sanari
2288 2931 2408 2991 pu-
2438 2936 2494 2974 30

391 3002 488 3060 tes
532 3017 736 3080 posse.
819 2994 954 3060 Nec
998 2995 1356 3060 mehercule
1390 3000 1474 3079 te,
1517 2994 1750 3077 Attice,
1794 2994 2205 3079 reprehendo,
2283 2996 2410 3059 Ae-

390 3090 491 3149 tas
539 3084 723 3168 enim,
768 3106 998 3168 mores,
1042 3084 1229 3147 liberi
1277 3104 1534 3167 segnem
1575 3083 1885 3166 efficiunt3
1932 3084 2101 3166 quod
2141 3084 2409 3166 quidem

322 3192 354 3238 4
393 3173 583 3236 etiam
635 3195 710 3236 ex
759 3171 978 3236 Flavio
1025 3175 1248 3236 nostro
1293 3171 1604 3254 perspexi.
1698 3170 1821 3235 Sed
1865 3172 2053 3234 redeo
2101 3172 2179 3233 ad
2228 3170 2408 3236 Cice-

389 3282 624 3324 ronem.
699 3259 863 3335 Quid
899 3261 1066 3323 inter
1105 3258 1540 3323 Salvidienum
1577 3263 1641 3323 et
1678 3281 1821 3323 eum
1857 3259 2167 3323 interest?
2236 3258 2413 3335 Quid

390 3353 602 3412 autem
649 3348 921 3430 amplius
960 3347 1068 3410 ille
1104 3347 1511 3411 decerneret?
1577 3347 1853 3431 ‘Timet’,
1897 3347 2131 3431 inquis,
2180 3348 2413 3412 ‘etiam
2444 3374 2498 3414 35

386 3457 556 3498 nunc
601 3435 904 3518 reliquias
952 3435 1104 3499 belli
1151 3435 1397 3499 civilis?
1482 3435 1831 3518 Quisquam
1878 3456 2029 3519 ergo
2076 3435 2169 3498 ita
2214 3436 2412 3500 timet

388 3522 828 3608 profligatum,
881 3526 955 3586 ut
1006 3544 1212 3606 neque
1265 3525 1621 3606 potentiam
1678 3523 1812 3586 eius
1822 3573 1840 3605 ,
1896 3524 2003 3607 qui
2052 3523 2415 3588 exercitum
