2642 3923
350 198 479 263 302
988 197 1060 251 M.
1101 197 1316 252 TULLI
1352 190 1728 253 CICERONIS

349 342 472 406 lari
528 338 910 425 Siciliaeque
974 341 1297 426 diffidens,
1363 341 1420 405 si
1473 339 1829 423 Pompeius
1873 340 2176 423 navigare
2230 360 2365 403 coc

215 499 218 506 ,
350 432 568 513 pisset

485 516 796 594 Quintum
863 539 1136 601 puerum
1204 518 1416 601 accepi
1483 515 1906 581 vehementer.
2006 516 2367 580 Avaritiam

353 606 536 670 video
591 606 792 671 fuisse
846 611 912 670 et
968 628 1144 689 spem
1199 605 1419 690 magni
1473 604 1798 689 congiarii.
1890 603 2201 689 Magnum
2244 605 2367 667 hoc

353 695 593 759 malum
641 700 767 778 est,
823 695 931 759 sed
978 694 1183 759 scelus
1230 693 1418 777 illud,
1473 693 1646 775 quod
1691 692 2133 775 timueramus,
2181 714 2413 775 spero
2426 720 2455 760 5

353 783 605 847 nullum
653 782 868 848 fuisse.
958 781 1101 847 Hoc
1148 787 1361 846 autem
1407 781 1640 845 vitium
1685 784 1844 864 puto
1890 786 1956 845 te
2002 782 2370 846 existimare

354 893 488 936 non
549 892 593 936 a
652 876 878 935 nostra
940 870 1371 956 indulgentia,
1435 869 1544 933 sed
1607 891 1645 932 a
1700 874 1933 933 natura
1995 870 2369 952 profectum.

358 959 561 1035 Quem
603 964 821 1023 tamen
863 981 983 1023 nos
1031 958 1370 1041 disciplina
1413 978 1722 1041 regemus.

488 1045 586 1111 De
624 1046 849 1131 Oppiis
887 1046 1295 1111 Veliensibus
1335 1046 1491 1129 quid
1527 1046 1792 1129 placeat,
1837 1067 1982 1109 cum
2018 1044 2370 1109 Philotimo

356 1136 618 1200 videbis.
693 1135 964 1218 Epirum
1009 1139 1300 1199 nostram
1346 1134 1740 1220 putabimuS,
1787 1133 1899 1198 sed
1945 1133 2107 1196 alios
2147 1154 2370 1197 cursus
2400 1161 2457 1201 10

358 1223 731 1289 videbamur
774 1223 1080 1288 habituri.

1274 1396 1453 1463 VIII.

676 1519 788 1576 Ser.
817 1522 881 1574 in
919 1519 1165 1575 Cumano
1212 1520 1301 1575 VI
1330 1519 1477 1574 Non.
1509 1519 1653 1574 Mai.
1684 1536 1736 1573 a.
1769 1522 1879 1574 705
1916 1522 2055 1587 (49).

996 1641 1253 1698 CICERO
1290 1640 1553 1697 ATTICO
1593 1642 1740 1696 SAL.

491 1751 582 1816 Et
622 1773 722 1816 res
759 1751 902 1835 ipsa
936 1751 1258 1835 monebat,
1303 1755 1369 1816 et
1405 1755 1480 1815 tu
1515 1750 1901 1835 ostenderas,
1947 1755 2012 1815 et
2049 1772 2169 1836 ego
2204 1751 2376 1816 vide-
2402 1779 2459 1821 15

359 1841 509 1905 bam
572 1840 649 1904 de
711 1839 792 1904 iis
854 1840 1075 1923 rebus,
1138 1861 1297 1923 quas
1353 1839 1649 1923 intercipi
1702 1839 2134 1923 periculosum
2188 1845 2377 1924 esset,

361 1930 554 1994 finem
598 1928 765 1995 inter
809 1949 929 1994 nos
976 1927 1295 1993 scribendi
1341 1927 1483 1992 fieri
1517 1932 1774 2012 tempus
1814 1949 1966 1993 esse.
2042 1925 2183 2013 Sed,
2229 1950 2374 1994 cum

364 2019 443 2083 ad
494 2040 598 2082 me
654 2039 839 2100 saepe
893 2039 1037 2081 mea
1081 2016 1295 2081 Tullia
1349 2017 1591 2081 scribat
1646 2038 1867 2103 orans,
1929 2021 2031 2101 ut,
2095 2017 2251 2100 quid
2306 2019 2374 2081 in

361 2106 677 2190 Hispania
714 2110 991 2190 geratur,
1037 2110 1415 2189 exspectem,
1460 2110 1525 2170 et
1564 2127 1814 2189 semper
1851 2104 2169 2170 adscribat
2206 2106 2375 2170 idem

361 2195 563 2259 videri
607 2193 749 2279 tibi,
804 2193 997 2277 idque
1039 2193 1177 2277 ipse
1223 2193 1419 2258 etiam
1464 2215 1541 2257 ex
1587 2194 1719 2257 tuis
1762 2193 2001 2257 litteris
2049 2194 2374 2258 intellexe-
2403 2223 2458 2262 20

361 2284 512 2367 rim,
563 2304 698 2347 non
740 2286 901 2365 puto
946 2303 1083 2346 esse
1129 2281 1410 2346 alienum
1453 2303 1556 2345 me
1602 2281 1682 2345 ad
1727 2286 1810 2366 te,
1865 2282 2021 2365 quid
2066 2282 2143 2346 de
2187 2304 2263 2346 ea
2306 2303 2375 2347 re

365 2371 656 2455 sentiam,
701 2370 990 2435 scribere.

496 2457 851 2524 Consilium
897 2458 1073 2522 istud
1117 2462 1273 2523 tunc
1315 2462 1486 2522 esset
1532 2457 1836 2543 prudens,
1894 2463 1968 2522 ut
2003 2458 2163 2522 mihi
2209 2458 2375 2523 vide·

363 2554 497 2632 tur,
561 2547 617 2612 si
680 2551 935 2611 nostras
990 2546 1272 2611 rationes
1333 2546 1414 2611 ad
1466 2546 1955 2630 Hispaniensem
2009 2568 2225 2611 casum
2280 2569 2376 2611 ac-

364 2635 830 2703 commodaturi
893 2656 1201 2720 essemus3
1266 2634 1437 2718 (111οᾶ
1500 2634 1639 2699 fieri
1701 2634 1740 2676 '¹‘
1788 2634 1841 2699 ³¹².
1940 2632 2215 2700 Necesse
2279 2640 2375 2700 est
2402 2663 2455 2703 25

364 2725 533 2790 enim
579 2728 716 2809 aut,
771 2723 838 2787 id
884 2723 1056 2807 quod
1100 2723 1377 2787 maxime
1421 2723 1642 2808 velim,
1686 2686 1841 2807 pelli
1886 2723 2085 2788 istum
2133 2724 2213 2788 ab
2259 2722 2373 2787 Hi-

366 2813 588 2897 spania
651 2816 765 2877 aut
828 2812 1001 2876 trahi
1063 2811 1130 2875 id
1189 2812 1432 2876 bellum
1487 2816 1599 2876 aut
1652 2811 1879 2896 istum,
1931 2816 2006 2876 ut
2061 2812 2374 2877 confidere

364 2902 643 2986 videtur,
697 2900 1168 2984 apprehendere
1227 2898 1594 2984 Hispanias.
1696 2897 1766 2965 Si
1818 2900 2119 2985 pelletur,
2183 2923 2375 2984 quam

366 2994 588 3077 gratus
662 2993 774 3054 aut
838 3011 1031 3073 quam
1092 2989 1404 3053 honestus
1467 2993 1607 3052 tum
1669 2989 1794 3053 erit
1856 2988 1937 3053 ad
1997 2987 2376 3073 Pompeium

365 3084 585 3144 noster
630 3079 965 3163 adventus,
1019 3099 1162 3141 cum
1209 3077 1423 3160 ipsum
1469 3073 1812 3141 Curionem
1855 3065 1936 3141 ad
1981 3100 2126 3142 eum
2170 3082 2374 3141 trans·
2403 3103 2456 3144 ω

367 3169 609 3232 iturum
672 3167 937 3250 putem?
1012 3163 1081 3231 Si
1140 3166 1421 3230 trahitur
1475 3165 1741 3250 bellum,
1806 3164 1962 3267 quid
2015 3170 2374 3267 exspectem

366 3260 478 3320 aut
532 3276 725 3356 quam
778 3254 931 3318 diu?
1003 3253 1443 3338 Relinquitur,
1507 3257 1609 3337 ut,
1661 3254 1717 3318 si
1770 3254 2085 3338 vincimur
2139 3254 2209 3318 in
2260 3253 2376 3318 Hi—

368 3343 607 3426 spania,
653 3341 1067 3442 quiescamus.
1148 3340 1221 3406 Id
1267 3363 1388 3427 ego
1435 3304 1659 3407 contia
1701 3346 1879 3426 puto,
1951 3340 2159 3406 Istum
2205 3342 2375 3406 enim

365 3431 672 3493 victorem
733 3429 941 3513 magis
987 3430 1492 3531 ‘relinquendum
1555 3435 1715 3514 puto
1771 3451 1963 3531 quam
2017 3430 2257 3496 victum
2312 3434 2378 3495 et

365 3516 767 3581 dubitantem
831 3517 1038 3601 magis
1103 3540 1295 3601 quam
1350 3519 1655 3583 fidentem
1710 3519 1844 3583 suis
1896 3517 2105 3591 rebus,
2204 3516 2376 3583 Nam
2404 3544 2459 3587 ss
