2642 3923
327 211 457 275 232
964 214 1037 270 Μ.
1076 215 1289 269 TULLI
1325 214 1702 271 CICERONIS

323 377 439 420 nec
490 355 849 422 mehercule
902 358 1127 442 istum,
1182 364 1446 444 propter
1506 381 1696 442 quem
1751 359 1912 424 mihi
1967 381 2100 425 non
2144 360 2337 426 modo

324 444 503 530 meis,
547 445 657 508 sed
701 451 936 511 memet
980 448 1123 530 ipso
1170 448 1510 512 carendum
1557 451 1670 511 est.

255 547 286 595 3
457 531 560 596 Ad
603 533 1023 599 Philotimum
1081 536 1308 619 scripsi
1365 535 1441 599 de
1496 535 1731 600 viatico
1789 537 1924 601 sive
1979 559 2016 599 a
2069 536 2335 602 Moneta

325 616 541 706 (nemo
588 621 756 686 enim
802 622 1024 705 solvit)
1073 624 1207 688 sive
1252 625 1333 687 ab
1381 622 1634 710 Oppiis,
1686 624 1818 688 tuis
1865 626 2339 690 contubernali-

325 707 464 773 11118.
555 707 783 774 Cetera
827 712 1124 795 apposita
1166 711 1291 775 tibi
1339 712 1673 776 mandabo,
2394 740 2422 780 5

1243 886 1421 952 VIII.

637 1008 752 1064 Sor.
782 1008 847 1062 in
885 1006 1186 1063 Formiano
1235 1009 1324 1064 VI
1352 1009 1426 1063 K.
1458 1010 1627 1064 Mart.
1659 1028 1710 1064 a.
1742 1013 1851 1065 705
1891 1013 2029 1079 (49).

964 1129 1220 1186 CICERO
1254 1130 1516 1187 ATTICO
1556 1131 1703 1186 SAL.

259 1253 287 1301 1
461 1236 515 1302 O
560 1260 696 1303 rem
740 1243 994 1323 turpem
1039 1243 1104 1304 et
1148 1262 1222 1304 ea
1258 1262 1327 1304 re
1362 1241 1689 1305 miseram!
1764 1238 1870 1305 Sic
1906 1242 2076 1307 enim
2113 1245 2340 1328 senti0,

328 1327 394 1391 id
448 1328 701 1391 demum
757 1332 868 1391 aut
921 1329 1138 1411 potius
1201 1328 1269 1392 id
1310 1329 1535 1392 ⁴solum
1590 1350 1725 1392 esse
1770 1330 2101 1415 miserum,
2168 1333 2339 1415 quod
2369 1357 2423 1398 ιο

328 1418 517 1498 turpe
562 1415 664 1479 sit.
756 1415 1024 1479 Aluerat
1070 1414 1431 1501 Caesarem3
1497 1417 1764 1481 eundem
1809 1423 2070 1502 repente
2115 1420 2341 1484 timere

329 1508 643 1590 coeperat,
694 1504 1127 1568 condicionem
1172 1506 1347 1588 pacis
1391 1506 1637 1595 nullam
1682 1505 2008 1592 probarat,
2053 1507 2220 1571 nihil
2257 1509 2338 1572 ad

330 1592 572 1656 bellum
624 1596 905 1676 pararat,
966 1593 1190 1657 urbem
1247 1594 1622 1678 reliquerat,
1679 1592 1983 1658 Picenum
2039 1596 2340 1661 amiserat

332 1680 542 1763 culpa,
596 1680 666 1744 in
721 1679 1025 1763 Apuliam
1079 1703 1147 1745 se
1200 1685 1633 1767 compegerat,
1685 1682 1823 1746 ibat
1877 1684 1946 1747 in
1993 1681 2341 1770 Graeciam,

333 1789 553 1833 omnes
614 1789 734 1832 nos
798 1768 1382 1854 ἀπροςφωνήτους,
1446 1774 1735 1852 expertes
1793 1771 1894 1835 sui
1948 1772 2144 1858 tanti,
2206 1777 2340 1837 tam
2370 1798 2423 1839 15

262 1871 292 1918 2
331 1855 626 1921 inusitati
671 1857 922 1920 consilii
967 1858 1386 1941 relinquebat.
1460 1857 1623 1922 Ecce
1670 1859 1886 1924 subito
1922 1859 2177 1925 litterae
2214 1861 2342 1925 Do-

331 1945 476 2010 miti
523 1945 602 2009 ad
646 1944 847 2029 illum,
893 1945 1094 2030 ipsius
1142 1947 1220 2010 ad
1265 1947 1575 2012 consules.
1648 1945 1933 2013 Fulsisse
1979 1949 2139 2013 1111111
2175 1950 2344 2015 vide—

330 2035 522 2098 batur
579 2036 653 2100 τὸ
709 2036 914 2099 καλὸν
957 2036 1036 2099 ad
1082 2035 1299 2099 oculos
1348 2036 1484 2100 eius
1532 2039 1597 2099 et
1642 2037 2027 2101 exclamasse
2072 2039 2182 2102 1118
2226 2040 2344 2124 vir,

332 2122 443 2208 qui
490 2144 627 2188 8888
674 2122 921 2186 debuit:

596 2246 805 2331 ‘11pr
847 2244 1038 2310 ταῦθ’
1089 2245 1125 2310 ὅ
1171 2270 1235 2311 τι
1281 2248 1427 2332 χρή,
1473 2245 1581 2311 καὶ
1625 2250 2087 2333 παλαμάσθων
2144 2316 2146 2319 Α
2373 2277 2427 2316 20

592 2331 701 2398 καὶ
746 2331 926 2398 πάντ’
981 2331 1072 2399 ἐπί
1126 2332 1267 2419 ἐμοὶ
1313 2334 1821 2401 τεκταινέσθων·

594 2423 668 2487 τὸ
714 2422 839 2508 γὰρ
886 2416 960 2487 εὖ
1005 2419 1131 2507 μετ’
1188 2422 1389 2507 ἐμοῦ.’

327 2563 419 2628 At
455 2563 564 2628 ille
599 2562 723 2627 tibi
757 2565 970 2628 πολλὰ
1006 2568 1264 2649 χαίρειν
1294 2572 1386 2651 τῷ
1422 2569 1601 2651 καλῷ
1640 2565 1852 2630 dicens
1890 2568 2103 2652 pergit
2139 2568 2343 2633 Brun—

329 2652 578 2716 disium.
669 2650 1027 2716 DomItium
1073 2656 1288 2716 autem
1335 2652 1517 2716 aiunt
1560 2674 1629 2716 re
1675 2654 1892 2718 audita
1938 2659 2002 2719 et
2050 2678 2175 2740 808,
2231 2658 2343 2741 qui

328 2762 456 2804 una
510 2744 752 2825 essent,
816 2760 884 2803 88
937 2740 1289 2803 tradidisse.
1383 2738 1436 2803 Ο
1492 2762 1628 2806 18111
1679 2741 2043 2827 lugubrem!
2116 2742 2344 2829 Itaque
2372 2770 2424 2811 25

328 2829 720 2893 intercludor
784 2827 1027 2913 dolore,
1092 2849 1217 2912 quo
1281 2829 1492 2893 minus
1555 2830 1635 2894 ad
1686 2834 1752 2895 te
1811 2831 1996 2915 plura
2053 2833 2343 2898 scribam.

330 2916 499 2981 Tuas
546 2917 796 2981 litteras
844 2920 1159 2999 exspecto,

1283 3091 1393 3157 IX.

659 3211 771 3267 Ser.
801 3214 865 3266 in
904 3211 1204 3267 Formiano
1251 3213 1305 3268 V
1334 3213 1407 3268 K.
1441 3214 1614 3269 Mart.
1645 3232 1695 3268 a.
1730 3218 1838 3270 705
1877 3218 2012 3285 (49).

936 3334 1223 3390 CICERO
1261 3337 1548 3391 ATTICO
1586 3337 1749 3393 SAL.
2373 3353 2427 3393 ao

263 3454 289 3501 1
463 3439 831 3521 Epistulam
893 3463 1098 3505 meam
1164 3444 1334 3527 quod
1405 3447 1847 3532 pervulgatam
1906 3448 2132 3513 scribis
2187 3470 2344 3535 esse,

328 3546 461 3588 non
508 3526 640 3589 fero
686 3528 980 3612 moleste,
1038 3531 1191 3612 quin
1239 3532 1434 3595 etiam
1478 3534 1617 3618 ipse
1664 3535 1884 3599 multis
1931 3535 2072 3600 dedi
2118 3537 2344 3602 descri-
