2642 3923
684 239 1039 294 EPISTULA
1074 238 1174 292 AD
1213 237 1698 293 OCTAVIANUM
1737 242 1890 290 2-7.
2160 234 2291 299 563

281 403 474 465 quam
522 404 828 466 sperares,
872 381 1106 446 detulit
1153 382 1462 446 senatus?
1533 380 1729 445 Dedit
1773 381 1993 463 fasces,
2037 383 2111 442 ut
2147 400 2293 443 cum

282 471 666 535 auctoritate
710 471 1105 535 defensorem
1149 469 1437 551 haberet,
1480 490 1613 534 non
1657 473 1731 532 ut
1776 469 2045 551 imperio
2085 489 2153 530 se
2188 467 2293 529 ad-

279 580 534 623 versum
581 563 884 643 armaret3
929 558 1275 642 appellavit
1310 558 1761 641 imperatorem
1797 556 2083 621 hostium
2119 577 2291 618 exer-

282 646 416 710 citu
460 647 648 730 pulso
695 647 986 710 tribuens
1030 645 1359 730 honorem,
1404 666 1536 709 non
1578 649 1653 709 ut
1700 667 1816 709 sua
1851 645 2036 709 caede
2071 664 2291 707 caesus

226 762 252 802 5
279 735 391 798 ille
426 735 680 819 fugiens
715 735 1032 799 exercitus
1071 738 1137 799 te
1172 735 1389 798 nomin
1398 738 1532 798 aret
1566 735 2044 818 imperatorem3
2087 732 2291 796 decre-

280 823 377 887 vit
421 823 492 886 in
534 823 678 888 foro
724 827 1022 905 statuam,
1064 822 1279 886 locum
1323 824 1394 886 in
1438 826 1684 907 senatu,
1729 843 2047 885 summum
2093 819 2291 884 liono-

281 933 417 975 rem
462 915 611 976 ante
654 916 922 994 tempus,
998 910 1069 975 Si
1114 911 1269 994 quid
1315 910 1487 974 aliud
1524 914 1643 995 est,
1687 910 1858 993 quod
1893 910 2030 973 dari
2065 909 2291 993 possit,
2329 925 2358 971 5

282 1000 484 1063 addet.
557 997 724 1075 Quid
768 999 943 1063 aliud
988 1003 1086 1062 est
1130 1000 1358 1084 11101110,
1403 998 1576 1082 (111οᾱ
1617 998 1777 1062 velis
1824 997 2114 1063 sumere?
2179 994 2296 1060 Sin

144 1164 149 1168 ,
282 1092 505 1151 autem
577 1109 773 1172 supra
841 1091 1116 1152 aetatem
1131 1138 1149 1172 ,
1223 1109 1418 1170 supra
1478 1086 2029 1172 consuetudinem,
2101 1107 2295 1167 supra

196 1203 256 1243 ιο
282 1176 477 1240 etiam
522 1176 983 1240 mortalitatem
1028 1180 1208 1239 tuam
1253 1175 1379 1238 tibi
1422 1179 1577 1238 sunt
1622 1174 1837 1238 omnia
1871 1174 2137 1254 tributa,
2180 1194 2294 1236 cur

283 1269 395 1328 aut
448 1267 523 1328 ut
577 1264 900 1349 ingratum
958 1263 1301 1328 crudeliter
1355 1267 1468 1328 aut
1513 1267 1587 1326 ut
1630 1263 2064 1327 immemorem
2109 1261 2294 1326 bene·

280 1353 411 1416 ficii
460 1353 559 1416 tui
597 1353 900 1417 scelerate
935 1350 1405 1415 circumscribis
1443 1351 1779 1415 senatum?
1842 1349 1980 1425 Quo
2017 1355 2084 1415 te
2118 1350 2293 1414 misi-

281 1441 474 1504 mus?
547 1463 586 1504 a
630 1440 864 1523 quibus
908 1439 1289 1504 reverteris?
1371 1437 1615 1504 Contra
1660 1460 1821 1523 quos
1866 1439 2293 1503 armavimus?

284 1529 520 1612 quibus
566 1550 745 1592 arma
787 1527 1034 1612 cogitas
1077 1527 1355 1592 inferre?
1417 1526 1477 1592 A
1515 1527 1750 1610 quibus
1794 1528 2144 1591 exercitum
2187 1527 2295 1589 ab·

201 1644 255 1684 15
284 1616 503 1681 ducis?
571 1637 732 1699 quos
778 1616 1076 1680 adversus
1119 1616 1316 1680 aciem
1363 1615 1605 1679 struis?
1678 1613 1808 1679 Cur
1851 1615 2062 1679 hostis
2105 1614 2295 1679 relin-

284 1704 533 1790 quitur,
594 1704 752 1768 civis
813 1702 1020 1768 hostis
1080 1704 1223 1768 loco
1277 1703 1566 1787 petitur?
1637 1701 1770 1768 Gur
1820 1708 2030 1767 castra
2082 1703 2293 1767 medio

281 1794 513 1858 itinere
581 1792 840 1877 longius
910 1793 989 1857 ab
1052 1791 1560 1856 adversariorum
1624 1791 1853 1855 castris
1898 1796 1964 1855 et
2026 1792 2292 1875 propius

282 1881 508 1945 urbem
561 1881 943 1945 moventur?
1016 1878 1070 1944 Ο
1127 1902 1231 1944 1110
1278 1902 1630 1965 numquam
1674 1880 2027 1964 sapientem
2073 1883 2138 1944 et
2184 1879 2292 1943 ali·
2348 1915 2359 1941 ›

285 1969 539 2054 quando
575 1970 660 2052 id,
697 1969 871 2053 quod
903 1991 1037 2033 non
1073 1990 1264 2055 eram,
1289 1970 1533 2033 frustra
1568 1970 2029 2034 existimatum!
2085 1968 2292 2045 Quan-

202 2086 258 2125 00
283 2063 428 2122 tum
488 2061 581 2143 te,
642 2058 883 2142 popule
942 2056 1258 2141 Romane,
1320 2057 1398 2121 de
1459 2080 1562 2122 me
1625 2058 1857 2122 fefellit
1918 2057 2162 2141 opinio!
2236 2055 2290 2121 Ο

286 2167 494 2210 11100111
537 2145 974 2210 calamitosam
1021 2167 1094 2210 ac
1136 2146 1548 2229 praecipitem
1594 2148 2011 2210 senectutem!
2076 2168 2114 2209 o
2160 2150 2293 2210 tur-

286 2256 433 2317 pem
487 2237 706 2297 exacta
759 2234 1161 2317 clementique
1218 2238 1428 2297 aetate
1483 2234 1804 2298 canitiem!
1877 2234 2022 2319 Ego
2076 2239 2291 2317 patres

285 2322 680 2406 conscriptos
736 2322 812 2385 ad
865 2322 1276 2405 parricidium
1320 2322 1570 2405 induxi,
1627 2344 1747 2407 ego
1792 2343 1928 2385 rem
1973 2322 2293 2406 publicam

285 2410 515 2494 fefelli,
570 2432 603 2473 e
653 2433 690 2474 0
749 2412 961 2494 ipsum
1015 2413 1305 2475 senatum
1363 2410 1491 2474 sibi
1533 2431 1761 2474 manus
1806 2410 2053 2475 adferre
2096 2412 2294 2495 coegi,

203 2525 259 2565 25
287 2521 432 2563 cum
485 2502 553 2562 te
630 2499 941 2563 unonium
997 2520 1269 2582 puerum
1312 2503 1379 2563 et
1422 2499 1650 2562 matris
1694 2502 1843 2562 tuae
1885 2503 2143 2582 partum
2190 2522 2293 2562 au-

284 2609 465 2651 reum
527 2608 666 2650 esse
713 2586 860 2650 dixi.
951 2585 1043 2650 At
1087 2590 1153 2650 te
1197 2587 1332 2650 fata
1374 2587 1622 2670 patriae
1664 2586 1961 2650 Paridem
2005 2587 2293 2651 futurum

284 2675 753 2760 praedicebant,
779 2674 890 2759 qui
917 2680 1202 2739 vastares
1238 2675 1463 2739 urbem
1488 2674 1798 2758 incendic,
1823 2673 2075 2739 Italiam
2103 2675 2295 2761 bello,

288 2764 397 2847 (1111
454 2767 666 2827 castra
716 2763 788 2826 in
839 2763 1096 2846 templis
1143 2762 1410 2827 deorum
1456 2762 1944 2849 immortalium,
2004 2768 2294 2828 senatum

285 2852 356 2915 in
399 2851 627 2915 castris
669 2849 1009 2915 habiturus
1045 2872 1234 2916 esses.
1316 2849 1371 2914 Ο
1408 2851 1707 2915 miseram
1744 2856 1809 2916 et
1843 2852 1914 2915 in
1945 2851 2127 2916 brevi
2160 2857 2294 2917 tam

205 2965 262 3005 zo
287 2939 555 3004 celerem
608 2943 674 3004 et
726 2943 861 3002 tam
913 2939 1156 3003 variam
1208 2939 1303 3003 rei
1355 2940 1651 3023 publicae
1703 2941 2292 3006 commutationem!

288 3025 590 3103 Quisnam
644 3027 763 3090 tali
807 3028 1063 3091 futurus
1108 3027 1367 3111 ingenio
1414 3032 1538 3109 est,
1595 3028 1705 3112 qui
1749 3029 1958 3111 possit
2000 3027 2158 3092 haec
2200 3030 2295 3093 ita

287 3116 589 3183 mandare
639 3115 908 3200 litteriS,
960 3120 1035 3179 ut
1089 3115 1282 3199 facta,
1337 3138 1471 3181 non
1522 3117 1672 3180 ficta
1725 3116 2061 3180 videantur
2108 3138 2245 3182 esse
2260 3119 2293 3182 *Ρ

288 3204 434 3287 (11110
493 3204 617 3267 erit
667 3208 852 3268 tanta
904 3204 1102 3267 animi
1152 3203 1490 3290 facilitate,
1554 3205 1692 3289 qui,
1751 3226 1913 3287 quae
1965 3205 2295 3269 verissime

286 3292 598 3357 memoria
640 3296 995 3376 propagata
1036 3293 1297 3376 fuerint,
1341 3314 1473 3357 non
1507 3291 1761 3356 fabulae
1798 3293 2032 3356 similia
2068 3293 2155 3356 sit
2192 3316 2293 3358 ex-

206 3405 260 3447 35
287 3380 737 3445 istimaturus?
782 3377 1016 3465 Cogita
1053 3380 1221 3444 enim
1242 3380 1599 3445 Antonium
1635 3378 1889 3445 hostem
1924 3380 2292 3466 iudicatum,

287 3469 370 3533 ab
425 3490 501 3532 eo
554 3468 1038 3532 circumsessum
1083 3468 1409 3533 consulem
1453 3468 1855 3552 designatum
1900 3469 2294 3552 eundemque

286 3557 383 3621 rei
426 3556 719 3640 publicae
762 3561 1109 3642 parentem,
1150 3560 1217 3620 te
1261 3557 1621 3639 profectum
1666 3556 1745 3620 ad
1780 3556 2105 3620 consulem
2138 3557 2287 3621 libe-

1869 3658 1976 3712 36*
