2642 3923
644 209 1153 265 EPISTULARUM
1190 210 1289 264 AD
1329 210 1634 265 BRUTUM
1671 211 1722 263 II
1761 216 1912 264 1—3.
2148 211 2278 275 555

258 355 384 419 tuli
429 354 525 418 rei
570 353 866 437 publicae
912 375 1120 437 causa,
1173 374 1255 416 ne
1300 352 1516 417 darem
1561 352 1828 437 perditis
1876 353 2122 418 civibus
2166 353 2279 418 ho-

259 443 499 506 minem
554 464 782 524 parum
833 463 1060 505 sanum
1106 440 1289 504 illum
1340 441 1623 525 quidem,
1681 442 1789 504 sed
1835 445 2053 505 tamen
2097 442 2279 506 nobi-

258 530 405 615 lem,
452 552 579 614 quo
628 534 1094 613 concurrerent,
1142 530 1312 613 quod
1359 529 1605 593 faciunt
1641 529 1844 592 nihilo
1883 530 2121 613 minus3
2170 530 2278 593 sed

261 641 405 682 eum
462 618 865 682 alienandum
925 640 963 681 a
1017 639 1087 681 re
1140 617 1400 701 publica
1455 639 1583 681 non
1640 617 1963 701 putabam.
2055 616 2278 681 Finem

206 733 234 773 5
260 708 383 770 feci
430 707 567 771 eius
613 706 873 769 ferendi.
948 703 1260 789 Coeperat
1308 706 1478 769 enim
1524 727 1662 769 esse
1697 709 1881 770 tanta
1916 706 2280 789 insolentia,

261 800 336 859 ut
398 795 718 858 neminem
772 794 1047 857 liberum
1108 793 1379 857 duceret.
1479 791 1557 857 In
1610 792 1829 858 Planci
1885 816 2035 858 vero
2091 816 2280 858 causa

263 883 503 949 exarsit
564 881 923 946 incredibili
988 882 1204 945 dolore
1265 902 1639 966 mecumque
1698 904 1811 964 per
1864 882 2129 946 biduum
2185 882 2278 946 ita

262 970 592 1035 contendit
648 975 712 1034 et
767 993 804 1034 a
858 990 960 1033 me
1015 971 1107 1033 ita
1161 970 1405 1033 fractus
1454 975 1578 1053 est,
1633 974 1707 1033 ut
1754 992 1897 1033 eum
1943 970 2012 1033 in
2057 991 2278 1054 perpe-

261 1063 446 1123 tuum
492 1059 943 1123 modestiorem
991 1079 1238 1141 sperem
1284 1058 1439 1122 fore.
1513 1057 1730 1141 Atque
1765 1058 1834 1122 in
1869 1059 1989 1122 hac
2024 1063 2279 1122 conten-

186 1175 242 1213 ιο
272 1148 451 1212 tione
505 1150 676 1232 ipsa,
740 1167 882 1211 cum
940 1147 1218 1210 maxime
1273 1167 1374 1209 res
1430 1151 1752 1231 ageretur,
1817 1168 1868 1210 a.
1920 1147 1976 1209 d.
2023 1165 2069 1209 v
2127 1145 2277 1210 Idus

259 1236 517 1319 Apriles
571 1236 827 1299 litterae
880 1234 1041 1298 mihi
1098 1235 1166 1298 in
1223 1239 1448 1298 senatu
1504 1234 1785 1298 redditae
1842 1238 1993 1299 sunt
2039 1257 2077 1298 a
2121 1234 2277 1298 Len·

259 1324 398 1388 tulo
444 1327 672 1387 nostro
721 1324 797 1387 de
845 1321 1085 1407 CassiO,
1140 1322 1215 1386 de
1259 1322 1645 1407 legionibuS,
1690 1323 1769 1386 de
1815 1320 2015 1406 Syria.
2108 1321 2277 1397 Quas

261 1413 483 1476 statim
544 1433 688 1475 cum
734 1412 1198 1494 recitavissem,
1251 1411 1479 1474 cecidit
1527 1409 1863 1495 Servilius,
1918 1411 2277 1494 complures

259 1504 613 1583 praeterea3
671 1503 822 1563 sunt
879 1500 1048 1563 enim
1102 1499 1388 1583 insignes
1441 1499 1715 1584 aliquot,
1779 1499 1890 1582 qui
1940 1498 2277 1582 improbis-

177 1614 231 1655 ιε
261 1589 422 1652 sime
478 1588 780 1651 sentiunt.
874 1586 1000 1652 Sed
1049 1586 1459 1652 acerbissime
1504 1587 1657 1651 tulit
1705 1586 2012 1651 Servilius
2061 1587 2278 1651 adsen-

260 1698 406 1741 sum
461 1697 598 1740 esse
651 1675 812 1739 mihi
867 1675 944 1739 de
997 1675 1249 1739 Planco.
1342 1675 1649 1760 Magnum
1703 1674 1864 1738 illud
1916 1679 2276 1738 monstrum

258 1764 328 1828 in
372 1785 443 1827 re
487 1764 743 1848 publica
789 1766 904 1847 est,
951 1763 1061 1827 sed
1107 1785 1232 1847 quo
1272 1763 1310 1804 '¹‘
1346 1763 1384 1804 '¹‘
1418 1763 1472 1828 ³¹⁸.

1000 1937 1097 2003 111
1148 1937 1235 2024 [V
1282 1943 1347 2003 et
1393 1937 1535 2024 ΗΠ.

711 2059 825 2115 Ser.
855 2059 1144 2130 Dyrrachi
1180 2060 1253 2114 K.
1285 2060 1424 2129 Apr.
1453 2079 1505 2115 a.
1537 2065 1641 2115 711
1683 2062 1820 2129 (43).

175 2198 232 2237 20
844 2182 1129 2237 BRUTUS
1168 2182 1508 2238 CICERONI
1541 2182 1688 2237 SAL.

391 2290 671 2356 Litteras
731 2295 876 2355 tuas
934 2292 1117 2356 valde
1174 2297 1473 2375 exspecto
1483 2341 1502 2374 ,
1558 2313 1716 2374 quas
1764 2291 2077 2374 scripsisti
2126 2296 2274 2374 post

256 2381 523 2445 nuntios
576 2383 943 2444 nostrarum
989 2402 1204 2444 rerum
1252 2384 1315 2443 et
1362 2380 1437 2443 de
1484 2383 1690 2443 morte
1736 2378 2032 2443 Treboni.
2123 2377 2274 2442 Non

259 2469 428 2533 enim
474 2468 721 2551 dubit0,
766 2468 924 2551 quin
968 2468 1129 2531 mihi
1175 2468 1515 2531 consilium
1559 2472 1743 2530 tuum
1788 2467 2080 2550 explices.
2171 2465 2273 2530 In·
2348 2468 2355 2474 ’

260 2559 455 2642 digno
517 2555 751 2621 scelere
808 2560 872 2619 et
918 2557 1119 2620 civem
1167 2557 1485 2639 optimum
1532 2555 1864 2619 amisimus
1911 2559 1975 2619 et
2020 2556 2272 2655 provin-

177 2672 231 2711 25
260 2646 393 2709 ciae
446 2644 851 2728 possessione
905 2644 1076 2729 pulsi
1131 2666 1380 2729 sumus,
1436 2664 1626 2727 quam
1686 2643 2042 2727 recuperari
2088 2643 2273 2707 facile

261 2737 387 2818 est,
439 2753 645 2833 neque
698 2733 909 2796 minus
964 2736 1153 2816 turpe
1209 2736 1321 2796 aut
1375 2732 1768 2816 flagitiosum
1818 2731 1939 2794 erit
1985 2734 2134 2814 post
2179 2754 2273 2795 re-

261 2821 565 2903 cuperari.

394 2907 716 2973 Antonius
764 2908 967 2972 adhuc
1013 2913 1111 2972 est
1156 2908 1511 2992 nobiscum,
1558 2907 1665 2970 sed
1701 2906 1946 2970 medius
1983 2907 2171 2971 fidius
2209 2911 2275 2971 et
2312 2927 2341 2971 ⁶2

259 3018 523 3061 moveor
555 2995 838 3061 hominis
876 2997 1171 3079 precibus
1209 3000 1274 3059 et
1311 2996 1530 3078 time0,
1572 3016 1654 3059 ne
1690 2994 1875 3058 illum
1912 2995 2273 3078 aliquorum

176 3111 232 3151 30
259 3087 439 3149 furor
497 3085 788 3169 excipiat.
891 3084 1087 3149 Plane
1150 3088 1389 3147 aestuo.
1491 3081 1731 3157 Quodsi
1795 3083 2047 3167 scirem,
2119 3084 2273 3167 quid

259 3172 383 3236 tibi
438 3174 739 3257 placeret,
804 3172 940 3237 sine
996 3171 1425 3237 sollicitudine
1480 3191 1710 3253 essem3
1763 3170 1831 3234 id
1884 3171 2054 3235 enim
2111 3172 2272 3254 opti-

259 3284 435 3325 mum
476 3283 615 3325 esse
653 3283 1028 3344 persuasum
1065 3264 1234 3324 esset
1269 3259 1446 3323 mihi.
1523 3257 1728 3334 Quare
1767 3281 1958 3342 quam
1995 3259 2272 3342 primum

257 3350 359 3413 fac
411 3370 516 3414 me
568 3350 932 3432 certiorem,
991 3348 1144 3432 quid
1198 3348 1319 3411 tibi
1375 3348 1636 3430 placeat
1730 3345 1990 3411 Cassius
2049 3351 2270 3411 noster
2308 3366 2339 3412 3

259 3435 533 3524 Syriam,
574 3437 860 3522 legiones
900 3402 1192 3520 Syriacas
1237 3436 1434 3503 habet
1470 3435 1643 3499 ultro
1682 3435 1937 3517 quidem
1975 3458 2012 3498 a
2048 3434 2269 3500 Murco

175 3552 229 3593 ³5
259 3530 323 3589 et
361 3548 398 3589 a
435 3490 677 3590 Marcio
718 3529 780 3590 et
821 3525 899 3590 ab
939 3525 1218 3589 exercitu
1256 3525 1397 3608 ipso
1436 3524 1795 3587 arcessitus
1861 3523 2005 3608 Ego
2046 3524 2269 3608 scripsi

2441 3626 2599 3890 „l
