2642 3923
1031 209 1090 263 P.
1121 215 1420 264 417—421.
2008 208 2225 262 CXXII(

202 348 441 417 Tyrrell,
473 350 738 417 pomisset
772 379 844 390 —
878 355 957 404 est
992 349 1172 408 factus
1208 349 1387 416 codd.,
1426 349 1682 404 Schmidt
1717 352 1738 420 (
1750 347 2051 419 potuisset?
2093 347 2230 404 Nisi

204 426 284 475 cst
316 420 564 487 factus),
629 434 760 474 non
787 421 974 488 potuit
1010 450 1078 460 —-
1114 426 1192 475 est
1224 421 1432 488 factus,
1477 419 1767 488 Wesenb.,
1814 419 2022 488 Baiter,
2066 416 2226 474 Boot.

205 489 411 544 Melius
449 488 674 543 videtur
708 506 841 544 non
916 491 1138 546 otuisset
1179 521 1251 533 —
1294 493 1409 545 nisi
1442 498 1577 546 esset
1608 494 1804 559 factus.
1853 519 1925 532 --
1980 495 2048 543 14
2067 506 2147 557 sq.
2176 491 2228 544 is

206 593 275 602 —
299 562 414 628 fuit
436 560 498 614 in
523 559 783 630 parenth.
885 559 1071 616 esenb.
1119 561 1209 615 Ad
1226 577 1280 632 p.
1297 567 1479 616 16.14.
1508 594 1578 603 -
1609 567 1674 616 15
1695 563 1763 616 L.
1793 562 1923 616 add.
1943 560 2226 626 Wesenb.,

205 633 367 699 Boot,
405 631 650 700 Tyrrell;
688 630 833 684 Boot
869 634 966 701 qui
1000 649 1121 687 cwm
1160 632 1227 686 L.
1258 632 1496 688 Lucullo
1532 650 1650 688 cos.
1689 664 1760 675 -
1800 638 1866 686 20
1894 650 1944 686 v.
1975 630 2230 685 Schmidt

203 721 259 773 p.
290 707 422 771 518,
482 701 705 770 Tyr-rell
753 718 837 771 ep.
869 709 1000 766 616,
1055 704 1201 772 prid.
1243 703 1316 757 K.
1355 703 1485 758 Iun.
1536 703 1769 757 Schiche
1815 702 2000 756 Herm.
2048 701 2228 755 XVIII

206 793 258 844 p.
291 779 412 841 614,
450 789 627 828 mense
662 774 793 827 Iun.
823 772 1033 838 Baiter,
1074 778 1225 842 (ante
1250 775 1364 842 Id.)
1404 774 1667 828 Wesenb.
1697 805 1768 817 -
1800 780 1867 828 22
1907 774 1953 828 0
1981 773 2109 827 add.
2138 789 2227 826 me

208 847 440 898 auctore
466 843 677 912 Baiter,
707 842 896 897 Lehm.
927 844 1032 897 Att
1064 862 1118 913 p.
1141 849 1269 911 204;
1305 863 1354 900 v.
1375 862 1516 900 mus.
1537 846 1715 900 Rhen.
1739 851 1874 900 1898
1911 863 1967 915 p.
1992 850 2093 897 127
2105 861 2225 912 sqq.

208 947 277 956 —
333 920 401 968 26
440 915 755 981 confestim
803 914 1070 968 ‘Decurt'
1120 915 1279 983 Bosi,
1325 915 1474 986 vulg.
1504 919 1666 984 vett.,
1721 915 2012 982 Wesenb.,
2067 914 2229 983 Boot,

206 985 478 1040 Schmidt.
528 1017 597 1026 —
635 990 702 1038 28
739 985 853 1057 [H.
891 987 955 1039 in
992 985 1264 1055 Capitolio
1333 985 1492 1054 Boot,
1530 987 1764 1056 Tyrrell,
1804 987 2064 1041 ‘fortasse
2103 1003 2231 1040 cum

206 1057 375 1111 Bosio
414 1056 770 1110 scribendum
797 1058 909 1110 est:
955 1056 1112 1112 hodic
1137 1058 1201 1111 in
1273 1058 1521 1127 apitolio’
1554 1057 1824 1125 Schmidt,
1859 1057 2013 1111 idem
2046 1075 2101 1126 p.
2125 1062 2231 1110 804

208 1147 258 1182 n.
294 1135 350 1181 1:
394 1126 667 1180 ‘offenbar
701 1126 809 1180 mit
835 1127 1034 1181 Bosius
1071 1145 1142 1181 zu
1178 1126 1497 1187 schreiben:
1532 1130 1690 1183 hodic
1716 1130 1781 1183 in
1810 1128 2121 1197 Capitolio'.
2160 1159 2230 1169 -

208 1204 274 1253 31
312 1205 430 1253 tum
467 1196 709 1266 'I‘yrrelL
754 1215 875 1252 cum
914 1198 1072 1251 codd.
1202 1216 1368 1268 quum
1404 1199 1562 1267 Boot,
1609 1216 1817 1270 quoquc
1852 1197 2060 1254 Orellio
2100 1215 2229 1252 auc·
2340 1216 2348 1223 ·

207 1273 327 1324 tore
365 1268 584 1336 Baiter,
623 1267 904 1336 Wesenb.,
943 1241 1129 1322 Schnii
1170 1271 1211 1323 t.
1284 1272 1302 1339 ΙΙ
1384 1269 1454 1326 Ρ.
1485 1269 1623 1326 420.
1653 1276 1685 1325 8
1714 1271 1939 1340 poteris
1975 1268 2232 1324 Schmidt

206 1343 281 1410 (p.
295 1345 399 1393 303
412 1343 506 1408 n.),
535 1340 700 1407 quasi
725 1355 854 1394 vero
882 1339 1038 1393 verbi
1059 1341 1259 1409 poterit
1286 1340 1601 1394 subiectum
1627 1357 1740 1395 non
1766 1340 1950 1411 possit
1976 1355 2098 1395 esse
2117 1340 2229 1394 nisi

210 1411 354 1465 Piso.
374 1442 440 1451 —
456 1410 534 1464 Ib.
551 1411 681 1478 περὶ
702 1419 887 1481 ψυχῆς
901 1412 1033 1480 post
1056 1411 1256 1465 librum
1269 1410 1464 1467 Lamb.
1481 1415 1628 1467 auct.
1647 1412 1777 1468 add.
1796 1411 2078 1478 Wesenb.,
2098 1411 2228 1465 ‘for-

209 1485 363 1536 tasse
389 1481 605 1535 excidit
628 1482 757 1549 περὶ
783 1489 973 1551 ψυχῆς
997 1479 1085 1534 vel
1107 1483 1485 1549 τριπολιτικὸν
1504 1483 1592 1537 vel
1611 1484 1931 1551 utrumque’
1958 1481 2227 1547 Schmidt,

209 1551 429 1621 Tyr-rell
473 1553 603 1619 περὶ
647 1560 832 1621 ψυχῆς
877 1551 1064 1621 potius
1114 1569 1285 1620 quam
1332 1553 1532 1608 librum
1578 1554 1869 1624 scripsisse
1907 1551 2229 1607 Ciceronem

209 1621 546 1694 suspicatur.
603 1652 674 1664 --
729 1628 761 1676 5
809 1622 1064 1676 Schmidt
1108 1630 1349 1692 exspecto
1386 1628 1704 1694 corruptum
1739 1626 1909 1695 putat
1942 1639 2012 1678 ex
2046 1624 2112 1678 dc
2147 1640 2225 1693 sp.

207 1696 359 1762 sicci,
387 1694 424 1747 i.
438 1708 484 1747 e.
506 1695 573 1748 de
599 1692 803 1762 Spurio
828 1694 880 1747 si
905 1695 1010 1749 cui.
1041 1725 1111 1734 -
1139 1698 1171 1746 8
1201 1711 1323 1747 cum
1339 1695 1528 1763 potius
1550 1711 1722 1762 quam
1741 1696 2002 1764 quoniam
2020 1697 2226 1764 (quum)

211 1764 493 1831 Wesenb.,
521 1764 729 1826 Baiter,
758 1763 903 1818 Boot
927 1765 1006 1834 (‘e
1034 1767 1188 1818 certa
1216 1762 1608 1834 Wesenbergii
1637 1765 1997 1833 correctione,
2033 1780 2104 1818 ne
2132 1765 2225 1818 de-

210 1838 376 1902 esset,
398 1851 508 1904 quo
526 1834 830 1888 referretur
846 1836 1023 1904 tum’),
1047 1834 1282 1903 Tyrrell.
1304 1865 1375 1875 -
1398 1841 1465 1889 10
1483 1838 1616 1902 mil„
1638 1838 1798 1905 idque
1812 1838 1999 1905 potius
2014 1837 2228 1903 fuisse

209 1908 365 1963 credo
392 1906 543 1977 vulg.
562 1908 715 1973 vett,
735 1904 968 1976 Tyrrell,
999 1905 1089 1959 bis
1107 1907 1279 1974 fuisse
1296 1905 1457 1972 Boot,
1486 1908 1561 1960 ad
1588 1914 1882 1977 quesitorem
1905 1906 2022 1960 ΤΒ.
2042 1907 2230 1976 nilque

207 1980 375 2048 idque
393 1979 584 2047 potius
608 1979 792 2044 fuisse.
821 1979 915 2032 sed
939 1978 1098 2033 credo
1124 1984 1175 2031 te
1200 1979 1265 2031 de
1283 1977 1343 2030 M
1361 1977 1458 2045 (ad
1475 1996 1530 2047 p.
1545 1985 1628 2034 24.
1643 1983 1712 2048 8),
1744 1994 1879 2033 corr.
1899 1977 2139 2031 Ernesti.
2158 2009 2227 2019 —

208 2049 290 2102 Ib.
314 2051 488 2115 crede,
523 2049 634 2103 sed
668 2056 731 2104 tu
756 2047 1020 2103 Wesenb.
1049 2080 1119 2089 —
1148 2054 1212 2102 11
1242 2050 1489 2103 videlicet
1514 2052 1677 2104 etiam
1705 2052 1828 2119 (aut
1853 2051 1986 2117 iam)
2016 2047 2230 2103 Gurlitt

211 2119 410 2174 Philol.
444 2124 582 2173 1897
619 2137 672 2188 p.
697 2125 996 2187 378-380,
1031 2120 1155 2173 vide
1189 2121 1354 2174 etiam
1391 2120 1569 2185 codd,
1607 2119 1818 2188 Baiter,
1858 2119 2055 2173 seclus.
2085 2117 2231 2173 Boot

214 2191 353 2246 coni.
382 2192 520 2246 scire
549 2191 773 2259 poteris,
807 2206 913 2260 quo
940 2207 1089 2245 anno
1117 2220 1187 2231 —-
1210 2191 1397 2258 fuerit.
1453 2190 1520 2246 Si
1543 2198 1797 2246 neutrum
1826 2192 2072 2260 quadret,
2107 2190 2230 2244 vide

211 2264 374 2316 etiam
400 2263 465 2315 im
558 2262 778 2327 aefectis
803 2278 882 2315 an
906 2261 971 2313 in
995 2262 1488 2329 contubernalibus,
1542 2263 1665 2316 vide
1691 2263 1855 2317 ctiam
1882 2268 2041 2331 atque
2068 2262 2232 2316 etiam

210 2331 403 2400 Orelli,
509 2331 715 2399 esenb.,
741 2332 1027 2398 ,videlicet,
1055 2329 1325 2399 Schmidt,
1353 2329 1587 2400 Tyrrell.
1612 2365 1673 2373 —
1708 2338 1774 2387 12
1802 2333 1990 2387 saltem
2017 2331 2232 2386 Gurlitt

210 2402 295 2459 1.1.
326 2406 387 2458 et
411 2419 597 2472 progr.
629 2400 864 2471 Steglitz
877 2406 1014 2456 1898
1032 2418 1087 2471 p.
1102 2407 1186 2470 11,
1216 2420 1280 2457 ca
1307 2403 1374 2457 de
1392 2402 1466 2469 M,
1492 2421 1618 2457 cum
1638 2420 1798 2458 cruce
1816 2402 2026 2469 Baiter,
2047 2404 2230 2457 cadem

209 2473 301 2543 0²,
320 2477 477 2529 cadet
495 2471 612 2527 ZO¹
629 2472 845 2542 L(mgo)
865 2471 1173 2541 (Lehmann
1192 2474 1307 2527 Att.
1329 2491 1381 2542 p.
1396 2479 1481 2541 37,
1493 2476 1600 2543 97),
1621 2491 1747 2528 cum
1766 2489 1928 2528 cruce
1945 2473 2230 2542 Wesenb.,

243 2546 441 2600 uadret
475 2543 703 2609 Bosius,
748 2544 917 2611 Boot,
967 2545 1089 2598 vide
1131 2562 1199 2599 ne
1234 2542 1468 2615 Madvig
1502 2545 1642 2599 Adv.
1671 2544 1748 2597 III
1782 2563 1838 2614 p.
1870 2551 1989 2610 190,
2035 2561 2230 2613 quaere

208 2562 471 2669 gchmidt
516 2614 651 2667 ‘Der
685 2613 1101 2669 Briefwechsel’
1150 2632 1205 2697 p.
1236 2619 1340 2669 310
1377 2632 1458 2682 n.‚
1505 2632 1628 2671 erue
1663 2633 1718 2685 p.
1748 2621 1853 2669 374
1890 2618 1949 2669 et
1984 2620 2105 2670 519.
2161 2645 2231 2655 —

213 2692 279 2740 14
314 2686 464 2739 Hinc
509 2684 684 2738 aliam
719 2684 1022 2755 epistulam
1059 2685 1306 2755 incipere
1343 2684 1599 2740 voluerat
1631 2686 1748 2740 iam
1784 2685 2072 2740 Manutius
2087 2729 2101 2752 ,
2147 2701 2231 2739 se-

209 2759 418 2826 parant
470 2759 701 2810 recentt.
741 2758 967 2825 praeter
1019 2754 1309 2809 Baiterum
1363 2759 1423 2809 et
1465 2755 1958 2826 Wesenbergium,
2012 2755 2231 2825 Tyrrell

207 2844 294 2897 ep.
317 2832 440 2882 636.
480 2857 550 2868 —
587 2832 655 2880 28
692 2828 983 2895 ceciditque
1018 2827 1148 2881 belle
1182 2827 1244 2880 in
1269 2827 1525 2896 parenth.
1546 2826 1779 2896 Tyrrell.
1844 2827 1935 2881 Ad
2011 2869 2024 2882 .
2048 2832 2231 2894 16.14,

207 2917 310 2967 que
345 2914 453 2952 om.
474 2898 535 2951 M
563 2898 775 2967 (cecidi3
811 2915 861 2952 v.
890 2897 1178 2951 Lehmann
1206 2896 1325 2951 Att.
1346 2915 1400 2966 p.
1423 2903 1508 2964 76,
1536 2900 1678 2969 184),
1712 2897 1924 2966 Baiter,
1961 2845 2230 2952 §chmidt,

211 3000 279 3009 ·-
313 2968 397 3024 Ib.
428 2968 536 3023 Sed
573 2969 753 3037 codd,
789 2966 1009 3037 Tyr-rell
1047 2968 1167 3021 sine
1206 2968 1686 3038 interpunctione:
1732 2970 2047 3039 (ceciditque
2084 2970 2231 3037 belle)

206 3041 301 3094 scd
338 3042 408 3110 (v.
438 3044 600 3109 p.36.
625 3042 730 3108 18),
766 3040 968 3094 scilicet
993 3037 1277 3107 Wesenb.,
1313 3038 1523 3107 Baiter,
1560 3038 1720 3105 Boot,
1759 3038 2030 3104 Schmidt,
2060 3040 2234 3093 etiam

208 3109 411 3164 Philol.
431 3115 569 3164 1898
584 3128 638 3180 p.
655 3116 772 3164 188.
811 3140 881 3150 --
918 3114 987 3163 34
1007 3125 1128 3179 sqq.
1158 3111 1267 3165 ista
1294 3139 1364 3151 —-
1385 3117 1573 3179 potero
1600 3110 1660 3163 in
1687 3110 1944 3180 parenth.
1969 3110 2229 3164 Wesenb.

208 3180 298 3234 Ad
334 3200 389 3252 p.
414 3186 597 3236 16.14.
732 3180 804 3235 Ρ.
826 3179 1019 3235 421.4
1053 3180 1250 3235 Idibus
1286 3180 1528 3235 Romae
1574 3179 1830 3236 Schmidt
1865 3181 1933 3235 cf.
1962 3199 2016 3250 p.
2039 3188 2159 3235 412.
2185 3187 2233 3249 7,

205 3253 295 3307 Id.
326 3253 468 3306 maii
503 3252 621 3306 eius
710 3295 722 3306 .
752 3282 820 3292 —
853 3257 881 3304 7
912 3249 1087 3305 Scrib.
1126 3251 1256 3318 VII,
1283 3269 1333 3304 v,
1365 3250 1600 3305 Schiche
1626 3251 1814 3306 Herm.
1843 3251 2023 3305 XVIII
2051 3270 2104 3321 p.
2128 3258 2230 3306 611

206 3325 267 3377 et
302 3328 437 3390 615,
493 3319 750 3376 Schmidt
827 3366 837 3376 .
869 3328 998 3389 520,
1045 3322 1263 3390 Tyr-rell
1300 3338 1388 3392 ep.
1418 3327 1549 3389 647,
1586 3340 1759 3378 mense
1801 3323 1985 3392 Quint.
2024 3322 2234 3390 Baiter,

276 3401 327 3450 st
373 3393 536 3447 VIII
564 3393 698 3447 Kal.
742 3339 946 3461 (δρῶ)
986 3391 1247 3446 Wesenb.
1295 3424 1367 3433 --
1424 3399 1454 3447 9
1500 3409 1588 3448 ves
1697 3395 1708 3406 '
1749 3396 1885 3464 post
1919 3394 2053 3448 Kal.
2102 3394 2233 3448 add.

247 3464 482 3532 chmidt,
503 3463 740 3532 Tyr-rell,
761 3466 894 3518 ante
918 3464 1077 3518 VIII
1100 3462 1355 3530 Schuetz,
1375 3462 1584 3518 Wesen
1628 3507 1657 3532 .,
1688 3467 1820 3518 ante
1848 3466 1973 3517 veni
2000 3461 2235 3516 Schiche

206 3553 262 3605 p.
292 3540 426 3601 611,
475 3534 553 3588 Κ.
583 3535 693 3588 Iul.
725 3534 800 3601 M,
840 3535 973 3589 Kal.
1004 3534 1223 3601 Baiter,
1261 3534 1422 3589 Boot.
1459 3564 1531 3576 —
1568 3540 1635 3588 18
1671 3542 1735 3590 ut
1771 3537 1902 3588 ante
1940 3551 2061 3588 cum
2102 3533 2231 3585 add.
