2642 3923
213 3087 278 3134 10

315 192 396 254 28
951 192 1023 246 Μ.
1065 191 1277 245 TULLI
1313 191 1692 247 CICERONIS

314 334 577 398 discidio
644 339 889 419 vestr0,
953 334 1060 397 sed
1117 334 1451 398 voluntate
1506 356 1577 398 ac
1630 335 1863 398 iudicio
1921 339 2034 398 tuo
2089 334 2331 397 factum

312 443 451 486 esse
487 422 795 485 videatur.
869 421 1077 498 Quare
1115 427 1179 486 et
1214 423 1346 507 illa,
1392 444 1554 506 quae
1581 423 1839 507 violata,
1880 422 2332 505 expiabuntur,

314 514 377 573 et
412 510 570 574 haec
603 514 846 596 nostra,
884 533 1044 594 quae
1083 515 1234 574 sunt
1273 511 1674 575 sanctissime
1711 515 2103 596 conservata,
2149 532 2330 574 suam

312 598 688 682 religionem
735 598 1134 662 obtinebunt.

446 685 584 751 Nos
629 686 736 751 hic
780 687 847 750 in
884 710 953 751 re
989 687 1245 770 publica
1280 686 1553 771 infirma,
1596 687 1830 750 misera
1864 686 2329 750 commutabili·
2384 709 2412 751 ⁵

314 796 437 858 que
481 797 827 840 versamur.
902 772 1106 840 Credo
1153 775 1320 838 enim
1369 779 1435 838 te
1480 774 1734 839 audisse
1773 780 2033 839 nostros
2081 774 2327 858 equites

312 884 510 946 paene
583 885 620 926 a
692 867 917 928 senatu
992 885 1130 928 esse
1206 863 1551 946 diiunctos,
1636 862 1747 947 qui
1819 864 2098 947 primum
2171 862 2326 926 illud

311 951 492 1015 valde
539 951 821 1035 graviter
866 952 1183 1037 tulerunt,
1232 951 1712 1036 promulgatum
1758 973 1834 1015 ex
1882 954 2140 1015 senatus
2187 972 2330 1015 con-

314 1040 487 1103 sulto
532 1039 750 1124 fuisse,
796 1044 869 1103 ut
915 1024 991 1103 de
1037 1041 1148 1125 eis,
1195 1040 1305 1123 qui
1355 1040 1437 1104 ob
1480 1039 1886 1104 iudicandum
1922 1039 2331 1123 accepissent,

315 1132 737 1211 quaereretur.
814 1126 952 1202 Qua
989 1129 1055 1192 in
1101 1150 1170 1191 re
1216 1127 1602 1191 decernenda
1647 1149 1790 1191 cum
1839 1148 1955 1212 ego
2003 1149 2154 1192 casu
2197 1149 2330 1192 non
2358 1150 2411 1187 ιο

315 1215 658 1280 adfuissem
723 1214 1188 1300 sensissemque
1250 1216 1314 1280 id
1382 1220 1740 1299 equestrem
1806 1216 2092 1280 ordinem
2165 1215 2330 1280 ferre

288 1305 581 1379 ⁸moleste
643 1325 849 1387 neque
914 1308 1128 1388 aperte
1188 1303 1419 1390 dicere,
1484 1303 1819 1389 obiurgavi
1876 1308 2194 1389 senatum,
2256 1308 2331 1367 ut

314 1392 474 1455 mihi
531 1393 706 1457 visus
763 1414 931 1478 sum,
987 1413 1234 1456 summa
1289 1414 1433 1455 cum
1488 1393 1871 1456 auctoritate
1917 1397 1981 1455 et
2025 1392 2097 1455 in
2141 1413 2330 1456 causa

314 1502 447 1547 non
491 1481 841 1544 verecunda
889 1480 1226 1544 admodum
1273 1480 1488 1565 gravis
1536 1485 1598 1543 et
1644 1480 1940 1563 copiosus
1981 1481 2092 1543 fui.
2167 1480 2330 1544 Ecce

315 1568 477 1633 aliae
521 1568 782 1634 deliciae
828 1569 1117 1652 equitum
1163 1569 1273 1632 vix
1318 1568 1636 1632 ferendae!
1685 1590 1841 1652 quas
1891 1589 2008 1653 ego
2056 1588 2186 1631 non
2234 1589 2329 1632 so·
2360 1590 2411 1630 ιε

313 1657 449 1720 lum
495 1657 646 1743 tuli,
691 1657 800 1721 sed
846 1657 1040 1720 etiam
1086 1657 1323 1720 ornavi.
1407 1656 1628 1720 Asiam
1681 1657 1790 1740 qui
1838 1657 1914 1720 de
1960 1656 2330 1721 censoribus

315 1746 781 1830 conduxerunt,
835 1746 1046 1829 questi
1093 1750 1245 1808 sunt
1290 1746 1360 1808 in
1406 1750 1631 1808 senatu
1682 1766 1748 1808 se
1796 1744 2144 1827 cupiditate
2190 1766 2333 1827 pro·

315 1834 529 1916 lapsos
585 1833 856 1897 nimium
908 1854 1142 1918 magno
1199 1833 1605 1918 conduxisse,
1664 1838 1737 1896 ut
1782 1833 2186 1897 induceretur
2243 1834 2331 1896 lo-

315 1922 500 2008 cati0,
551 1922 1053 2006 postulaverunt.
1146 1921 1289 2007 Ego
1340 1922 1631 2007 princeps
1679 1922 1747 1986 in
1792 1921 2193 1986 adiutoribus
2242 1925 2332 1985 at-

316 2033 439 2095 que
493 2011 648 2075 adeo
706 2011 1041 2094 secundus3
1095 2033 1273 2096 nam,
1327 2016 1400 2074 ut
1447 2011 1543 2074 illi
1590 2010 1894 2074 auderent
1938 2010 2060 2074 hoc
2115 2014 2331 2093 postu·
2360 2035 2414 2073 20

312 2098 473 2183 lare,
556 2097 826 2164 Crassus
908 2121 1016 2163 eos
1097 2099 1370 2182 impulit.
1495 2098 1821 2163 Invidiosa
1901 2120 2031 2183 reS,
2120 2098 2330 2182 turpis

314 2187 666 2271 postulatio
714 2191 780 2251 et
824 2187 1136 2251 confessio
1184 2187 1582 2251 temeritatis.
1668 2184 1999 2250 Summum
2047 2190 2184 2251 erat
2228 2208 2332 2270 pe-

315 2275 605 2360 riculum,
649 2297 747 2359 ne,
792 2275 848 2339 si
884 2275 1049 2338 nihil
1085 2274 1553 2358 impetrassent,
1598 2274 1783 2357 plane
1822 2275 2250 2338 alienarentur
2295 2298 2333 2337 a

315 2367 556 2427 senatu.
658 2362 826 2426 Huic
886 2385 1141 2447 quoque
1205 2363 1297 2426 rei
1363 2363 1745 2427 subventum
1808 2368 1905 2426 est
1959 2363 2232 2426 maxime
2295 2385 2333 2426 a

315 2451 502 2515 nobis
548 2451 1052 2536 perfectumque,
1104 2456 1179 2515 ut
1233 2451 1752 2534 frequentissimo
1799 2455 2024 2515 senatu
2070 2455 2134 2514 et
2178 2450 2333 2514 libe-
2361 2474 2416 2514 2⁵

315 2539 633 2604 ralissimo
679 2544 1030 2624 uterentur,
1074 2540 1407 2623 multaque
1454 2562 1491 2603 a
1534 2561 1636 2603 me
1682 2539 1758 2602 de
1796 2539 2090 2603 ordinum
2129 2538 2333 2623 digni-

314 2630 450 2692 tate
486 2632 551 2691 et
589 2627 923 2692 concordia
961 2628 1130 2692 dicta
1168 2633 1318 2691 sunt
1354 2626 1495 2692 Kal.
1534 2625 1863 2691 Decembr.
1903 2631 1967 2691 et
2006 2627 2332 2709 postridie.

314 2714 541 2799 Neque
605 2716 809 2780 adhuc
864 2737 965 2779 res
1019 2717 1306 2781 confecta
1361 2720 1487 2801 est,
1551 2716 1660 2779 sed
1718 2715 2015 2779 voluntas
2072 2720 2333 2780 senatus

314 2809 673 2890 perspecta3
727 2826 894 2868 unus
951 2805 1119 2868 enim
1174 2808 1399 2869 contra
1452 2804 1699 2868 dixerat
1753 2802 2054 2868 Metellus
2109 2804 2333 2868 consul

316 2893 716 2978 designatus,
780 2897 1042 2976 eratque
1105 2893 1421 2979 dicturus,
1483 2893 1562 2956 ad
1631 2913 1819 2975 quem
1883 2896 2148 2976 propter
2207 2891 2333 2955 diei
2362 2917 2420 2957 so

316 2982 699 3046 brevitatem
743 2987 1119 3064 perventum
1164 3002 1295 3045 non
1343 2985 1459 3066 est,
1501 2980 1692 3044 heros
1740 2980 1849 3044 ille
1895 2984 2114 3043 noster
2153 2978 2329 3044 Cato.

318 3066 424 3134 Sic
459 3089 580 3154 ego
617 3090 997 3133 conservans
1039 3069 1355 3133 rationem
1400 3068 2002 3152 institutionemque
2046 3072 2329 3132 nostram

316 3161 531 3243 tueor,
588 3159 663 3220 ut
717 3178 1006 3240 possum,
1064 3156 1242 3221 illam
1297 3179 1336 3221 a
1379 3178 1480 3220 me
1527 3156 2037 3240 conglutinatam
2081 3177 2333 3220 concor-

317 3245 501 3309 diam.
604 3241 728 3308 Sed
790 3248 1032 3331 tamen,
1096 3245 1400 3328 quoniam
1462 3245 1589 3308 ista
1648 3248 1800 3308 sunt
1864 3248 1998 3307 tam
2063 3244 2336 3330 infirma,

316 3332 605 3395 munitur
670 3333 979 3415 quaedam
1037 3333 1225 3397 nobis
1290 3333 1370 3397 ad
1432 3333 1793 3397 retinendas
1864 3354 2015 3415 opes
2079 3337 2333 3397 nostras
2362 3359 2430 3400 aa»

316 3425 490 3504 tuta,
545 3424 619 3483 ut
665 3441 878 3503 spero,
932 3421 1064 3506 via3
1124 3442 1316 3504 quam
1363 3421 1485 3484 tibi
1530 3421 1766 3485 litteris
1815 3421 1974 3485 satis
2020 3421 2336 3505 explicare

318 3530 447 3572 non
475 3528 758 3593 possum,
795 3507 1261 3592 significatione
1290 3531 1488 3591 parva
1525 3509 1854 3573 ostendam
1882 3512 2110 3572 tamen.
2166 3508 2336 3573 Utor
