2642 3923
651 204 1164 260 EPISTULARUM
1200 205 1299 259 AD
1338 204 1663 261 ATTIGUM
1699 205 1777 260 111
1817 211 1866 272 7,
1902 211 1945 258 8
2224 204 2306 269 79

291 369 408 413 1188
452 369 570 431 quo
614 347 803 412 modo
849 348 1105 413 visurus
1140 370 1257 413 nec
1292 352 1368 413 ut
1404 348 1785 413 dimissurus
1824 349 1965 450 sim,
2009 346 2309 414 8810111

294 440 393 502 est
446 437 797 513 maximum
851 440 915 500 et
969 436 1400 501 miserrimum
1453 458 1739 502 mearum
1795 437 2078 501 omnium
2123 436 2309 501 mise-

292 525 548 590 riarum.
621 508 765 609 Ego
804 528 869 588 et
906 524 1159 607 saepius
1201 525 1283 590 ad
1326 529 1392 589 te
1439 530 1506 590 et
1549 525 1735 621 plura
1781 525 2140 609 scriberem,
2182 525 2309 589 nisi

293 613 451 678 mihi
481 613 664 677 dolor
689 634 870 676 meus
899 634 1043 677 cum
1072 635 1291 677 omnes
1331 617 1545 697 partes
1581 607 1817 678 mentis
1855 617 1995 676 tum
2031 612 2309 678 maxime

240 728 266 768 5
291 701 485 766 huius
542 701 794 786 generis
850 700 1221 766 facultatem
1267 701 1625 766 ademisset.
1714 701 1947 766 Videre
1993 705 2056 766 te
2103 701 2308 785 cupio,

296 787 481 874 Cura,
527 794 604 854 ut
645 789 874 854 valeas.
967 788 1136 853 Data
1181 812 1273 874 pr.
1320 788 1464 854 Kal.
1510 789 1660 854 Mai.
1707 787 2024 854 Brundisi.

1214 1052 1391 1118 VIII.

615 1175 727 1230 Sor.
767 1175 1175 1231 Thessalonicae
1210 1175 1308 1228 IV
1339 1175 1414 1229 K.
1443 1175 1573 1228 Iun.
1611 1192 1662 1229 a.
1704 1179 1815 1229 696
1852 1178 1991 1243 (58).

932 1296 1189 1352 CICERO
1226 1296 1488 1352 ATTICO
1528 1297 1659 1352 SAL

215 1436 268 1474 ιο
428 1405 772 1472 Brundisio
827 1405 1233 1489 proficiscens
1288 1407 1664 1490 scripseram
1720 1405 1798 1470 ad
1851 1409 1917 1469 te
1927 1457 1945 1491 ,
2009 1428 2167 1490 quas
2224 1406 2307 1472 ob

296 1514 519 1559 causas
547 1494 618 1558 in
643 1494 916 1578 Epirum
948 1514 1083 1558 non
1120 1515 1403 1559 essemus
1438 1494 1730 1579 profecti,
1767 1495 1938 1577 quod
1976 1499 2041 1558 et
2067 1493 2310 1559 Achaia

294 1605 496 1666 prope
532 1586 699 1646 esset
735 1582 924 1665 plena
959 1582 1526 1647 audacissimorum
1562 1582 1969 1646 inimicorum
2006 1586 2071 1647 et
2098 1582 2308 1647 exitus

296 1670 588 1735 difficiles
633 1670 926 1755 haberet,
970 1691 1115 1734 cum
1160 1670 1308 1734 inde
1352 1670 1909 1754 proficisceremur
2003 1670 2309 1755 Accessit,

297 1781 443 1823 cum
502 1757 819 1841 Dyrrachi
891 1779 1202 1842 essemus,
1273 1761 1350 1822 ut
1422 1757 1547 1822 duo
1612 1758 1825 1822 nuntii
1893 1757 2310 1845 adferrentur,

217 1874 268 1915 15
296 1868 463 1912 unus
527 1846 728 1911 classe
789 1846 1055 1910 fratrem
1118 1845 1380 1930 Epheso
1435 1844 1752 1931 Athenae,
1815 1846 1978 1911 alter
2039 1847 2308 1948 pedibus

296 1956 409 2020 per
464 1934 898 2000 Macedoniam
953 1934 1183 1999 venire.
1275 1933 1502 2019 Itaque
1556 1934 1652 1998 illi
1710 1934 1966 2000 obviam
2014 1936 2308 1999 misimus

296 2023 604 2109 Athenae,
650 2027 724 2088 ut
758 2023 905 2087 inde
941 2022 1460 2088 Thessalonicam
1495 2023 1757 2087 veniret.
1832 2022 1968 2107 Ipsi
2003 2023 2309 2106 processi·—

296 2134 441 2177 mus
505 2115 569 2177 et
623 2110 1139 2176 Thessalonicam
1195 2134 1245 2175 a.
1303 2111 1358 2175 d.
1415 2129 1465 2175 x
1517 2110 1657 2175 Kal.
1719 2110 1935 2176 Iunias
1998 2112 2309 2195 venimus,

296 2221 503 2284 neque
539 2200 617 2265 de
651 2200 826 2264 1111118
872 2200 1100 2266 itinere
1148 2200 1490 2283 quicquam
1536 2200 1693 2264 certi
1739 2199 2134 2263 habebamus
2181 2199 2306 2264 11181

216 2316 270 2356 ¹0
298 2310 441 2352 eum
489 2288 569 2352 ab
607 2287 867 2371 Epheso
909 2293 1057 2353 ante
1094 2288 1423 2372 aliquanto
1463 2288 1836 2372 profectum.
1910 2285 1975 2351 N
1974 2308 2118 2373 unc,
2160 2288 2309 2352 istic

299 2376 454 2459 quid
490 2380 736 2462 agatur,
779 2396 1015 2461 magno
1054 2397 1241 2459 opere
1278 2378 1506 2460 time03
1554 2397 1943 2460 quamquam
1987 2380 2062 2440 tu
2108 2375 2310 2441 altera

297 2464 573 2549 epistula
636 2464 864 2528 scribis
937 2464 1156 2528 Idibus
1217 2464 1407 2528 Maiis
1471 2465 1677 2528 audiri
1749 2464 1886 2529 fore
1966 2467 2042 2528 ut
2100 2464 2308 2529 acrius

295 2552 758 2638 postularetur,
812 2552 1013 2617 altera
1067 2553 1196 2616 iam
1252 2574 1388 2616 8888
1444 2553 1719 2616 mitiora.
1820 2550 1946 2617 Sed
2003 2552 2159 2617 haec
2213 2556 2309 2617 est

295 2640 501 2724 pridie
554 2640 704 2705 data
759 2662 950 2725 quam
1004 2640 1143 2724 illa,
1198 2661 1326 2723 quo
1382 2641 1726 2705 conturber
1772 2641 1992 2725 magis,
2083 2639 2308 2724 Itaque

214 2756 267 2796 25
296 2751 441 2794 811111
492 2749 672 2793 1118118
726 2750 830 2793 1118
883 2750 1132 2793 maeror
1185 2729 1544 2793 cotidianus
1607 2729 1844 2793 lacerat
1908 2733 1973 2794 et
2035 2730 2306 2815 conficit,

294 2822 436 2881 tum
489 2838 640 2882 vero
695 2816 850 2881 haec
906 2816 1120 2880 addita
1174 2837 1327 2880 cura
1381 2816 1486 2879 vix
1542 2816 1701 2879 mihi
1747 2817 1949 2881 vitam
1993 2817 2306 2901 reliquam

294 2906 467 2970 facit.
568 2902 692 2969 Sed
747 2909 811 2969 et
862 2904 1188 2989 navigatio
1247 2904 1641 2987 perdifficilis
1698 2904 1849 2989 fuit,
1914 2909 1980 2971 et
2043 2904 2152 2969 1118
2214 2906 2308 2970 111-

296 2997 535 3078 certus,
590 2994 702 3057 ubi
748 3014 866 3078 ego
914 3014 1144 3078 essem,
1189 2993 1466 3057 fortasse
1512 2992 1710 3057 alium
1756 3015 2013 3057 cursum
2059 2994 2305 3077 petivit.

295 3079 465 3146 Nam
505 3080 792 3147 Phaetho
839 3081 1112 3145 libertus
1161 3102 1304 3145 eum
1349 3103 1481 3145 non
1525 3081 1703 3145 vidit.
1776 3080 1989 3145 Vento
2036 3083 2324 3147 reiectus.

215 3197 269 3237 so
296 3169 378 3234 ab
433 3167 555 3233 Ilio
607 3170 678 3233 in
722 3169 1157 3234 Macedoniam
1202 3167 1414 3233 Pellae
1462 3169 1624 3234 mihi
1672 3175 1927 3253 praesto
1975 3169 2116 3235 fuit.
2188 3168 2308 3234 Re—

291 3257 472 3341 liqua
508 3279 699 3341 quam
733 3257 894 3322 mihi
929 3256 1210 3321 timenda
1248 3257 1397 3343 sint,
1433 3258 1617 3322 video
1652 3279 1788 3345 nec,
1824 3258 1977 3342 quid
2017 3258 2309 3345 scribam,

290 3345 497 3411 habeo
535 3350 601 3410 et
637 3348 851 3410 omnia
885 3346 1102 3433 timec,
1144 3366 1261 3409 nec
1295 3350 1429 3410 tam
1466 3347 1772 3410 miserum
1809 3350 1908 3409 est
1946 3346 2308 3431 quicquam,

294 3435 465 3519 quod
509 3455 641 3498 non
676 3434 747 3498 in
781 3438 1071 3499 nostram
1104 3434 1431 3498 fortunam
1468 3434 1687 3498 cadere
1729 3433 2037 3498 videatur.
2112 3434 2309 3517 Equi-

292 3522 436 3586 dem
482 3522 687 3587 adhuc
729 3523 925 3588 miser
967 3523 1036 3587 in
1082 3523 1379 3587 maximis
1434 3522 1595 3587 meis
1649 3522 1971 3586 aerumnis
2018 3524 2082 3585 et
2126 3521 2308 3584 lucti-

2351 1424 2376 1471 1

2346 2306 2377 2353 2
