2642 3923
332 222 465 287 290
971 221 1047 296 Μ.
1080 220 1292 276 TULLI
1330 220 1708 277 010ER0N1s

1252 416 1423 481 XIX.

740 522 852 578 Ser.
882 522 1094 591 Arpini
1122 521 1272 591 prid.
1303 521 1377 575 K.
1408 523 1546 589 Apr.
1578 539 1630 576 a.
1660 524 1770 576 705
1809 525 1948 591 (49).

937 626 1225 682 CICERO
1261 625 1552 681 ATTICO
1588 626 1753 682 SAL.

266 737 292 786 1
466 720 611 804 Ego
672 741 815 785 meo
862 716 1181 801 Ciceroni,
1246 718 1550 801 quoniam
1595 716 1804 782 Roma
1859 739 2171 798 caremus,
2230 718 2349 783 Ar-

333 809 473 892 pini
535 807 944 891 potissimum
1006 810 1227 891 togam
1271 829 1501 890 puram
1546 805 1718 892 dedi,
1779 806 1971 892 idque
2016 807 2348 892 municipi-
2404 834 2433 874 5

334 895 457 960 bus
501 896 744 960 nostris
789 895 916 959 fuit
962 898 1233 980 gratum.
1326 893 1470 959 Etsi
1519 915 1736 959 omnes
1783 898 1847 959 et
1891 895 2040 960 illos
2049 946 2067 980 ,
2122 899 2187 959 et
2225 917 2352 979 qua

334 985 459 1049 iter
520 984 669 1068 feci,
730 987 1009 1048 maestos
1073 981 1489 1066 adflictosque
1550 983 1699 1048 vidi.
1798 982 1958 1047 Tam
2020 983 2229 1048 tristis
2286 988 2353 1048 et

338 1077 472 1137 tam
518 1076 707 1137 atrox
752 1076 850 1136 est
896 1070 1356 1154 ἀναθεώρησις
1400 1070 1593 1134 huius
1639 1070 1921 1155 ingentis
1967 1072 2140 1136 mali.
2240 1070 2351 1136 Di-

337 1161 540 1225 lectus
603 1160 949 1242 habentur,
1013 1159 1083 1222 in
1145 1158 1415 1223 hiberna
1477 1159 1891 1224 deducuntur.
1983 1159 2106 1245 Ea,
2172 1182 2351 1245 quae,

339 1250 532 1313 etiam
577 1271 720 1313 cum
766 1270 803 1312 a
848 1247 1036 1312 bonis
1082 1246 1257 1332 viris»,
1301 1269 1446 1311 cum
1483 1248 1655 1311 iusto
1692 1248 1763 1312 in
1799 1248 1988 1332 bello,
2035 1269 2182 1313 cum
2219 1271 2348 1313 mo-
2382 1276 2436 1315 ιο

338 1337 513 1401 deste
564 1337 757 1421 fiunt,
818 1339 1036 1400 tamen
1088 1334 1229 1417 ipsa
1285 1357 1400 1419 per
1456 1357 1523 1400 se
1578 1335 1852 1401 molesta
1913 1340 2092 1421 sunt,
2158 1359 2348 1420 quam

339 1446 555 1490 censes
613 1424 841 1489 acerba
893 1444 1064 1487 nunc
1109 1445 1273 1508 esse,
1329 1445 1473 1487 cum
1521 1446 1559 1487 a
1602 1425 1869 1507 perditis
1916 1423 1986 1488 in
2031 1424 2205 1489 civili
2248 1446 2353 1490 ne-

340 1513 502 1577 fario
564 1512 736 1577 bello
800 1511 1314 1596 petulantissime
1378 1511 1565 1576 fiant!
1658 1509 1824 1576 Cave
1889 1516 2097 1577 autem
2166 1518 2352 1596 putes

341 1623 724 1685 quemquam
775 1599 1102 1664 hominem
1157 1599 1225 1663 in
1277 1597 1470 1663 Italia
1513 1604 1767 1684 turpem
1814 1622 1983 1685 esse,
2049 1601 2161 1684 qui
2204 1601 2355 1665 hinc

341 1689 527 1754 absit.
616 1687 769 1753 Vidi
824 1688 961 1772 ipse
1014 1686 1290 1752 Formiis
1345 1689 1677 1753 universos
1730 1709 1937 1772 neque
1995 1689 2354 1753 mehercule
2384 1715 2436 1756 15

340 1799 646 1862 umquam
702 1776 994 1841 homines
1048 1776 1273 1860 putavi
1336 1780 1400 1840 et
1443 1797 1668 1841 noram
1715 1798 1963 1861 omneS,
2019 1777 2129 1841 sed
2175 1800 2357 1842 num-

344 1888 535 1949 quam
581 1887 708 1929 uno
753 1865 896 1930 loco
943 1864 1243 1929 videram.

270 1975 304 2024 2
473 1952 819 2040 Pergamus
877 1952 1106 2038 igitur,
1161 1974 1287 2036 quo
1334 1952 1568 2038 placet,
1626 1958 1689 2017 et
1732 1960 1957 2017 nostra
2003 1953 2218 2018 omnia
2263 1976 2357 2018 re-

342 2043 735 2127 linquamus,
788 2041 1265 2126 proficiscamur
1319 2041 1398 2104 ad
1452 2062 1624 2125 eum,
1678 2041 1782 2105 cui
1837 2041 2083 2126 gratior
2135 2046 2357 2106 noster

345 2131 653 2196 adventus
714 2130 837 2195 er1t
844 2181 863 2215 ,
936 2151 1128 2214 quam
1193 2129 1248 2193 si
1311 2150 1440 2191 una
1497 2129 1856 2194 fuissemus
1955 2128 2122 2193 Tum
2186 2130 2355 2194 enim
2385 2157 2440 2197 20

346 2242 594 2284 eramus
657 2219 727 2283 in
779 2218 1060 2282 maxima
1115 2239 1252 2301 spe,
1315 2238 1487 2280 nunc
1542 2237 1661 2301 ego
1721 2217 1975 2301 quidem
2029 2218 2100 2282 in
2150 2219 2359 2304 nulla3

343 2329 460 2372 nec
518 2311 769 2392 praeter
812 2327 916 2370 me
962 2306 1304 2389 quisquam
1349 2302 1540 2368 Italia
1584 2306 1804 2392 cessit,
1856 2307 1985 2369 nisi
2031 2306 2143 2389 qui
2188 2305 2359 2370 hunc

345 2397 674 2460 inimicum
729 2394 854 2459 sibi
909 2397 1184 2478 putaret.
1272 2390 1411 2457 Nec
1464 2358 1822 2457 mehercule
1873 2393 1997 2458 hoc
2054 2394 2218 2458 facio
2264 2395 2354 2458 rei

345 2485 637 2569 publicae
692 2504 909 2566 causa,
972 2504 1164 2565 quam
1217 2480 1510 2546 funditus
1555 2481 1829 2545 deletam
1872 2486 2058 2565 puto,
2124 2482 2233 2546 sed
2278 2505 2359 2547 ne

347 2573 491 2658 quis
558 2594 659 2636 me
719 2574 905 2654 putet
967 2571 1293 2655 ingratum
1337 2569 1408 2632 in
1453 2591 1626 2653 eum,
1691 2570 1801 2652 qui
1845 2591 1947 2634 me
1990 2570 2231 2634 levavit
2275 2570 2357 2635 iis
2386 2597 2443 2638 25

347 2660 782 2743 incommodiS,
827 2658 1062 2744 quibus
1108 2657 1274 2722 idem
1321 2658 1654 2740 adfecerat,
1701 2664 1766 2722 et
1812 2658 2005 2721 simul
2051 2658 2222 2742 quod
2266 2680 2356 2742 ea,

348 2771 509 2835 quae
545 2749 728 2831 fiunt,
775 2751 887 2812 aut
926 2768 1087 2830 quae
1125 2750 1293 2810 certe
1330 2746 1550 2810 futura
1588 2750 1756 2829 sunt,
1801 2746 2014 2810 videre
2048 2768 2180 2811 non
2214 2769 2357 2831 pos·

350 2859 509 2902 sum.
589 2836 810 2901 Etiam
855 2836 1141 2936 equidem
1192 2838 1452 2898 senatus
1498 2835 1791 2899 consulta
1834 2834 2004 2898 facta
2050 2834 2358 2917 quaedam

347 2928 477 2990 iam
538 2929 729 3012 pute,
791 2924 1040 2989 utinam
1097 2923 1168 2986 in
1219 2922 1481 2986 Volcaci
1538 2923 1949 2987 sententiam!
2024 2921 2149 2987 Sed
2205 2924 2359 3007 quid

348 3014 587 3079 refert?
675 3016 774 3077 est
838 3012 1007 3076 enim
1069 3033 1196 3075 una
1260 3011 1579 3074 sententia
1642 3011 1946 3075 omnium.
2049 3008 2173 3075 Sed
2236 3012 2359 3075 erit
2387 3038 2448 3078 so

349 3101 819 3167 immitissimus
867 3097 1144 3185 Servius,
1190 3098 1301 3182 qui
1346 3097 1553 3163 filium
1599 3099 1777 3163 misit
1823 3099 1902 3163 ad
1948 3097 2361 3184 effligendum

351 3189 462 3256 On.
506 3188 882 3275 Pompeium
934 3193 1047 3252 aut
1100 3193 1268 3252 certe
1312 3186 1685 3272 capiendum
1733 3208 1878 3251 cum
1921 3185 2155 3251 Pontio
2202 3186 2361 3251 Titi-

348 3280 558 3344 nian0.
667 3278 816 3342 Etsi
884 3276 990 3341 hic
1055 3277 1311 3359 quidem
1374 3278 1631 3341 timoris
1697 3298 1913 3360 causa,
1986 3277 2096 3340 ille
2163 3278 2361 3342 vero?

354 3367 476 3432 Sed
560 3365 942 3430 stomachari
1017 3365 1379 3430 desinamus
1457 3369 1519 3430 et
1565 3364 1934 3450 ‘aliquando
2011 3365 2360 3429 sentiamus

351 3453 516 3517 nihil
576 3453 764 3517 nobis
826 3452 986 3537 nisi,
1047 3452 1111 3516 id
1178 3454 1349 3536 quod
1411 3454 1673 3518 minime
1736 3453 1990 3538 vellem,
2057 3453 2360 3536 spiritum
2390 3481 2452 3522 35

352 3540 670 3614 reliquum
716 3560 868 3603 esse.
