2642 3923
303 177 535 230 XXVIII
942 176 1363 230 ADNOTATIO
1402 174 1685 230 ORITIGA

336 332 407 370 ao
433 317 552 385 ipso
581 317 739 370 codd.
759 320 985 387 praeter
1011 317 1069 370 M
1098 318 1327 388 (partim
1355 320 1488 385 ipsa
1517 320 1618 371 aut
1645 319 1801 387 ipse),
1839 316 2120 385 Wesenb.,
2160 318 2323 386 Boot,

347 386 604 454 ehmann,
633 404 737 456 quo
756 390 895 456 ipsa,
917 388 1016 441 sed
1037 388 1161 455 del,
1182 388 1257 454 M,
1287 405 1392 442 om.
1415 389 1623 455 Baiter,
1645 405 1749 457 quo
1768 390 1887 456 ipso
1902 390 2089 443 multa.
2132 389 2321 443 Multa

300 456 533 525 Tyrrell.
572 489 642 503 -
680 463 744 511 17
784 459 910 513 Ast
954 459 1111 512 codd.
1153 462 1273 526 (aut
1305 459 1398 526 N),
1436 460 1538 512 sed
1573 467 1747 514 astute
1785 458 1893 525 ΟΡ,
1930 459 1992 513 in
2026 459 2087 512 Μ
2122 476 2325 513 rasura

299 527 360 580 in
397 529 502 582 Ast
528 527 835 595 (Lehmann
872 544 957 598 ep.
975 528 1071 582 sel.
1092 548 1146 598 p.
1170 534 1311 597 240),
1349 529 1558 596 Baiter,
1596 530 1830 599 Tyrrell,
1870 529 2171 584 Lehmann.
2229 530 2321 583 Ad

299 616 351 668 p.
385 604 468 652 25.
502 605 581 652 12.
613 630 683 641 —
709 599 788 652 Ib.
821 601 1111 668 quondam
1145 599 1386 667 Ernesti,
1424 600 1581 654 Boot.
1621 631 1691 641 —
1729 607 1792 654 31
1833 601 1895 654 id
1929 601 2103 670 quod
2138 600 2322 667 Klotz,

302 669 581 723 Streicher
609 668 912 724 Comment.
949 670 1162 723 Ienens.
1183 671 1259 723 ΠΙ
1285 689 1339 739 p.
1363 676 1465 725 139
1493 690 1546 725 n.
1568 677 1618 735 3,
1656 670 1890 739 Tyrrell,
1920 672 2112 740 idque
2140 672 2321 738 codd,

300 740 467 809 vulg.,
505 741 656 807 quod
691 758 802 794 non
838 741 1237 809 repudiassem,
1274 741 1387 794 nisi
1422 741 1482 794 in
1512 741 1799 796 codicibus
1826 741 1970 795 nihil
1998 742 2117 813 fere
2142 742 2319 796 inter·

301 815 452 865 esset
492 810 642 864 inter
687 829 787 881 que
835 814 893 865 et
939 813 1082 881 quod
1128 815 1187 865 et
1231 812 1351 865 sim.
1366 855 1379 879 ,
1436 813 1591 866 velut
1635 830 1735 881 que
1782 813 2054 882 scriptum
2094 815 2183 866 est
2217 828 2318 882 pro

302 883 445 950 qaod
493 900 547 951 p.
582 887 697 935 144.
731 887 816 949 16,
862 887 981 936 499.
1014 889 1098 949 22,
1135 899 1235 952 pro
1275 899 1381 952 quo
1418 889 1537 938 254.
1569 890 1653 949 22,
1694 888 1811 937 257.
1845 890 1876 936 5
1916 885 2179 953 (qaoque),
2217 899 2322 951 pro

301 969 403 1006 eon
437 958 555 1006 392.
589 958 681 1018 14,
730 968 832 1021 pro
870 953 968 1022 qui
1002 959 1120 1007 296.
1154 957 1239 1022 18,
1284 958 1405 1007 498.
1439 960 1505 1007 19
1545 955 1866 1023 (ceteroque),
1905 955 2049 1023 quod
2082 970 2185 1022 pro
2223 954 2320 1021 qui

301 1026 442 1092 (111.
474 1027 579 1092 24,)
626 1029 744 1076 221.
776 1029 869 1091 32,
917 1024 1052 1092 quid
1095 1040 1198 1093 pro
1236 1041 1337 1092 que
1376 1028 1493 1078 143.
1527 1029 1618 1090 19,
1701 1026 1765 1077 m·
1797 1040 1900 1093 pro
1939 1041 2040 1093 que
2079 1029 2195 1077 120.
2231 1030 2321 1091 12,

301 1099 421 1147 250.
453 1100 544 1160 16,
592 1098 710 1147 297.
744 1098 827 1160 17,
914 1110 974 1148 ro
1013 1111 1150 1164 quae
1188 1100 1305 1148 141.
1339 1101 1407 1148 36
1444 1097 1549 1149 etc.
1619 1092 1660 1147 C
1688 1137 1698 1148 .
1731 1095 1806 1148 ad
1840 1113 1895 1165 p.
1925 1100 2011 1148 40.
2042 1100 2108 1147 21
2141 1097 2200 1147 et
2228 1099 2312 1162 30,

298 1163 443 1219 Phil.
471 1183 525 1233 p.
557 1170 674 1217 473.
706 1169 765 1230 83
801 1164 861 1217 in
887 1181 952 1218 ra
989 1165 1064 1217 ad
1096 1183 1150 1235 p.
1175 1170 1293 1219 121.
1316 1171 1399 1219 21.
1466 1168 1484 1234 ΙΙ
1546 1166 1617 1219 P.
1639 1165 1736 1220 89.
1761 1169 1788 1219 1
1829 1166 1962 1219 mire
2000 1162 2133 1218 Otto
2173 1182 2312 1218 mus.

298 1233 475 1288 Rhen.
501 1240 638 1288 1886
665 1253 719 1303 p.
742 1241 862 1301 366,
899 1236 963 1289 in
990 1253 1070 1290 me
1099 1235 1277 1302 codd„
1308 1235 1437 1306 secl.
1468 1236 1677 1303 Baiter,
1706 1235 1866 1302 Boot,
1893 1235 2127 1304 Tyrrell,
2158 1251 2323 1288 cruce

302 1305 522 1359 notavit
565 1306 824 1359 Wesenb.
843 1348 856 1372 ,
912 1307 1025 1360 iam
1076 1304 1366 1360 Lehmann
1384 1349 1398 1373 ,
1452 1324 1654 1361 summe
1710 1309 1811 1360 aut
1864 1308 2120 1360 acerrime
2175 1305 2315 1360 coni.

299 1375 529 1444 Kayser.
586 1408 655 1417 —
710 1382 740 1428 2
782 1393 888 1442 me,
933 1393 1102 1443 meos,
1146 1394 1265 1431 mea
1300 1376 1591 1431 Lehmann
1630 1375 2047 1431 ‘Wochenschn
2078 1376 2116 1430 f.
2145 1375 2318 1430 klass.

301 1447 466 1501 Philss
509 1453 662 1502 1897.
702 1452 804 1500 558
821 1463 902 1515 sq.
926 1447 993 1500 of.
1014 1446 1145 1501 fam.
1176 1446 1253 1499 VI
1282 1453 1314 1500 3
1336 1464 1438 1514 ex„
1468 1447 1685 1501 Phil.11
1713 1453 1797 1503 28.
1815 1453 1901 1510 68,
1929 1447 2024 1501 hic
2049 1466 2104 1516 p.
2127 1453 2211 1501 so.
2234 1453 2322 1514 27,

301 1535 381 1571 me
408 1533 548 1572 meos
574 1534 655 1571 me
680 1534 729 1570 v.
749 1534 794 1570 c.
814 1516 1090 1583 Lambini,
1120 1519 1224 1571 mei
1251 1535 1392 1572 meos
1417 1520 1547 1573 meis
1572 1518 1707 1572 Bosi
1729 1518 1959 1585 ‘codd.’,
1987 1535 2069 1572 me
2095 1520 2226 1573 meis
2243 1517 2319 1584 M,

303 1606 381 1642 me
419 1605 659 1657 meosque
694 1589 824 1642 meis
859 1604 1033 1657 marg.
1063 1587 1148 1655 M,
1194 1588 1403 1655 Baiter,
1449 1588 1731 1655 Wesenb.,
1771 1589 1930 1656 Boot,
1967 1588 2203 1657 Tyrrell,
2240 1606 2323 1642 me

302 1675 442 1713 meos
468 1658 754 1712 Lehmann
783 1674 866 1728 ep.
891 1657 987 1711 sel.
1010 1658 1037 1711 I
1064 1663 1145 1712 16.
1177 1689 1247 1700 -
1286 1666 1317 1712 9
1355 1677 1435 1713 me
1464 1657 1627 1726 Crat,
1669 1659 1881 1727 Lamb.,
1910 1658 2100 1726 Orelli,
2129 1659 2324 1712 Baiter

301 1731 536 1799 (tantum
571 1731 688 1798 me),
716 1728 1021 1796 Lehmann,
1059 1746 1165 1783 orn.
1197 1729 1375 1796 codd,
1413 1730 1561 1800 vulg.
1623 1729 1686 1785 V.
1719 1731 1792 1783 ad
1825 1750 1879 1799 p.
1914 1736 1995 1784 11.
2031 1735 2114 1796 11,
2154 1735 2201 1783 8.
2235 1735 2317 1801 19.

300 1831 372 1842 -
400 1805 466 1853 26
504 1800 747 1869 aliquid
775 1799 1053 1865 Wesenb.,
1089 1799 1249 1867 Boot,
1286 1800 1505 1868 Tyrrell
1541 1817 1625 1871 ep.
1659 1808 1742 1868 74,
1780 1802 1914 1870 quid
1941 1800 2016 1868 M,
2055 1801 2156 1853 sed
2181 1819 2228 1854 v.
2253 1806 2323 1853 25

301 1872 576 1925 datarum.
605 1888 736 1924 nam
774 1871 933 1924 aliud
970 1872 1186 1939 aliquid
1221 1871 1318 1939 (ad
1352 1889 1406 1941 p.
1439 1878 1521 1925 24.
1545 1876 1615 1941 8),
1658 1872 1782 1925 ‘sed
1815 1871 1986 1925 verba
2022 1872 2180 1924 aliud
2216 1872 2321 1925 ali·

302 1942 437 2012 qaid
481 1940 635 1995 linea
681 1941 961 1996 subducta
998 1941 1188 1996 deleta
1224 1942 1397 2010 sunt’,
1444 1942 1651 1998 Baiter.
1706 1972 1778 1984 —
1833 1946 1900 1996 28
1921 1958 2000 2008 sq.
2042 1942 2324 2009 minorem,

303 2013 505 2083 quod,
540 2030 662 2067 eum
698 2013 754 2080 Z,
791 2013 1000 2080 Baiter,
1038 2012 1299 2067 Wesenb.
1330 2045 1401 2054 —
1438 2019 1505 2066 29
1544 2015 1740 2066 laetae
1776 2012 1833 2078 Z,
1873 2011 2149 2077 Wesenb.,
2197 2029 2319 2064 cum

304 2086 476 2138 laetae
501 2086 630 2150 sint,
658 2084 789 2137 dam
817 2085 863 2138 le
900 2091 1089 2150 untur,
1116 2079 1238 2138 eam
1266 2084 1429 2138 lectae
1454 2090 1598 2148 sumt,
1625 2090 1743 2137 tam
1759 2081 2047 2135 Lehmann
2072 2079 2316 2134 ‘Jahres-

301 2154 522 2208 bericht
572 2155 669 2207 des
713 2154 872 2223 philo
900 2197 908 2208 .
939 2153 1197 2208 Vereins'
1241 2159 1380 2208 1888
1418 2172 1470 2222 p.
1504 2159 1623 2220 257,
1670 2170 1808 2224 quae
1843 2170 2009 2222 qaum
2047 2153 2322 2221 leqwntwr,

301 2242 447 2293 spem
495 2227 744 2291 faciunt;
788 2242 953 2294 qaam
1001 2226 1164 2279 lectae
1213 2233 1344 2279 sunt
1380 2224 1520 2279 coni.
1551 2225 1708 2278 Boot.
1761 2255 1829 2265 —
1884 2223 1963 2277 Ib.
1995 2224 2324 2278 attulerant

301 2295 550 2363 Ernesti,
599 2295 815 2360 Baiter;
874 2296 946 2348 ad
991 2313 1046 2363 p.
1079 2301 1161 2349 22.
1196 2301 1278 2349 10.
1336 2327 1407 2336 -
1462 2301 1526 2349 31
1567 2312 1630 2349 ro
1665 2312 1697 2350 ο
1725 2295 1919 2364 plane,
1968 2301 2031 2349 ut
2076 2294 2200 2347 edd.
2251 2325 2320 2334 -—

303 2373 371 2420 32
407 2368 558 2422 scies
587 2365 869 2433 Wesenb.,
917 2366 1078 2433 Boot,
1128 2365 1349 2434 Tyrrell
1388 2365 1632 2436 plausib‘
1661 2383 1692 2420 e
1726 2383 1839 2420 non
1876 2365 2058 2419 solum
2092 2368 2327 2433 propter

301 2437 638 2491 facilitatem
684 2436 849 2507 (nihil
896 2436 1046 2489 enim
1098 2436 1447 2504 frequentius
1505 2439 1593 2490 est
1638 2436 1962 2491 confusione
2004 2435 2322 2489 litterarum

302 2511 368 2576 ie,
415 2510 480 2576 ei,
518 2510 556 2575 i,
594 2511 658 2576 e),
698 2508 796 2561 sed
832 2510 1062 2576 propter
1096 2507 1492 2560 necessitatem
1529 2509 1681 2576 (nam
1719 2507 1875 2560 aliud
1911 2510 2013 2573 est,
2052 2505 2203 2573 quod
2239 2509 2322 2558 te·

300 2579 409 2649 tigi
443 2598 498 2649 p.
521 2585 604 2632 87.
628 2584 695 2660 33
722 2580 773 2633 si
797 2580 1113 2660 restituor),
1150 2580 1255 2633 scis
1283 2577 1461 2645 codd,
1490 2577 1645 2647 vulg.
1664 2608 1735 2619 ·—-
1761 2577 1839 2630 Tb.
1861 2584 1929 2659 at
1943 2577 2167 2645 putabis
2189 2575 2319 2628 add.

300 2648 1165 2787 goeggggggffssgggggffiff
1186 2647 1627 2773 &amb
1650 2650 1799 2783 13εὲ
1821 2645 2323 2786 mmm

301 2791 440 2844 mihi
468 2791 702 2843 videtur.
751 2792 769 2858 ΙΙ
813 2790 883 2844 P.
901 2790 998 2844 90.
1019 2795 1054 2841 4
1082 2792 1259 2844 tristes
1284 2792 1442 2844 nobis
1469 2789 1543 2855 M,
1569 2790 1690 2843 ‘sed
1718 2790 1839 2842 ead.
1861 2806 1932 2842 m.
1956 2788 2139 2856 corr.’,
2159 2787 2322 2841 Boot.

301 2892 371 2902 --
400 2867 430 2914 5
460 2862 491 2894 *
502 2861 649 2914 Non.
670 2860 827 2914 Boot.
847 2890 918 2900 —
945 2866 977 2913 6
998 2860 1065 2913 L.
1087 2860 1298 2913 Manut.
1321 2875 1390 2912 ex
1419 2876 1504 2929 ep.
1526 2860 1653 2912 XIII
1680 2864 1831 2926 601,
1859 2860 2019 2926 Boot,
2040 2858 2323 2926 Wesenb.,

300 2930 521 3000 Tyrrell
557 2947 643 3000 ep.
677 2935 768 2993 75,
820 2930 902 2984 M.
969 2929 1044 2996 Μ,
1091 2933 1153 2984 in
1192 2930 1308 2996 alii,
1348 2947 1452 2983 om.
1484 2930 1691 2984 Baiter.
1732 2962 1802 2970 —
1839 2936 1870 2983 9
1909 2937 2041 2984 tum
2079 2948 2116 2983 a
2151 2931 2329 2995 fratre

300 3004 453 3068 vett,
492 3001 700 3067 Baiter,
741 2999 1019 3068 Wesenb.,
1058 3002 1208 3069 isque
1243 3002 1380 3054 mihi
1415 3019 1452 3055 a
1493 3000 1552 3069 Q.
1583 3003 1757 3067 fratre
1785 3001 1966 3065 Klotz,
2006 3017 2132 3053 cum
2161 3015 2325 3053 cruce

300 3071 531 3141 Tyrrell.
563 3101 633 3112 -
662 3077 729 3124 23
766 3089 979 3126 vereare
1016 3072 1156 3125 coni.
1186 3070 1397 3138 Baiter,
1436 3088 1538 3124 scr.
1570 3070 1853 3138 Wesenb.,
1890 3071 2049 3137 Boot,
2088 3069 2328 3138 Tyrrell,

300 3143 472 3197 vereri
514 3141 708 3195 Baiter
754 3158 823 3195 ex
869 3142 907 3195 Z
956 3144 1014 3195 et
1048 3144 1179 3195 vett.
1213 3141 1583 3207 editionibus,
1634 3141 2018 3209 ‘quamquam’
2060 3140 2121 3193 in
2157 3139 2324 3196 Torn.

304 3214 610 3282 ‘postrema
647 3212 868 3281 syllaba
894 3230 1005 3267 non
1037 3212 1340 3266 admodum
1374 3212 1686 3282 appareat’,
1724 3230 1828 3268 om.
1860 3212 1931 3265 M.
2004 3214 2023 3280 u
2081 3212 2153 3266 P.
2174 3211 2271 3267 91.
2293 3217 2330 3264 3

300 3287 336 3355 †
358 3283 568 3337 addidi.
643 3283 822 3337 Multo
861 3284 1061 3337 melius
1102 3283 1341 3337 Schuetz
1386 3285 1473 3338 Tu
1508 3286 1558 3337 si
1610 3315 1700 3350 —‚
1753 3301 1832 3338 me
1867 3285 1961 3349 fac
1998 3299 2168 3350 quam
2205 3282 2331 3337 Fac

302 3386 371 3395 -
425 3357 518 3421 fae
571 3371 653 3409 me
696 3354 955 3408 Wesenb.
998 3357 1057 3407 et
1102 3353 1321 3421 Tyrrell
1370 3370 1454 3423 ep.
1497 3358 1562 3406 76
1611 3355 1681 3407 de
1725 3353 1942 3407 Baiteri
1988 3354 2328 3407 coniectura.

301 3426 448 3480 Fort.
490 3425 663 3479 etiam
710 3427 904 3491 Nunc,
957 3424 1139 3493 Quod,
1191 3425 1397 3494 Quare,
1445 3425 1574 3495 Aqe.
1627 3456 1696 3465 —
1763 3431 1827 3477 21
1876 3426 2151 3480 interesset
2177 3424 2208 3457 *
2237 3425 2268 3457 *
2296 3424 2331 3459 *

304 3497 590 3564 Wesenb.,
647 3497 815 3565 Boot,
867 3513 1006 3565 qaae
1051 3503 1182 3551 esset
1229 3495 1394 3549 inser.
1436 3494 1656 3564 Tyrrell
1702 3510 1786 3564 ep.
1830 3501 1895 3549 77
1942 3511 2031 3549 me
2082 3497 2332 3561 auctore,
