2642 3923
325 196 456 261 332
963 196 1036 252 M.
1076 196 1289 251 TULLI
1326 195 1701 251 CICERONIS

319 340 430 404 das
440 391 457 424 ,
520 340 677 405 facis
733 339 1077 405 commode.
1180 339 1492 416 Quintum
1548 339 1755 403 filium
1810 338 1944 403 vidi
1998 337 2110 422 qui
2165 335 2340 402 Sami

319 429 610 512 vidisset,
663 432 913 512 patrem
968 427 1254 511 Sicyone.
1349 427 1635 503 Quorum
1690 427 2051 511 deprecatio
2109 430 2207 491 est
2251 426 2339 489 fa-

319 517 477 582 cilis.
566 514 838 583 Utinam
880 516 1008 602 illi,
1068 517 1178 601 qui
1223 516 1405 600 prius
1452 516 1637 580 illum
1682 516 1979 598 viderint,
2024 535 2126 579 me
2172 513 2340 598 apud

320 628 466 669 eum
510 605 714 669 velint
759 605 1051 669 adiutum
1078 609 1354 690 tantum,
1398 609 1711 689 quantum
1746 624 1866 689 ego
1904 603 2055 668 illos
2093 603 2339 689 vellem,

323 694 379 758 si
423 692 579 778 quid
623 695 903 777 possem!
2393 716 2423 757 ⁶

456 781 642 857 Quod
687 803 897 867 rogae,
941 785 1016 845 ut
1061 781 1132 845 in
1177 781 1415 845 bonam
1459 783 1711 865 partem
1749 779 2076 865 accipiam,
2121 779 2177 843 si
2215 801 2341 863 qua

322 869 454 933 sint
508 869 580 934 in
633 870 784 936 tuis
811 869 1075 955 litteriS,
1129 891 1292 954 quae
1339 890 1441 933 me
1486 869 1847 952 mordeant,
1907 888 2026 951 ego
2074 888 2224 931 vero
2273 868 2341 931 in

322 958 634 1041 optimam
678 963 868 1043 teque
905 978 1084 1044 rog0,
1129 962 1203 1022 ut
1242 961 1479 1041 aperte,
1526 978 1714 1041 quem
1752 957 1832 1020 ad
1866 956 2127 1019 modum
2163 956 2340 1043 facis,

323 1046 562 1110 scribas
623 1046 705 1110 ad
760 1068 860 1110 me
930 1046 1144 1110 omnia
1196 1045 1391 1130 idque
1442 1044 1641 1109 facias
1704 1066 1897 1128 quam
1955 1044 2338 1128 saepissime.

320 1133 497 1199 Vale.
542 1152 697 1199 xlm
740 1134 817 1198 K.
856 1133 986 1198 Ian.
2372 1160 2431 1199 ιο

1245 1308 1422 1374 VIII.

691 1430 803 1486 Ser.
834 1431 1112 1485 Brundisi
1150 1430 1321 1484 XIII
1349 1430 1425 1484 K.
1453 1430 1580 1485 Ian.
1610 1448 1660 1484 a.
1694 1435 1804 1486 706·
1843 1434 1983 1500 (48).

964 1552 1220 1610 CICERO
1256 1552 1520 1608 ATTICO
1560 1553 1706 1607 SAL.

455 1661 727 1739 Quantis
772 1662 941 1728 curis
987 1661 1319 1747 conficiar,
1374 1662 1497 1725 etsi
1542 1664 1830 1745 profecto
1877 1662 2073 1747 vides,
2125 1666 2343 1726 tamen

325 1772 668 1837 cognosces
741 1772 819 1816 ex
882 1749 1088 1835 Lepta
1160 1753 1225 1815 et
1288 1749 1610 1816 Trebatio.
1713 1751 2028 1815 Maximas
2101 1772 2340 1835 poenas
2372 1777 2428 1817 1⁵

324 1840 529 1924 pendo
575 1839 958 1905 temeritatis
1003 1860 1196 1922 meae,
1243 1859 1435 1921 quam
1480 1842 1555 1902 tu
1600 1840 2010 1922 prudentiam
2055 1837 2217 1903 mihi
2252 1839 2342 1903 vi-

326 1928 460 1994 deri
522 1928 646 2013 vis3
708 1949 915 2012 neque
977 1932 1043 1993 te
1096 1926 1410 2011 deterre0‚
1476 1948 1602 2011 quo
1659 1928 1872 1992 minus
1927 1928 1995 1992 id
2051 1927 2342 2011 disputes

326 2018 693 2101 scribasque
746 2016 825 2081 ad
877 2038 980 2081 me
1035 2037 1227 2100 quam
1285 2016 1673 2099 saepissime.
1764 2015 1915 2082 Non
1959 2015 2128 2080 nihil
2173 2016 2344 2080 enim

325 2129 425 2170 me
487 2106 705 2170 levant
769 2109 918 2169 tuae
970 2104 1224 2168 litterae
1277 2102 1402 2168 hoc
1455 2108 1756 2188 tempore.
1845 2103 1969 2169 Per
2024 2126 2133 2169 eos
2149 2155 2166 2188 ,
2231 2105 2344 2188 qui

326 2199 549 2259 nostra
601 2214 792 2258 causa
848 2193 1076 2257 volunt
1121 2192 1466 2276 valentque
1511 2194 1680 2276 apud
1723 2193 1934 2276 illum,
1990 2192 2343 2278 diligentis·
2374 2221 2432 2259 so

329 2283 489 2347 sime
532 2281 879 2346 contendas
925 2302 1085 2364 opus
1132 2283 1250 2365 est,
1292 2302 1409 2364 per
1453 2278 1729 2345 Balbum
1775 2285 1840 2345 et
1888 2278 2171 2365 Oppium
2216 2303 2343 2345 ma-

328 2371 515 2454 xime,
575 2373 652 2434 ut
696 2370 772 2434 de
818 2390 919 2433 me
966 2368 1249 2433 scribant
1295 2390 1489 2452 quam
1533 2369 2039 2454 diligentissime.
2132 2366 2344 2453 Oppu-

329 2480 602 2544 gnamur
649 2458 836 2542 enim,
881 2460 955 2521 ut
1000 2457 1216 2541 audio,
1278 2461 1344 2521 et
1390 2479 1427 2520 a
1470 2457 1915 2540 praesentibus
1962 2457 2342 2542 quibusdam

329 2552 394 2612 et
438 2568 552 2631 per
595 2545 864 2610 litteras
938 2545 1027 2609 Iis
1072 2546 1166 2609 ita
1211 2549 1309 2610 est
1348 2545 1818 2629 occurrendum,
1863 2550 1939 2610 ut
1973 2546 2067 2609 rei
2102 2546 2344 2631 magni·

261 2655 290 2700 2
328 2636 485 2699 tudo
549 2634 855 2718 postulat.
957 2631 1180 2697 Fufius
1244 2636 1345 2696 est
1407 2633 1565 2717 illic,
1624 2633 1785 2697 mihi
1847 2633 2342 2698 inimicissimus
2376 2662 2431 2702 25

330 2722 607 2799 Quintus
652 2723 830 2786 misit
875 2722 1082 2785 filium
1125 2742 1258 2786 non
1303 2720 1515 2785 solum
1559 2722 1660 2787 sui
1698 2722 2191 2807 deprecatorem,
2236 2723 2345 2787 sed

331 2812 527 2876 etiam
581 2814 1010 2875 accusatorem
1063 2809 1206 2874 mei
1298 2808 1574 2874 Dictitat
1631 2832 1697 2875 se
1754 2833 1791 2873 a
1833 2832 1936 2874 me
1981 2810 2151 2894 apud
2196 2807 2345 2875 Cae·

333 2922 538 2965 sarem
594 2898 979 3001 oppugnari,
1036 2898 1206 2981 quod
1250 2898 1489 2961 refellit
1537 2896 1770 2963 Caesar
1815 2899 1952 2982 ipse
2000 2920 2345 2983 omnesque

331 2989 467 3052 eius
497 2987 696 3051 amici
770 2985 996 3069 Neque
1032 3007 1181 3050 vero
1222 2986 1496 3070 desistit,
1547 2986 1931 3071 ubicumque
1969 2991 2087 3073 est,
2132 2988 2346 3052 omnia

330 3078 400 3141 in
458 3098 560 3140 me
614 3075 951 3139 maledicta
1005 3075 1304 3139 conferre.
1397 3073 1581 3138 Nihil
1634 3074 1794 3138 mihi
1847 3096 2153 3158 umquam
2212 3079 2346 3140 tam
2377 3103 2436 3144 ao

331 3163 702 3228 incredibile
768 3163 1021 3246 accidit,
1078 3162 1243 3227 nihil
1307 3163 1377 3226 in
1440 3162 1544 3227 1113
1598 3164 1784 3227 malis
1839 3167 1974 3227 tam
2033 3163 2345 3228 acerbum

332 3251 456 3328 Qui
502 3273 577 3315 ex
624 3252 767 3334 ipso
815 3251 1160 3337 audissent,
1204 3273 1351 3315 cum
1396 3248 1668 3334 Sicyone
1713 3251 1925 3335 palam
1971 3251 2196 3315 multis
2243 3274 2348 3316 au-

333 3338 660 3403 dientibus
705 3339 1076 3422 loqueretur
1118 3339 1365 3403 nefaria
1411 3340 1746 3426 quaedam,
1805 3339 1885 3403 ad
1928 3361 2030 3403 me
2074 3340 2348 3423 pertule-

332 3429 500 3490 runt.
591 3424 786 3489 Nosti
849 3447 1077 3510 genuS,
1141 3428 1336 3490 etiam
1400 3433 1700 3511 expertus
1766 3450 1831 3492 es
1892 3428 2181 3493 fortasse.
2272 3426 2347 3493 In

333 3535 433 3576 me
494 3513 561 3575 id
625 3519 723 3576 est
787 3535 972 3577 omne
1031 3535 1425 3578 conversum.
1529 3513 1651 3579 Sed
1710 3537 1912 3600 augeo
1970 3537 2350 3581 commemo·
2381 3544 2439 3586 ³⁶
