2642 3923
348 211 481 277 530
986 208 1062 264 M.
1101 207 1315 264 TULLI
1353 207 1731 264 CICERONIS

352 355 610 440 publica
655 354 1098 420 contentiones
1145 352 1740 437 sollicitudinesque
1784 352 2062 416 fuerunt.
2143 350 2381 435 Itaque

351 444 455 509 vel
508 444 712 528 ipsius
766 443 976 506 virtus
1031 441 1135 506 vel
1187 445 1413 505 nostra
1464 440 1871 506 necessitudo
1931 440 2121 504 debet
2166 440 2380 504 conci-

352 532 511 596 liare
573 535 639 596 te
692 530 807 595 illi.
899 529 1040 606 Quo
1097 530 1309 594 minus
1367 529 1572 593 multa
1626 529 1789 593 mihi
1843 528 2178 592 scribenda
2232 548 2381 592 esse

355 620 650 685 arbitror.
742 619 1064 684 Voluntas
1119 618 1290 683 enim
1344 622 1408 681 te
1461 639 1717 683 movere
1774 617 1963 681 debet
2007 620 2260 701 nostra,
2316 616 2380 679 si

354 708 545 773 modo
600 708 773 772 iusta
826 710 927 772 est
981 709 1093 770 aut
1145 727 1264 790 pro
1321 706 1534 771 officio
1587 705 1946 770 necessario
2006 704 2377 788 suscipitur.
2439 738 2466 778 5
2570 704 2575 708 ’

355 797 427 863 Is
479 798 549 861 in
592 795 837 860 Pansae
894 796 1106 860 locum
1159 798 1377 879 petere
1430 794 1785 858 constituit.
1876 793 2040 857 Eam
2083 793 2381 857 nomina-

346 886 597 950 tionem
651 907 689 949 a
742 888 808 949 te
862 885 1156 968 petimus.
1248 882 1474 966 Neque
1521 882 1945 947 coniunctiori
1990 882 2141 945 dare
2187 880 2381 945 bene-

354 974 596 1057 ficium,
653 994 846 1057 quam
888 994 1009 1036 nos
1055 971 1180 1036 tibi
1225 993 1466 1056 sumus,
1518 992 1726 1055 neque
1772 970 2126 1054 digniorem
2171 969 2377 1032 nomi·

285 1080 318 1129 2
355 1083 510 1126 nare
564 1066 751 1145 potes
811 1081 1004 1145 quam
1057 1059 1382 1124 Bibulum.
1474 1057 1570 1124 De
1626 1059 1916 1123 Domitio
1972 1061 2038 1121 et
2098 1058 2378 1141 Apuleio

359 1151 512 1234 quid
567 1150 801 1214 attinet
855 1171 956 1213 me
1012 1148 1314 1232 scribere,
1371 1169 1516 1211 cum
1569 1148 1697 1231 ipsi
1750 1170 1863 1231 per
1924 1169 1991 1211 se
2037 1145 2160 1210 tibi
2205 1167 2381 1210 com·
2410 1179 2466 1219 10

353 1237 819 1303 mendatissimi
866 1237 1039 1301 sint?
1120 1236 1468 1320 Apuleium
1516 1258 1667 1300 vero
1713 1239 1786 1299 tu
1830 1239 1946 1298 tua
1991 1234 2381 1298 auctoritate

356 1327 672 1391 sustinere
716 1325 924 1391 debes.
999 1322 1126 1389 Sed
1168 1323 1485 1408 Apuleius
1528 1325 1596 1387 in
1634 1345 1750 1388 sua
1788 1324 2064 1406 epistula
2100 1322 2381 1386 celebra-

357 1415 551 1500 bitur,
594 1414 902 1478 Bibulum
947 1413 1084 1477 noli
1129 1413 1454 1477 dimittere
1500 1433 1534 1476 e
1582 1412 1727 1476 sinu
1771 1416 1907 1497 tu0,
1953 1415 2207 1475 tantum
2244 1411 2383 1475 iam

352 1504 582 1587 virum,
637 1524 714 1566 ex
761 1506 1021 1586 quanto,
1076 1501 1256 1566 crede
1299 1500 1482 1585 mihi,
1526 1503 1743 1584 potest
1787 1500 2070 1584 evadere,
2115 1499 2227 1582 qui
2273 1521 2383 1564 ve-

356 1591 511 1656 stris
555 1612 904 1676 paucorum
946 1589 1333 1674 respondeat
1376 1589 1691 1653 laudibus
2409 1619 2464 1660 15

1275 1799 1451 1866 VIII.

802 1923 916 1980 Ser.
948 1940 1015 1978 m.
1046 1924 1210 1979 Maio
1246 1930 1347 1979 aut
1379 1923 1459 1977 in.
1489 1923 1618 1978 Iwn.
1650 1939 1698 1977 a.
1734 1926 1837 1978 711
1880 1923 2020 1991 (43).

1005 2044 1260 2103 CICERO
1299 2043 1543 2099 BRUTO
1583 2045 1730 2099 SAL.

288 2174 317 2223 1
489 2155 734 2220 Multos
799 2155 922 2220 tibi
986 2154 1439 2220 commendabo
1506 2158 1571 2219 et
1631 2154 2059 2219 commendem
2118 2175 2374 2218 necesse

360 2248 473 2309 est.
566 2242 865 2327 Optimus
922 2244 1091 2308 enim
1145 2243 1418 2327 quisque
1471 2243 1572 2306 vir
1626 2246 1694 2306 et
1746 2242 1902 2306 civis
1957 2243 2237 2307 maxime
2286 2264 2380 2306 se-
2409 2273 2464 2312 20

361 2333 581 2417 quitur
616 2335 802 2396 tuum
838 2333 1162 2415 iudicium,
1197 2331 1449 2416 tibique
1487 2352 1706 2395 omnes
1742 2330 1943 2395 fortes
1982 2330 2105 2394 viri
2139 2352 2382 2394 navare

361 2442 619 2504 operam
664 2424 729 2484 et
775 2421 1060 2484 studium
1106 2419 1353 2505 volunt,
1395 2441 1513 2484 nec
1549 2420 1889 2503 quisquam
1928 2422 2044 2503 est,
2090 2419 2246 2503 quin
2282 2418 2380 2483 ita

360 2510 712 2593 existimet,
765 2529 972 2573 meam
1028 2509 1198 2592 apud
1250 2512 1318 2571 te
1378 2511 1443 2572 et
1490 2507 1939 2572 auctoritatem
1987 2511 2051 2571 et
2097 2506 2377 2592 gratiam

290 2617 320 2664 2
359 2597 569 2663 valere
614 2597 979 2681 plurimum.
1074 2595 1198 2660 Sed
1245 2594 1311 2660 O.
1351 2594 1415 2659 N
1419 2596 1769 2680 asennium‚
1824 2595 2214 2679 municipem
2259 2594 2379 2660 Su-

363 2708 686 2771 essanum,
738 2686 861 2750 tibi
914 2686 1007 2749 ita
1061 2685 1433 2749 commendo
1489 2688 1565 2747 ut
1618 2684 1938 2748 neminem
1984 2684 2376 2768 diligentius.
2411 2711 2466 2753 2⁵

365 2774 654 2840 Cretensi
708 2774 878 2838 bello
924 2773 1186 2838 Metello
1247 2771 1631 2856 imperatore
1679 2776 1975 2836 octavum
2021 2773 2379 2855 principem

362 2863 562 2947 duxit,
621 2866 873 2970 postea
892 2863 963 2926 in
1005 2884 1073 2926 re
1117 2861 1422 2925 familiari
1471 2865 1818 2944 occupatus
1862 2860 2007 2943 fuit,
2051 2859 2174 2924 hoc
2220 2864 2380 2925 tem-

361 2972 516 3036 pore
579 2971 722 3014 cum
784 2950 878 3015 rei
941 2950 1236 3034 publicae
1299 2949 1592 3033 partibus
1657 2953 1796 3013 tum
1861 2952 1973 3012 tua
2035 2948 2376 3013 exceUenti

361 3040 674 3124 dignitate
730 3043 1088 3103 commotus
1143 3038 1352 3102 voluit
1405 3060 1518 3120 per
1563 3041 1629 3102 te
1683 3036 1924 3121 aliquid
1969 3038 2378 3101 auctoritatis

276 3136 281 3139 ’
324 3192 329 3199 ,
361 3128 705 3192 adsumere.
780 3126 1040 3191 Fortem
1076 3127 1304 3212 virum,
1349 3125 1565 3205 Brute,
1610 3125 1735 3190 tibi
1770 3125 2159 3209 commendo,
2198 3125 2378 3210 frugi
2411 3155 2471 3194 80

360 3216 686 3280 hominem
732 3219 823 3300 et,
878 3215 935 3279 si
979 3215 1134 3299 quid
1179 3215 1258 3279 ad
1304 3235 1439 3278 rem
1484 3215 1793 3316 pertinet,
1861 3214 2055 3278 etiam
2099 3214 2383 3297 locuple-

361 3309 508 3368 tem.
606 3302 988 3389 Pergratum
1040 3303 1201 3367 mihi
1256 3303 1407 3389 erit,
1462 3303 1520 3367 si
1578 3324 1723 3367 eum
1775 3301 1869 3366 ita
1921 3302 2248 3388 tractaris,
2303 3307 2383 3368 ut

360 3392 591 3455 merito
639 3396 752 3455 tuo
799 3391 961 3455 mihi
1006 3392 1249 3477 gratias
1297 3411 1494 3476 agere.
1531 3391 1755 3474 possit.
