2642 3923
668 180 1183 236 EPISTULARUM
1218 180 1316 235 AD
1355 179 1680 235 ATTICUM
1716 181 1794 234 IV
1830 186 1879 249 2,
1918 186 1967 234 3.
2204 178 2326 242 107

312 325 432 390 nis.
523 324 647 401 Qui
692 328 874 389 erant
919 346 1193 408 mecum,
1249 325 1433 388 facile
1490 345 1714 408 operas
1770 323 1947 388 aditu
1994 322 2331 407 prohibue-

209 412 217 417 ’
314 417 484 477 runt.
559 412 703 501 Ipse
743 412 941 477 occidi
979 412 1211 496 potuit,
1257 413 1369 476 sed
1407 433 1525 497 ego
1564 412 1774 476 diaeta
1811 433 2031 476 curare
2075 410 2331 494 incipi0,

315 501 674 585 chirurgiae
728 501 958 566 taedet.
1050 499 1168 565 Ille
1228 501 1517 581 omnium
1560 501 1826 565 vocibus
1882 522 2026 564 cum
2080 521 2149 564 se
2200 520 2332 563 non

317 589 398 654 ad
440 589 766 674 iudicium,
812 589 922 653 sed
967 589 1046 653 ad
1091 589 1479 672 supplicium
1524 610 1823 672 praesens
1859 587 2033 652 trudi
2070 586 2330 669 videret,

265 703 290 744 ε
319 699 536 742 omnes
584 675 893 742 Catilinas
941 676 1247 741 Acidinos
1294 681 1520 760 postea
1562 676 1853 741 reddidit.
1943 675 2110 741 Nam
2148 675 2329 739 Milo·

320 766 419 829 nis
448 765 725 850 domum,
763 787 902 829 eam
932 786 1094 850 quae
1120 766 1305 830 estin
1333 762 1644 848 Cermalo,
1685 786 1777 848 pr.
1805 762 1956 828 Idus
1985 761 2330 828 Novembr.

322 874 684 938 expugnare
730 857 794 917 et
839 853 1171 918 incendere
1217 853 1311 917 ita
1349 856 1615 917 conatus
1654 856 1771 937 est,
1815 856 1889 917 ut
1925 852 2138 937 palam
2173 851 2334 916 hora

321 942 547 1026 quinta
592 962 736 1006 cum
783 941 982 1006 scutis
1026 940 1317 1005 homines
1368 941 1611 1004 eductis
1666 940 1925 1025 gladiis,
1982 941 2143 1004 alios
2189 960 2332 1003 cum

322 1030 599 1114 accensis
647 1029 896 1094 facibus
944 1029 1294 1094 adduxerit.
1368 1027 1514 1113 Ipse
1552 1029 1812 1093 domum
1846 1028 1914 1093 P.
1955 1026 2170 1093 Sullae
2214 1049 2333 1110 pro

245 1144 294 1182 ιο
322 1118 549 1182 castris
589 1117 714 1182 sibi
751 1117 831 1182 ad
867 1139 1006 1182 eam
1041 1118 1593 1201 impugnationem
1621 1120 1999 1201 sumpserat.
2062 1115 2229 1180 Tum
2259 1137 2333 1180 ex

321 1205 620 1271 Anniana
673 1205 937 1270 Milonis
994 1205 1182 1270 domo
1231 1204 1302 1281 Q.
1349 1203 1611 1270 Flaccus
1660 1205 1878 1269 eduxit
1923 1205 2096 1269 viros
2143 1204 2337 1290 acris3

324 1294 556 1359 occidit
609 1293 900 1358 homines
958 1315 1036 1358 ex
1091 1293 1266 1358 omni
1319 1293 1659 1358 latrocinio
1716 1291 2026 1358 Clodiano
2080 1292 2333 1357 notissi-

321 1404 615 1535 30231’11?
619 1385 1135 1535 ffiaffmssssz„
1147 1382 2054 1554 ⁸2223ss38⁸233121¹1¹3¹issnffissff
2087 1388 2245 1534 ²⁰30*
2248 1401 2338 1533 ἒξ

247 1584 298 1624 15
329 1556 604 1624 Clodius.
677 1558 997 1643 Egregius
1036 1558 1464 1640 Marcellinus,
1511 1580 1729 1623 omnes
1777 1579 1965 1623 acres.
2040 1558 2338 1622 Metellus

327 1647 643 1712 calumnia
672 1646 919 1711 dicendi
945 1651 1198 1730 tempus
1229 1646 1463 1711 exemit
1500 1647 1840 1710 adiuvante
1867 1645 2102 1730 Appio,
2146 1646 2340 1710 etiam

328 1735 581 1799 hercule
645 1734 945 1799 familiari
1002 1743 1145 1820 tuo,
1203 1735 1280 1798 de
1339 1735 1518 1799 cuius
1578 1735 1941 1799 constantia
1994 1739 2053 1799 ct
2101 1734 2340 1798 virtute

329 1829 470 1889 tuae
521 1823 889 1887 verissimae
943 1823 1211 1887 litterae.
1303 1821 1551 1888 Sestius
1610 1823 1836 1887 furere.
1925 1820 2044 1886 Ille
2097 1826 2341 1908 postea,

331 1912 387 1977 si
431 1911 691 1977 comitia
728 1933 843 1976 sua
887 1932 1019 1976 non
1061 1911 1315 1995 fierent,
1370 1911 1517 1976 urbi
1563 1910 1809 1975 minari.
1901 1910 2067 1976 Milo
2112 1932 2342 1995 propo-

248 2027 302 2065 κο
332 2001 457 2065 sita
528 1999 884 2064 Marcellini
943 2000 1285 2085 sententia,
1355 2020 1547 2084 quam
1608 2000 1717 2064 ille
1785 1998 1861 2064 de
1939 1999 2179 2082 scripto
2247 2000 2341 2063 ita

330 2089 596 2174 dixerat,
639 2091 714 2152 ut
757 2091 963 2152 totam
1007 2092 1297 2152 nostram
1344 2109 1601 2152 causam
1647 2109 1846 2174 areae,
1889 2088 2343 2173 incendiorum,

329 2176 596 2262 periculi
641 2176 768 2240 mei
812 2176 1046 2241 iudicio
1092 2176 1622 2260 complecteretur
1657 2197 1856 2261 eaque
1893 2176 2108 2241 omnia
2152 2176 2343 2241 comi·

330 2265 442 2329 tiis
490 2265 862 2349 anteferret,
916 2265 1294 2348 proscripsit
1342 2286 1410 2329 se
1456 2285 1569 2348 per
1615 2286 1832 2329 omnes
1878 2264 2012 2329 dies
2058 2264 2338 2329 comitia·

330 2353 427 2418 les
480 2352 556 2416 de
610 2352 781 2417 caelo
838 2357 1253 2417 servaturum.
1346 2350 1694 2417 Contiones
1752 2352 2160 2416 turbulentae
2212 2352 2341 2417 Me-

251 2467 305 2507 85
335 2440 489 2524 telli,
533 2441 905 2506 temerariae
932 2439 1123 2524 Appi,
1160 2440 1625 2505 furiosissimae
1651 2440 1860 2505 Publi.
1915 2439 2092 2505 Haec
2126 2444 2346 2505 tamen
2413 2438 2424 2449 ’

335 2551 599 2614 summa,
632 2528 759 2592 nisi
787 2528 945 2593 Milo
975 2530 1043 2592 in
1071 2550 1292 2614 campo
1324 2528 1787 2614 obnuntiasset,
1821 2529 2080 2593 comitia
2106 2529 2341 2594 futura.

333 2616 507 2682 Ante
544 2617 710 2681 diem
748 2634 847 2681 ΧΠ
872 2616 1015 2681 Kal.
1044 2616 1371 2684 Decembr.
1401 2617 1560 2681 Milo
1598 2621 1747 2681 ante
1783 2616 2055 2681 mediam
2088 2620 2344 2682 noctem

335 2727 478 2770 cum
514 2726 748 2790 magna
773 2727 967 2769 manu
994 2706 1064 2769 in
1090 2726 1383 2789 campum
1414 2706 1600 2770 venit.
1666 2703 1946 2789 Clodius,
1982 2726 2127 2771 cum
2153 2705 2343 2770 habe-

334 2797 434 2858 ret
469 2793 892 2879 fugitivorum
929 2794 1204 2858 delectas
1243 2795 1481 2880 copiaS,
1517 2794 1585 2857 in
1620 2815 1913 2878 campum
1950 2794 2044 2858 ire
2078 2816 2211 2858 non
2247 2796 2346 2857 est

256 2907 310 2946 so
338 2903 547 2946 ausae.
621 2881 780 2946 Milo
818 2883 1167 2966 permansit
1214 2882 1292 2946 ad
1337 2882 1665 2946 meridiem
1699 2881 1968 2947 mirifica
2009 2881 2346 2947 hominum

335 2970 583 3034 laetitia
629 2992 876 3034 summa
921 2991 1065 3035 cum
1113 2970 1335 3054 gloria.
1427 2967 1774 3035 Contentio
1828 2970 2102 3035 fratrum
2147 2971 2345 3035 trium

336 3058 572 3143 turpis,
627 3058 830 3122 fracta
872 3059 997 3144 vis,
1052 3062 1456 3142 contemptus
1500 3059 1696 3123 furor.
1787 3058 2087 3124 Metellus
2130 3062 2348 3123 tamen

337 3146 641 3229 postulat,
686 3150 760 3210 ut
805 3147 929 3211 sibi
974 3150 1232 3231 postero
1270 3146 1371 3210 die
1407 3147 1474 3211 in
1511 3147 1652 3211 foro
1692 3147 2137 3232 obnuntietur3
2180 3146 2348 3210 nihil

339 3255 493 3320 esse,
539 3234 708 3318 quod
751 3235 821 3298 in
865 3256 1159 3318 campum
1203 3238 1390 3299 nocte
1427 3236 1778 3320 veniretur3
1824 3257 1891 3300 se
1935 3235 2095 3300 hora
2140 3235 2347 3319 prima

257 3346 311 3386 ⁸5
338 3321 408 3386 in
459 3322 721 3388 comitio
774 3323 927 3388 fore.
1017 3322 1244 3408 Itaque
1298 3327 1445 3387 ante
1499 3324 1666 3388 diem
1720 3341 1794 3387 xl
1838 3323 1979 3388 Kal.
2035 3324 2105 3386 in
2158 3323 2347 3387 comi-

339 3409 502 3474 tium
547 3410 705 3475 Milo
750 3411 828 3475 de
878 3415 1066 3476 nocte
1109 3412 1303 3476 venit.
1395 3411 1695 3476 Metellus
1751 3433 1896 3476 cum
1949 3413 2157 3496 prima
2208 3411 2347 3475 luce

338 3498 564 3562 furtim
620 3499 691 3561 in
747 3520 1038 3583 campum
1096 3499 1439 3565 itineribus
1509 3522 1707 3585 prope
1765 3499 1965 3564 deviis
2027 3498 2346 3563 currebat:
