2642 3923
596 216 1111 272 EPISTULARUM
1147 217 1248 271 AD
1285 216 1611 272 ATTICUM
1647 217 1723 271 IV
1763 223 1846 286 16,
1887 223 1969 271 17.
2171 215 2297 280 123

275 365 721 445 procuratores
769 381 989 444 ageres
1038 383 1122 425 an
1167 383 1280 444 per
1318 366 1384 425 te
1430 361 1659 445 ipsum,
1704 365 1779 425 ut
1815 383 1853 424 a
1887 361 2021 426 tuis
2057 360 2296 425 totiens

277 453 344 513 et
397 454 532 513 tam
587 450 779 534 longe
838 450 1108 513 abesses.
1203 447 1328 514 Sed
1388 448 1543 514 haec
1601 449 1856 514 mallem
1917 448 2171 534 integra
2228 469 2298 512 re

275 541 487 601 tecum
534 538 833 623 egissem,
879 538 1166 622 profecto
1214 538 1385 601 enim
1433 537 1677 622 aliquid
1724 539 2014 622 egissem.
2105 534 2297 600 Nunc

275 626 620 709 reprimam
689 629 1047 709 susceptam
1123 626 1654 710 obiurgationem.
1758 624 2024 690 Utinam
2087 626 2297 689 valeat

221 738 249 778 ⁶
279 713 359 777 ad
403 713 793 778 celeritatem
837 713 1082 778 reditus
1129 714 1254 777 tui!

412 801 556 887 Ego
603 801 682 865 ad
727 805 790 866 te
831 806 1168 886 propterea
1203 802 1417 866 minus
1456 822 1644 885 saepe
1683 802 1916 888 scribo,
1961 801 2134 886 quod
2170 822 2298 865 cer-

283 894 420 953 tum
478 911 612 954 non
668 889 901 975 habe0,
968 890 1080 954 ubi
1151 890 1240 954 sis
1300 894 1412 953 aut
1480 891 1593 954 ubi
1652 890 1910 954 futurus
1971 890 2088 975 sis3
2145 888 2298 953 huic

283 982 494 1042 tamen
535 978 752 1041 nescio
797 978 933 1063 cui,
978 978 1148 1062 quod
1195 979 1533 1043 videbatur
1578 978 1691 1041 isti
1738 983 1794 1042 te
1836 979 2093 1042 visurus
2140 999 2299 1063 esse,

280 1066 501 1149 putavi
547 1065 785 1130 dandas
832 1086 968 1130 esse
1027 1066 1294 1130 litteras.
1389 1065 1486 1130 'Pu
1496 1118 1513 1150 ,
1573 1067 1877 1150 quoniam
1929 1067 2173 1130 iturum
2232 1070 2299 1131 te

200 1180 252 1220 ιο
279 1155 349 1217 in
385 1152 607 1218 Asiam
653 1174 791 1218 esse
835 1157 1047 1240 putas,
1091 1154 1171 1218 ad
1207 1175 1372 1239 quae
1408 1159 1699 1238 tempora
1733 1158 1799 1218 te
1837 1157 2299 1241 exspectemus,

278 1242 475 1307 facias
511 1263 613 1306 me
649 1241 985 1306 certiorem
1020 1242 1231 1325 velim,
1270 1248 1335 1308 et
1374 1242 1450 1307 de
1479 1242 1841 1326 Eutychide
1878 1242 2034 1327 quid
2072 1243 2296 1330 egeris.

1021 1417 1209 1483 ΠΗ
1256 1417 1555 1504 [XVIII]

768 1538 882 1595 Ser.
922 1539 1129 1594 Romae
1165 1540 1239 1594 K.
1283 1539 1394 1594 Oct.
1434 1558 1484 1594 α.
1527 1544 1637 1595 700
1674 1543 1811 1608 (54.)

894 1661 1172 1726 ‚CICERO
1211 1662 1472 1718 ATTICO
1513 1662 1660 1717 SAL.

202 1797 254 1838 ιο
411 1768 579 1834 Puto
625 1774 691 1835 te
738 1770 1104 1835 existimare
1148 1792 1248 1835 me
1292 1792 1463 1835 nunc
1501 1770 1777 1835 oblitum
1820 1771 2298 1836 consuetudinis
2341 1792 2360 1836 1

283 1863 348 1922 et
392 1859 678 1923 instituti
723 1860 849 1923 mei
894 1859 1101 1923 rarius
1149 1858 1230 1923 ad
1272 1863 1341 1923 te
1388 1859 1693 1942 scribere,
1753 1880 1945 1942 quam
1990 1860 2299 1944 solebam3

285 1947 421 2033 sed,
479 1947 783 2032 quoniam
842 1948 982 2012 loca
1040 1950 1105 2012 et
1166 1947 1398 2013 itinera
1456 1952 1569 2012 tua
1626 1947 1791 2012 nihil
1848 1947 2083 2014 habere
2141 1948 2299 2013 certi

283 2035 485 2120 vide0,
528 2057 734 2119 neque
775 2036 844 2100 in
871 2036 1144 2120 Epirum
1178 2058 1387 2120 neque
1414 2035 1702 2101 Athenas
1739 2058 1946 2121 neque
1983 2037 2053 2101 in
2078 2035 2299 2101 Asiam

284 2124 582 2209 cuiquam
637 2123 767 2188 nisi
827 2124 904 2188 ad
964 2130 1029 2188 te
1088 2125 1300 2208 ipsum
1362 2125 1792 2208 proficiscenti
1839 2125 1982 2188 dedi
2026 2125 2299 2190 litteras,

204 2240 256 2278 πο
283 2209 509 2295 Neque
555 2211 724 2276 enim
769 2216 921 2277 sunt
965 2212 1277 2296 epistulae
1321 2216 1583 2278 nostrae
1636 2234 1767 2298 eae,
1825 2235 1988 2298 quae
2048 2214 2103 2277 si
2163 2235 2301 2298 per·

282 2300 451 2364 latae
494 2320 628 2363 non
672 2301 828 2386 sint,
884 2300 1049 2364 nihil
1109 2323 1182 2365 ea
1241 2322 1343 2365 res
1403 2323 1524 2366 nos
1585 2301 1904 2366 offensura
1966 2301 2077 2386 sit3
2140 2323 2301 2385 quae

283 2393 538 2452 tantum
571 2387 814 2453 habent
849 2389 1323 2475 mysteriorum,
1359 2394 1434 2453 ut
1472 2411 1576 2454 eas
1612 2411 1693 2454 ne
1729 2389 2013 2454 librariis
2045 2390 2302 2473 quidem

283 2476 417 2541 fere
461 2476 961 2563 committamus,
1003 2498 1084 2540 ne
1131 2477 1285 2560 quid
1331 2477 1547 2560 aliquo
1594 2478 1859 2542 excidat.

418 2562 729 2629 Consules
775 2563 1055 2649 flagrant
1098 2565 1391 2650 infamia,
1438 2565 1609 2649 quod
1655 2564 1723 2630 O.
1769 2564 2112 2630 Memmius
2159 2588 2303 2630 can-
2339 2585 2371 2632 2

206 2680 256 2720 ιε
284 2651 540 2716 didatus
594 2651 955 2736 pactionem
1008 2653 1078 2716 in
1123 2659 1346 2717 senatu
1408 2654 1727 2738 recitavit,
1790 2676 1982 2739 quam
2048 2654 2184 2738 ipse
2248 2659 2307 2719 ct

284 2763 437 2805 suus
484 2740 868 2824 competitor
902 2739 1229 2806 Domitius
1276 2763 1421 2806 cum
1467 2742 1838 2807 consulibus
1883 2742 2161 2828 fecisset,
2206 2744 2305 2806 uti

282 2827 472 2894 ambo
518 2826 629 2893 HS
678 2828 1082 2913 quadragena
1128 2829 1497 2894 consulibus
1529 2830 1777 2909 darent,
1825 2830 1881 2895 si
1926 2835 2140 2895 essent
2177 2831 2302 2914 ipsi

284 2917 576 2982 consules
621 2917 803 3001 facti,
847 2917 975 2981 nisi
1019 2921 1151 2982 tres
1198 2938 1470 3002 augures
1518 2918 1869 3003 dedissent,
1927 2918 2041 3003 qui
2086 2940 2155 2984 se
2200 2919 2305 2983 ad-

284 3004 485 3070 fuisse
544 3004 854 3090 dicerent,
911 3027 1056 3070 cum
1115 3006 1218 3069 lex
1275 3006 1522 3070 curiata
1580 3007 1882 3091 ferretur,
1950 3028 2113 3090 quae
2169 3007 2305 3072 lata

206 3121 259 3161 so
286 3114 418 3157 non
463 3097 648 3179 esset,
692 3097 758 3156 et
802 3093 928 3158 duo
970 3093 1356 3179 consulares,
1401 3094 1512 3178 qui
1551 3115 1619 3158 se
1656 3095 1937 3160 dicerent
1974 3095 2040 3159 in
2080 3117 2306 3159 ornan-

286 3180 385 3246 dis
418 3181 765 3265 provinciis
794 3182 1237 3246 consularibus
1276 3182 1610 3246 scribendo
1651 3183 1948 3269 adfuisse,
1993 3204 2138 3247 cum
2175 3206 2307 3248 om-

284 3269 440 3334 nino
485 3291 569 3333 ne
612 3273 870 3334 senatus
919 3271 1172 3353 quidem
1219 3270 1464 3334 fuisset.
1538 3269 1712 3335 Haec
1747 3272 1958 3354 pactio
2004 3293 2136 3336 non
2173 3293 2308 3335 ver-

285 3357 406 3444 bis,
443 3357 554 3422 sed
579 3358 947 3422 nominibus
977 3362 1041 3421 et
1069 3358 1644 3442 perscriptionibus
1674 3359 2026 3424 multorum
2063 3360 2305 3424 tabulis

287 3466 432 3511 cum
478 3467 618 3511 esse
661 3446 831 3510 facta
875 3446 1205 3529 diceretur,
1251 3447 1505 3530 prolata
1541 3470 1577 3511 a
1615 3446 1916 3511 Memmio
1961 3451 2061 3511 est
2104 3448 2308 3511 nomi—

210 3559 260 3601 3⁶
286 3534 482 3599 nibus
550 3533 829 3599 inductis
909 3539 1167 3600 auctore
1232 3532 1557 3619 Pompeio,
1664 3534 1787 3599 Hic
1839 3533 2091 3619 Appius
2172 3539 2308 3598 erat
