2642 3923
670 957 784 1040 M.
841 958 1221 1040 TULLI
1279 956 1959 1041 CICERONIS

558 1116 1326 1191 EPISTULARUM
1389 1117 1527 1191 AD
1591 1115 2075 1190 ATTICUM

962 1270 1226 1336 LIBER
1274 1271 1665 1338 TERTIUS.

1291 1553 1341 1619 I.

254 1704 281 1743 5
689 1676 801 1732 Sor.
840 1677 905 1730 in
938 1677 1131 1731 itinere
1165 1677 1244 1730 in.
1282 1693 1351 1729 m.
1390 1675 1527 1745 Apr.
1566 1694 1616 1730 α.
1659 1679 1771 1731 696
1807 1678 1947 1744 (58).

946 1798 1198 1854 CICERO
1238 1797 1500 1853 ATTICO
1539 1798 1687 1853 SAL.

443 1906 607 1975 Cum
662 1913 850 1974 antea
901 1908 1178 1974 maxime
1226 1913 1452 1973 nostra
1493 1909 1807 1973 interesse
1854 1907 2216 1972 arbitrabar
2261 1910 2327 1971 {ze

311 2019 452 2064 esse
494 1998 849 2084 nobiseum,
893 2002 1033 2062 tum
1078 2018 1251 2083 vero,
1295 2001 1371 2061 ut
1405 1997 1537 2082 legi
1571 1997 1991 2082 rogationem,
2035 1995 2325 2061 intellexi

311 2086 392 2151 ad
435 2087 560 2152 iter
605 2086 698 2172 id,
751 2086 923 2171 quod
968 2086 1304 2171 constitui,
1356 2085 1525 2149 nihil
1568 2084 1729 2149 mihi
1776 2084 2060 2169 optatius
2107 2083 2326 2149 eadere

230 2198 283 2236 ιο
311 2196 530 2261 posse,
587 2196 781 2259 quam
834 2178 909 2238 ut
964 2178 1037 2238 tu
1092 2197 1193 2239 me
1250 2196 1443 2258 quam
1507 2174 1787 2258 primum
1850 2193 2326 2258 consequerere,
2403 2245 2407 2249 ,

310 2267 413 2349 ut,
465 2285 610 2328 eum
664 2284 740 2327 ex
793 2260 987 2327 Italia
1030 2263 1303 2347 profecti
1347 2283 1660 2348 essemus,
1715 2261 1849 2325 sive
1893 2283 2007 2345 per
2050 2260 2323 2344 Epirum

314 2353 435 2416 iter
462 2354 633 2416 esset
660 2351 1037 2436 faciendum,
1072 2355 1185 2415 tuo
1219 2355 1609 2435 tuorumque
1637 2349 1954 2433 praesidio
1982 2353 2326 2434 uteremur,

313 2440 446 2503 sive
502 2438 675 2503 aliud
729 2438 883 2524 quid
936 2438 1249 2524 agendum
1306 2442 1506 2525 esset,
1560 2442 1806 2503 eerssum
1862 2438 2201 2503 consilium
2249 2437 2325 2503 de

315 2531 426 2591 tua
471 2527 790 2592 sententia
835 2549 1057 2611 capere
1103 2548 1456 2611 possemus.
1530 2525 1735 2603 Quam
1783 2526 1865 2591 ob
1910 2533 2064 2592 rem'
2092 2530 2159 2591 120
2194 2546 2327 2613 or0,

230 2639 283 2677 ιο
312 2615 422 2680 des
474 2636 761 2702 operam,
813 2621 889 2681 ut
942 2638 1044 2681 me
1101 2616 1324 2679 statim
1371 2636 1785 2699 consequare3
1841 2614 2014 2699 quod
2057 2635 2131 2679 eo
2177 2615 2326 2679 faoi·

310 2704 436 2768 lius
499 2708 684 2787 potes
776 2704 1080 2788 quoniam
1137 2703 1212 2769 de
1272 2704 1600 2789 provincia
1656 2702 2025 2768 Macedonia
2077 2703 2326 2787 perlata

309 2790 411 2855 lex
469 2797 583 2857 est.
673 2756 977 2857 lssluribus
1031 2792 1245 2858 verbis
1292 2796 1506 2857 tecum
1552 2811 1835 2878 agerem,
1885 2792 2015 2856 nisi
2059 2813 2176 2876 pro
2222 2813 2325 2857 me

310 2879 477 2964 apud
520 2885 586 2945 te
632 2902 735 2946 res
780 2881 923 2965 ipsa
965 2880 1354 2965 loqueretur.

1271 3074 1353 3139 Π.

225 3225 280 3264 20
670 3195 785 3251 Ser.
821 3196 885 3251 in
919 3196 1113 3251 itinere
1159 3196 1246 3249 VI
1273 3197 1361 3250 Id.
1401 3194 1539 3264 Apr.
1577 3213 1629 3250 a.
1670 3199 1782 3250 696
1819 3197 1960 3263 (68).

946 3317 1200 3373 CICERO
1238 3317 1501 3373 ATTICO
1540 3317 1688 3374 SAL.

441 3424 700 3493 Itineris
754 3427 964 3493 nostri
1019 3449 1208 3493 eausa
1262 3426 1416 3511 fuit,
1470 3426 1642 3510 quod
1694 3448 1827 3491 non
1869 3379 2188 3490 habebam
2234 3426 2322 3490 lo·

308 3537 483 3601 oum,
534 3515 648 3581 ubi
703 3537 820 3599 pro
866 3536 1008 3580 meo
1054 3515 1192 3581 iure
1239 3514 1482 3579 diutius
1527 3536 1667 3580 esse
1712 3535 1969 3598 possem
2015 3534 2208 3596 quam
2253 3514 2319 3575 in
