2642 3923
579 189 1092 245 EPISTULARUM
1128 190 1227 243 AD
1263 189 1590 244 ATTIOUM
1624 190 1756 244 VIII
1794 195 1879 258 13,
1918 195 2002 244 14.
2027 235 2032 239 .
2165 188 2295 251 249

279 339 426 398 tuas
463 332 771 418 epistulas
808 335 974 419 lego,
1019 334 1226 398 multo
1265 334 1461 398 etiam
1496 334 1719 418 magis.
1795 331 2073 397 Omnino
2111 330 2292 396 intel-

278 424 425 507 lego
470 422 722 486 nullum
766 423 965 486 fuisse
1011 426 1265 506 tempus
1310 427 1462 506 post
1505 422 1623 485 has
1669 422 1857 506 fugas
1902 425 1966 485 et
2010 421 2294 484 formidi-

279 533 392 575 nes
437 514 713 594 nostrae,
760 510 931 594 quod
974 511 1180 595 magis
1225 510 1518 575 debuerit
1562 514 1815 575 mutum
1861 530 1998 575 esse
2044 532 2080 572 a
2124 509 2293 572 litte-

280 599 398 685 ris,
459 602 800 683 propterea
857 599 1028 682 quod
1079 619 1285 682 neque
1340 597 1586 663 Romae
1641 599 1981 682 quicquam
2037 597 2293 661 auditur

230 714 254 756 ⁶
279 688 432 752 novi
474 708 592 751 nec
631 688 700 751 in
739 687 842 750 his
880 687 1058 772 lociS,
1098 708 1260 771 quae
1299 710 1337 750 a
1372 686 1716 751 Brundisio
1754 687 1992 751 absunt
2026 686 2293 769 propius

280 777 530 859 †quam
567 779 639 839 tu
690 775 954 839 biduum
990 778 1101 838 aut
1138 775 1438 839 triduum.
1512 775 1817 838 Brundisi
1853 779 2068 839 autem
2107 795 2294 838 omne

282 868 603 928 certamen
645 863 922 928 vertitur
965 862 1157 927 huius
1202 863 1397 946 primi
1441 863 1766 946 temporis,
1851 861 1989 939 Qua
2036 862 2292 946 quidem

283 952 755 1035 exspectatione
808 955 1128 1035 torqueor.
1222 950 1346 1015 Sed
1400 952 1614 1016 omnia
1669 956 1817 1016 ante
1860 949 2084 1015 Nonas
2142 950 2292 1015 scie-

281 1062 440 1104 mus.
505 1039 750 1105 Eodem
797 1040 965 1104 enim
1013 1040 1115 1104 die
1150 1040 1334 1104 video
1373 1038 1705 1104 Caesarem
1751 1062 1788 1104 a
1823 1037 2106 1104 Corfinio
2143 1043 2294 1121 post

203 1155 257 1195 10
283 1128 612 1193 meridiem
656 1128 1014 1211 profectum
1058 1149 1214 1211 esse,
1259 1128 1327 1191 id
1373 1132 1471 1192 est
1516 1126 1870 1213 FeralibuS,
1916 1150 2043 1211 quo
2091 1124 2294 1192 Canu-

284 1216 379 1281 sio
426 1238 611 1281 mane
645 1214 1038 1299 Pompeium.
1109 1216 1209 1280 Eo
1256 1217 1447 1281 modo
1486 1221 1701 1281 autem
1738 1216 2026 1280 ambulat
2063 1213 2295 1280 Caesar

285 1309 349 1370 et
385 1305 467 1368 iis
502 1304 846 1389 congiariis
881 1304 1163 1369 militum
1201 1305 1593 1370 celeritatem
1628 1306 1872 1387 incitat,
1907 1307 1982 1370 ut
2018 1304 2296 1388 timeam,

282 1414 364 1456 ne
421 1393 613 1457 citius
669 1393 747 1456 ad
800 1391 1242 1478 Brundisium,
1306 1414 1498 1477 quam
1554 1415 1713 1477 opus
1768 1393 1881 1476 sit,
1945 1393 2293 1458 accesserit.

283 1480 498 1545 Dices:
575 1479 773 1555 ‘Quid
832 1481 1034 1565 igitur
1096 1482 1378 1566 proficis,
1443 1481 1555 1565 qui
1622 1482 1931 1564 anticipes
2001 1481 2136 1545 eius
2204 1481 2297 1544 rei

207 1595 256 1636 ιε
283 1569 673 1653 molestiam,
738 1590 930 1653 quam
991 1569 1205 1633 triduo
1271 1571 1548 1634 sciturus
1612 1570 1777 1633 sisP’
1881 1568 2068 1634 Nihil
2126 1569 2298 1652 equi-

286 1658 453 1741 dem3
499 1657 628 1738 sed,
669 1661 744 1721 ut
789 1678 983 1740 supra
1028 1657 1188 1740 dixi,
1232 1661 1447 1722 tecum
1492 1657 1882 1741 perlibenter
1925 1657 2189 1741 loquor,
2233 1661 2298 1721 et

286 1745 482 1810 simul
526 1746 687 1809 scito
733 1744 952 1809 labare
995 1766 1210 1810 meum
1263 1745 1603 1811 consilium
1661 1745 1850 1831 illud,
1909 1747 2080 1828 quod
2139 1745 2298 1809 satis

283 1835 413 1899 iam
474 1833 669 1898 fixum
736 1832 1088 1898 videbatur.
1191 1830 1345 1898 Non
1415 1833 1577 1898 mihi
1652 1835 1810 1897 satis
1872 1834 2084 1899 idonei
2148 1837 2300 1897 sunt

287 1926 580 1987 auctores
626 1922 692 2006 ii,
740 1921 851 2006 qui
896 1945 933 1986 a
977 1926 1043 1986 te
1086 1922 1460 2007 probantur.
1553 1920 1737 1999 Quod
1782 1922 1948 1986 enim
1995 1942 2299 2024 umquam

207 2038 260 2078 ιο
288 2032 509 2076 90111111
566 2011 635 2074 111
692 2033 762 2075 19
820 2011 1078 2093 publica
1133 2011 1301 2076 forte
1354 2011 1595 2075 factum
1642 2011 1935 2075 exstitit?
1996 2015 2108 2074 aut
2154 2011 2298 2094 quis

289 2100 369 2163 ab
414 2100 497 2163 iis
543 2099 736 2164 ullam
777 2121 912 2163 rem
946 2099 1134 2163 laude
1170 2099 1429 2185 dignam
1467 2099 1825 2163 desiderat?
1878 2098 1942 2163 N
1945 2120 2015 2163 ec
2059 2098 2299 2164 meher-

289 2188 428 2252 cule
470 2187 821 2251 laudandos
868 2188 1186 2270 existimo,
1233 2188 1347 2271 qui
1390 2192 1568 2252 trans
1614 2210 1790 2252 mare
1835 2187 1989 2252 belli
2034 2188 2300 2270 parandi

289 2297 479 2427 οειὲιέῗ
549 2276 819 2428 pzpfc'lecti
859 2280 1050 2427 esunt.
1155 2274 1249 2352 Qu
1257 2297 1585 2428 arizuquam(l
1618 2275 1788 2428 hlaeizl
1845 2275 2150 2447 fereadaq
2167 2296 2301 2339 non

289 2387 357 2428 er
472 2413 486 2428 .
652 2387 675 2426 1
719 2386 793 2428 eo
892 2386 1028 2428 nnn
1133 2386 1305 2447 quan
1338 2387 1447 2428 um
1518 2387 1542 2428 1
1704 2386 1737 2428 9
1789 2387 1899 2428 um
2151 2386 2299 2428 uam

208 2478 261 2519 25
286 2452 666 2536 pestiferum
725 2453 1015 2516 futurum
1042 2417 1060 2450 '
1085 2453 1189 2517 sit.
1295 2450 1420 2517 Sed
1490 2474 1592 2517 me
1662 2456 1878 2516 movet
1946 2473 2113 2516 unus
2176 2452 2303 2537 vir3

289 2540 469 2605 cuius
514 2540 832 2625 fugientis
868 2561 1077 2605 comes
1089 2593 1107 2627 ,
1159 2561 1296 2605 rem
1350 2540 1673 2624 publicam
1726 2541 2160 2624 recuperantis
2205 2562 2302 2605 so-

289 2628 426 2694 cius
472 2629 690 2693 videor
735 2650 872 2693 esse
917 2628 1160 2693 debere.
1255 2628 1623 2693 ‘Totiensne
1668 2630 1870 2714 igitur
1917 2629 2300 2693 sententiam

290 2717 570 2780 mutasP’
659 2716 804 2798 Ego
858 2721 1069 2782 tecum
1123 2720 1456 2800 tamquam
1512 2739 1760 2781 mecum
1803 2717 2052 2800 loquor.
2144 2715 2301 2793 Quis

292 2809 508 2869 autem
551 2808 668 2891 est,
712 2809 895 2869 tanta
941 2805 1196 2889 quidem
1242 2806 1318 2869 de
1364 2828 1432 2871 19
1478 2806 1636 2890 quin
1679 2805 1853 2869 varie
1905 2825 2119 2870 secum
2162 2805 2302 2889 ipse

211 2920 264 2960 so
295 2893 620 2976 disputet}>
680 2893 874 2957 simul
931 2898 996 2957 et
1049 2894 1273 2959 elicere
1318 2894 1507 2977 cupio
1554 2894 1936 2958 sententiam
1980 2897 2188 2979 tuam,
2247 2894 2303 2957 si

290 2984 524 3067 manet,
567 2985 642 3045 ut
686 2981 932 3045 firmior
969 2982 1112 3069 sim,
1156 2982 1210 3046 si
1246 2986 1497 3047 mutata
1533 2987 1649 3068 est,
1691 2986 1766 3046 ut
1801 2982 1926 3046 tibi
1962 2981 2300 3046 adsentiar

292 3034 568 3133 0111111110
615 3070 695 3133 ad
737 3070 823 3156 id,
867 3071 943 3133 (19
990 3092 1117 3154 quo
1163 3070 1411 3156 dubito,
1454 3071 1732 3153 pertinet
1777 3092 1878 3134 me
1923 3070 2101 3155 scire,
2149 3070 2303 3154 quid

290 3156 618 3221 Domitius
664 3162 920 3223 acturus
967 3159 1070 3242 sit,
1118 3160 1272 3242 quid
1314 3163 1539 3223 noster
1583 3156 1911 3223 Lentulus,

425 3244 522 3309 De
559 3244 846 3311 Domitio
892 3247 1071 3311 varia
1116 3248 1409 3312 audimus
1455 3248 1501 3330 †
1537 3247 1726 3311 modo
1765 3269 1905 3311 esse
1940 3246 2009 3311 in
2046 3246 2303 3311 Tiburti

210 3360 263 3401 ⁸5
292 3337 405 3397 aut
450 3334 645 3417 lepidi
692 3356 819 3417 quo
865 3356 1009 3399 cum
1054 3336 1302 3418 lepidus
1350 3336 1683 3400 accessisse
1720 3335 1799 3398 ad
1844 3335 2086 3419 urbem,
2134 3336 2304 3418 quod

289 3422 447 3486 item
492 3422 730 3488 falsum
774 3423 958 3488 video
1006 3445 1160 3489 esse.
1214 3423 1331 3488 Ait
1378 3424 1548 3488 enim
1583 3422 1863 3506 Lepidus
1906 3444 2052 3487 eum
2087 3424 2301 3486 nescio

291 3532 420 3594 quo
479 3514 848 3594 penetrasse
905 3511 1247 3576 itineribus
1292 3513 1341 3595 †
1399 3512 1756 3577 occultandi
1818 3512 1916 3574 sui
1976 3533 2165 3574 causa
2224 3533 2306 3573 an
