2642 3923
345 194 472 258 190
985 195 1052 250 Μ.
1092 194 1308 248 TULLI
1347 192 1723 250 CICERONIS

340 358 572 402 ronum
609 338 813 424 signis
852 338 1268 423 obsignatum
1297 334 1708 422 cohortisque
1744 337 2118 421 praetoriae.
2183 336 2362 402 Fecit

342 426 557 510 palam
601 429 666 490 te
712 448 791 491 ex
833 425 1081 512 libeHa,
1139 447 1243 491 me
1302 447 1381 491 ex
1426 425 1764 492 terruncio
1857 423 1936 489 In
1970 424 2160 491 Actio
2210 423 2360 491 Cor-

343 535 529 598 cyrae
573 514 802 579 Alexio
858 536 960 579 me
1006 515 1266 599 opipare
1324 517 1695 579 muneratus
1742 517 1857 579 est.
1949 512 2017 589 Q.
2067 512 2358 580 Ciceroni

271 602 306 650 4
344 603 579 667 obsisti
622 624 753 667 non
797 603 1040 690 potuit,
1084 624 1212 687 quo
1259 603 1474 667 minus
1523 602 1863 685 Thyamim
1906 602 2167 667 videret.
2259 601 2359 666 Fi-

342 691 498 755 liola
541 695 656 755 tua
710 695 775 755 te
830 656 1130 757 delectari
1189 691 1395 757 laetor
1454 695 1518 755 et
1576 689 1838 773 probari
1890 689 2013 754 tibi
2070 693 2360 775 φυσικὴν
2417 718 2443 757 5

344 801 482 844 esse
541 779 663 862 τὴν
717 780 882 865 πρὸς
946 782 1026 845 τὰ
1089 778 1300 845 τέκνα.
1390 778 1681 864 Etenim,
1744 778 1799 842 si
1854 777 2011 843 haec
2066 799 2200 843 non
2245 783 2362 865 est,

238 907 245 915 ·
343 867 521 931 nulla
566 872 782 951 potest
826 868 1075 932 homini
1122 889 1260 933 esse
1305 866 1388 931 ad
1431 866 1757 932 hominem
1795 871 2061 931 naturae
2108 867 2360 931 adiunc-

344 956 466 1039 tio;
524 967 650 1072 qua
702 956 957 1020 sublata
1009 957 1180 1021 vitae
1237 955 1508 1020 societas
1553 955 1823 1020 tollitur.
1916 955 2151 1020 Bene
2195 976 2360 1021 eve-

344 1066 421 1108 ιιι
404 1044 568 1108 at*
568 1043 845 1129 ,inquit
881 1042 1233 1110 Carneades
1281 1066 1527 1130 spurce,
1573 1044 1683 1108 sed
1719 1048 1934 1108 tamen
1979 1042 2357 1127 prudentius

348 1153 539 1218 quam
568 1095 818 1196 Lucius
862 1137 1084 1198 noster
1131 1137 1195 1198 et
1230 1131 1491 1218 Patron,
1538 1132 1668 1219 qui,
1713 1153 1858 1196 cum
1903 1132 2117 1196 omnia
2163 1131 2241 1197 ad
2290 1154 2358 1197 se
2388 1160 2444 1197 ιο

229 1289 233 1293 ,
344 1220 643 1306 referant,
677 1242 1018 1303 numquam
1056 1222 1397 1322 quicquam
1434 1220 1698 1284 alterius
1728 1242 1918 1285 causa
1954 1220 2092 1284 fieri
2130 1224 2360 1305 putent

347 1313 429 1393 et,
474 1329 620 1373 cum
664 1330 738 1374 ea
781 1332 851 1374 re
894 1309 1137 1374 bonum
1182 1309 1392 1386 virum
1449 1314 1746 1393 oportere
1801 1330 1938 1373 esse
1986 1308 2227 1395 dicant,
2281 1331 2361 1373 ne

347 1397 587 1461 malum
648 1396 911 1483 habeat,
969 1419 1099 1462 non
1155 1418 1280 1480 quo
1342 1397 1407 1461 id
1467 1401 1697 1461 natura
1753 1401 1999 1461 rectum
2060 1398 2173 1480 sit,
2229 1419 2362 1461 non

347 1485 727 1571 intellegant
784 1507 851 1549 se
905 1484 981 1549 de
1036 1484 1264 1549 callido
1320 1483 1581 1549 homine
1626 1485 1833 1570 loqui,
1889 1507 2020 1549 non
2066 1486 2143 1550 de
2188 1485 2358 1549 bono

345 1573 504 1638 vir0.
597 1571 723 1638 Sed
772 1573 954 1658 haec,
1014 1574 1272 1659 opinor,
1329 1580 1481 1637 sunt
1536 1574 1606 1638 in
1657 1574 1739 1638 iis
1795 1574 2007 1658 libris,
2067 1594 2228 1657 quos
2284 1577 2359 1637 tu
2389 1601 2442 1641 15

345 1662 664 1727 laudando
711 1662 960 1727 animos
1003 1662 1163 1726 mihi
1213 1661 1531 1726 addidisti.

278 1768 310 1817 5
481 1749 694 1814 Redeo
742 1750 822 1814 ad
864 1773 1016 1816 rem.
1091 1748 1230 1827 Quo
1275 1750 1467 1814 modo
1515 1749 1960 1834 exspectabam
1996 1749 2362 1836 epistulam,

349 1860 543 1923 quam
579 1837 931 1904 Philoxeno
978 1838 1286 1905 dedisses!
1380 1836 1737 1923 Scripseras
1775 1837 1945 1901 enim
1992 1837 2061 1901 in
2113 1860 2186 1902 ea
2223 1859 2362 1903 esse

350 1928 428 1993 de
486 1948 776 1993 sermone
829 1926 1092 2013 Pompei
1137 1924 1586 2011 Neapolitano.
1674 1924 1842 1991 Eam
1903 1925 2063 1990 mihi
2119 1925 2361 1992 Patron

349 2016 654 2082 Brundisi
724 2016 1012 2081 reddidit.
1124 2014 1469 2101 Corcyrae,
1539 2019 1614 2079 ut
1688 2015 1944 2099 opinor,
2017 2021 2359 2099 acceperat.
2389 2044 2442 2082 20

348 2102 536 2170 Nihil
573 2104 791 2188 potuit
836 2126 975 2169 esse
1019 2104 1375 2170 iucundius
1446 2103 1610 2168 Erat
1648 2104 1818 2167 enim
1855 2103 1931 2167 de
1970 2125 2039 2167 re
2085 2103 2365 2191 publica,

351 2193 429 2259 de
488 2192 789 2277 opinione
804 2246 821 2279 ,
879 2214 1072 2277 quam
1129 2193 1185 2256 is
1244 2193 1345 2257 vir
1401 2191 1669 2257 haberet
1726 2191 2121 2276 integritatis
2167 2212 2363 2277 meae,

352 2282 429 2348 de
495 2281 965 2365 benevolentia,
1038 2302 1231 2365 quam
1305 2280 1586 2345 ostendit
1650 2301 1724 2344 eo
1788 2301 2106 2365 sermone,
2174 2301 2363 2364 quem

349 2369 581 2434 habuit
635 2369 711 2434 de
764 2368 1109 2453 triumpho.
1204 2366 1331 2434 Sed
1383 2373 1598 2433 tamen
1649 2368 1775 2432 hoc
1817 2367 2365 2455 iucundissimum,

352 2458 523 2542 quod
584 2457 871 2523 intellexi
925 2461 990 2521 te
1054 2458 1132 2521 ad
1195 2479 1342 2521 eum
1405 2457 1681 2540 venisse,
1744 2459 1819 2520 ut
1880 2456 2019 2520 eius
2080 2457 2362 2520 animum
2390 2483 2442 2523 2⁵

353 2568 506 2633 erga
540 2568 641 2611 me
676 2546 1081 2629 perspiceres.
1156 2544 1298 2610 Hoc
1333 2545 1514 2631 mihi,
1558 2545 1838 2629 inquam,
1883 2544 2164 2609 accidit
2146 2566 2363 2609 lucun-

283 2654 313 2701 6
354 2634 725 2699 dissumum.
816 2633 912 2698 De
965 2634 1295 2717 triumpho
1361 2638 1577 2698 autem
1638 2633 1817 2697 nulla
1876 2654 1979 2697 me
2043 2633 2361 2715 cupiditas

350 2744 656 2807 umquam
706 2722 917 2786 tenuit
977 2726 1126 2787 ante
1179 2721 1399 2787 Bibuli
1452 2720 2037 2806 impudentissimas
2093 2721 2363 2806 litteras,

353 2833 512 2896 quas
578 2809 989 2893 amplissume
1049 2811 1433 2895 supplicatio
1506 2813 1846 2875 consecuta
1909 2813 2025 2875 est.
2118 2808 2180 2873 A
2235 2831 2361 2894 quo

353 2899 410 2963 si
456 2921 529 2962 ea
574 2901 756 2984 gesta
802 2903 1040 2984 essent,
1086 2920 1249 2983 quae
1295 2899 1580 2982 scripsit,
1634 2897 1975 2983 gauderem
2020 2896 2114 2962 et'
2129 2898 2364 2962 honori
2391 2925 2445 2964 ³0

354 2987 652 3072 faverem3
695 3008 867 3052 nunc
909 2988 1120 3072 illum,
1180 2988 1293 3072 qui
1336 2987 1561 3071 pedem
1613 2990 1826 3070 porta,
1881 2985 2092 3071 quoad
2144 2985 2357 3051 hostis

351 3075 443 3140 cis
470 3074 868 3158 Euphratem
903 3075 1048 3160 fuit,
1073 3097 1205 3140 non
1240 3075 1558 3159 extulerit,
1593 3075 1839 3140 honore
1868 3075 2105 3160 augeri,
2141 3096 2261 3161 me,
2296 3075 2366 3138 in

353 3163 533 3229 cuius
580 3164 863 3229 exercitu
907 3185 1086 3248 spem
1129 3164 1304 3228 illius
1351 3164 1666 3228 exercitus
1715 3163 1972 3247 habuit,
2022 3162 2191 3227 idem
2232 3184 2367 3227 non

354 3251 617 3336 adsequi
656 3251 923 3317 dedecus
970 3257 1069 3316 est
1105 3257 1419 3338 nostrum,
1461 3256 1778 3338 nostrum,
1823 3251 2087 3336 inquam
2121 3255 2188 3316 te
2223 3272 2367 3315 con—

354 3338 641 3423 iungens
715 3338 941 3423 Itaque
970 3340 1186 3404 omnia
1221 3341 1516 3424 experiar
1551 3343 1634 3426 et,
1679 3344 1753 3405 ut
1789 3360 1995 3424 spero,
2038 3339 2365 3423 adsequar.
2394 3365 2445 3405 35

355 3423 597 3500 Quodsi
633 3429 709 3489 tu
749 3427 1009 3508 valeres,
1045 3428 1175 3491 iam
1219 3429 1380 3493 mihi
1420 3392 1730 3512 quaedam
1767 3428 2102 3511 explorata
2136 3432 2365 3493 essent.

356 3510 497 3594 Sed,
542 3515 616 3575 ut
662 3534 867 3595 sper0,
912 3478 1173 3579 valebis.
