2642 3923
638 259 987 314 EPISTULA
1023 260 1122 312 AD
1163 258 1644 314 OCTAVIANUM
1682 263 1873 313 7—10.
2150 256 2281 321 565

267 404 567 468 subactae
622 409 686 468 et
742 405 822 468 ad
875 403 1216 487 imperium
1272 403 1606 468 adiunctae
1649 402 2045 486 provinciae,
2103 400 2281 465 nulla

265 493 549 577 dignitas
631 492 960 566 maiorum⁴
1021 491 1424 556 conciliasset
1496 514 1630 555 eam
1707 491 2088 574 potentiam,
2172 490 2280 553 sed

264 582 473 645 forma
534 603 647 664 per
710 580 977 644 dedecus
1041 580 1372 664 pecuniam
1438 583 1502 645 et
1569 601 1804 643 nomen
1861 579 2078 643 nobile
2137 600 2280 641 con·
2353 656 2359 663 ⁵

267 669 643 734 sceleratum
688 668 1088 754 impudicitia
1134 668 1431 753 dedisset,
1475 670 1583 750 qui
1623 673 1868 732 veteres
1907 667 2278 731 vulneribus

212 783 238 824 5
267 761 332 821 et
386 761 593 821 aetate
651 758 974 822 confectos
1026 755 1312 821 Iulianos
1360 722 1776 841 gladiatores,
1831 761 2090 841 egentes
2136 755 2278 818 reli-

267 846 450 929 quias
497 843 788 909 Caesaris
832 845 987 930 ludi,
1031 845 1111 908 ad
1154 846 1374 909 rudem
1424 845 1852 929 compulisset,
1899 839 2132 928 quibus
2172 843 2279 906 ille

268 937 526 1017 saeptus
586 933 800 998 omnia
855 934 1177 1020 misceret,
1233 933 1431 997 nullis
1475 938 1789 1018 parceret,
1848 933 1974 997 sibi
2018 932 2281 1017 viveret,

267 1022 379 1105 qui
432 1025 762 1105 tamquam
818 1022 887 1085 in
942 1021 1142 1086 dotali
1186 1022 1597 1086 matrimonio
1642 1043 1778 1085 rem
1821 1021 2143 1105 publicam
2189 1024 2280 1085 te-

267 1113 586 1174 stamento
641 1109 919 1194 legatam
977 1110 1100 1174 sibi
1157 1101 1534 1174 obtineret?
1593 1109 1877 1174 Audierit
1924 1109 2049 1173 duo
2095 1107 2276 1172 Decii

185 1225 239 1264 ιο
268 1198 506 1262 servire
551 1220 661 1262 eos
698 1198 885 1282 cives,
932 1199 1043 1281 qui
1080 1203 1154 1261 ut
1187 1196 1485 1262 hostibus
1523 1200 1928 1282 imperarent,
1972 1198 2278 1262 victoriae

266 1308 335 1350 se
381 1286 794 1371 devoverunt3
841 1287 1056 1351 audiet
1102 1283 1169 1351 C.
1208 1286 1449 1350 Marius
1496 1286 1815 1371 impudico
1863 1286 2122 1350 domino
2170 1308 2276 1369 pa-

266 1396 405 1439 rere
458 1396 604 1445 nos.
663 1375 775 1458 qui
827 1396 909 1439 ne
967 1375 1238 1439 militem
1293 1375 1547 1459 quidem
1603 1375 1838 1440 habere
1891 1374 2098 1439 voluit
2152 1375 2278 1438 nisi

264 1463 591 1547 pudicum3
664 1463 880 1527 audiet
950 1462 1192 1527 Brutus
1265 1486 1413 1528 eum
1473 1464 1812 1548 populum,
1884 1485 2074 1547 quem
2137 1463 2276 1546 ipse

265 1551 505 1635 primo,
566 1555 717 1633 post
778 1552 1116 1637 progenies
1172 1551 1308 1616 eius
1365 1574 1403 1615 a
1455 1552 1717 1637 regibus
1770 1551 2099 1637 liberavit,
2158 1572 2277 1633 pro

185 1665 238 1706 15
266 1638 442 1723 turpi
494 1642 717 1722 stupro
774 1640 995 1704 datum
1048 1640 1119 1703 in
1176 1641 1568 1704 servitutem.
1660 1638 1834 1715 Quae
1880 1638 2163 1723 quidem,
2220 1640 2277 1703 si

266 1728 444 1791 nullo
492 1728 639 1812 alio,
682 1750 783 1791 me
827 1733 1045 1792 tamen
1087 1728 1484 1792 internuntio
1531 1728 1820 1792 celeriter
1866 1728 1944 1791 ad
1989 1728 2136 1791 illos
2178 1728 2281 1792 de·

266 1815 567 1880 ferentur.
646 1814 828 1902 Nam,
875 1815 931 1880 si
975 1817 1159 1880 vivus
1203 1817 1330 1881 ista
1376 1816 1819 1900 subterfugere
1865 1838 2000 1881 non
2033 1819 2278 1902 poter-0,

267 1926 396 1968 una
439 1925 584 1969 cum
628 1904 774 1970 istis
810 1868 1017 1971 'vitam
1063 1905 1255 1971 simul
1298 1906 1520 1992 fugere
1566 1904 1827 1970 decrevi.

2318 1125 2384 1171 10
