2642 3923
237 626 293 673 11

239 2212 300 2261 12

338 199 460 264 156
967 199 1038 254 M.
1078 198 1290 253 TULLI
1329 196 1704 255 CICERONIS

332 342 512 408 derat
556 342 706 408 huic
753 339 1041 426 Scaptio,
1098 364 1211 426 per
1259 364 1418 426 quas
1465 339 1846 406 Salaminios
1890 345 2232 424 coerceret,
2286 345 2351 404 et

335 433 603 496 eundem
632 430 944 495 habuerat
969 431 1394 532 praefectum,
1440 430 1713 494 vexabat
1743 427 2141 493 Salaminios.
2203 428 2349 513 Ego

334 521 581 604 equites
620 541 698 584 ex
728 517 942 602 Cypro
973 518 1323 583 decedere
1303 518 1483 582 iussi.
1556 517 1829 582 Moleste
1858 517 2011 581 tulit
2039 515 2351 601 Scaptius.

337 607 501 683 Quid
548 607 795 671 multa?
858 611 932 670 ut
987 607 1045 671 ei
1101 607 1291 671 fidem
1336 628 1543 670 meam
1598 611 2019 690 praestarem,
2071 627 2215 670 cum
2272 603 2351 668 ad

333 718 437 760 me
483 693 814 760 Salaminii
853 693 1123 759 Tarsum
1163 695 1488 761 venissent
1532 698 1598 758 et
1644 694 1712 757 in
1758 693 1839 758 iis
1878 691 2190 778 Scaptius,
2236 693 2349 756 im·
2406 719 2432 758 5

334 784 579 868 peravi,
631 787 708 848 ut
760 783 1092 885 pecum'am
1151 782 1488 848 solverent.
1579 782 1790 846 Multa
1844 781 1919 846 de
1968 780 2350 867 syngrapha,

334 873 411 937 de
458 869 677 955 Scapti
722 871 992 935 iniuriis.
1083 869 1334 956 Negavi
1389 892 1493 934 me
1539 870 1783 953 audire3
1837 868 2134 934 hortatus
2190 891 2351 954 sum,

335 960 537 1044 petivi
582 960 777 1025 etiam
822 981 940 1043 pro
984 959 1144 1023 meis
1190 960 1260 1023 in
1296 959 1624 1022 civitatem
1661 958 2003 1042 beneficiis,
2048 962 2123 1022 ut
2157 977 2350 1042 nego·

336 1047 500 1113 tium
547 1048 954 1131 conficerent,
1014 1047 1284 1130 denique
1330 1047 1462 1110 dixi
1510 1068 1612 1110 me
1656 1050 2040 1111 coacturum.
2130 1044 2351 1110 Homi-

334 1158 481 1202 nes
495 1158 630 1201 non
672 1135 863 1201 modo
907 1157 1041 1200 non
1083 1156 1394 1219 recusare,
1441 1134 1551 1199 sed
1597 1135 1791 1198 etiam
1835 1133 1959 1199 hoc
2005 1133 2234 1217 dicere,
2281 1155 2350 1197 se
2377 1160 2431 1197 ιο

337 1247 376 1289 a
419 1246 520 1289 me
567 1224 827 1289 solvere.
918 1221 1102 1299 Quod
1156 1223 1326 1288 enim
1376 1186 1661 1306 ²praetori
1716 1222 1865 1286 dare
1920 1226 2350 1305 consuessent,

339 1313 641 1396 quoniam
687 1332 807 1398 ego
853 1332 982 1376 non
1030 1333 1423 1412 acceperam,
1478 1332 1544 1375 se
1599 1333 1637 1374 a
1680 1332 1780 1374 me
1837 1310 2113 1411 quodam
2157 1308 2347 1374 modo

338 1401 504 1485 dare,
549 1406 742 1484 atque
787 1400 977 1464 etiam
1027 1400 1239 1463 minus
1285 1420 1422 1464 esse
1468 1398 1798 1483 aliquanto
1855 1399 1921 1462 in
1970 1396 2188 1482 Scapti
2231 1418 2347 1462 no-

338 1489 510 1553 mine
570 1510 761 1572 quam
815 1488 884 1552 in
943 1487 1242 1573 vectigali
1296 1488 1638 1571 praetorio.
1729 1484 2102 1551 Collaudavi
2146 1486 2349 1550 homi·

336 1598 467 1641 nes.
560 1574 820 1660 ‘Recte',
876 1576 1088 1661 inquit
1134 1573 1456 1677 Scaptius,
1513 1574 1646 1639 ‘scd
1702 1575 2126 1639 subducamus
2182 1596 2427 1639 sum-15

338 1665 551 1729 mam?
596 1663 880 1749 Interim,
908 1686 1053 1729 cum
1072 1684 1192 1749 ego
1223 1664 1292 1728 in
1319 1664 1524 1728 edicto
1553 1663 1951 1727 translaticio
1971 1662 2347 1728 centesimas

339 1775 442 1818 me
494 1752 984 1818 observaturum
1027 1751 1330 1817 haberem
1375 1774 1518 1816 cum
1559 1752 1950 1816 anatocismo
1991 1751 2348 1815 anniversa-

338 1841 456 1925 rio,
492 1842 601 1905 ine
628 1863 705 1905 ex
736 1841 1100 1926 syngrapha
1134 1839 1507 1925 postulabat
1536 1843 1894 1924 quaternas.
1961 1837 2149 1914 ‘Quid
2185 1836 2347 1902 ais‘?’

339 1930 625 2015 inquam,
686 1930 1064 2014 possumne
1117 1933 1342 1995 contra
1393 1949 1607 1994 meum
1653 1927 2005 1994 edictum?’
2094 1925 2186 1992 At
2238 1926 2347 1991 ille

339 2018 588 2172 {affl
645 2017 1348 2183 armamaxas.
1387 2015 2142 2170 kzffissfflssfxqss}
2183 2036 2347 2168 1222
2376 2041 2430 2081 ²⁰

597 2157 616 2191 7
790 2159 808 2192 7
1801 2156 1820 2190 7

341 2211 755 2261 SYNGRAPHA
806 2210 1128 2259 DICERET.
1229 2192 1547 2258 Cohorrui
1608 2192 1841 2276 prim03
1913 2192 2149 2257 etenim
2211 2195 2350 2256 erat

339 2284 640 2347 interitus
677 2281 974 2347 civitatis.
1046 2281 1321 2365 Reperio
1362 2281 1487 2346 duo
1526 2284 1785 2345 senatus
1821 2280 2114 2345 consulta
2147 2278 2347 2343 isdem

340 2370 709 2437 consulibus
737 2370 814 2435 de
849 2370 1068 2435 eadem
1105 2369 1486 2454 syngrapha.
1560 2365 1893 2433 Salaminii
1928 2390 2072 2433 cum
2106 2365 2347 2431 Romae

339 2481 666 2524 versuram
710 2459 915 2523 facere
957 2458 1215 2541 vellent,
1259 2479 1392 2522 non
1435 2461 1750 2541 poterant,
1797 2455 1967 2541 quod
2010 2456 2116 2521 lex
2158 2454 2347 2520 Gabi·
2376 2481 2428 2520 2⁵

339 2548 446 2612 nia
478 2547 752 2612 vetabat.
817 2546 981 2611 Tum
1014 2546 1093 2610 iis
1124 2546 1313 2610 Bruti
1349 2545 1694 2609 familiares
1725 2545 1877 2609 freti
1914 2544 2124 2629 gratia
2159 2542 2346 2607 Bruti

340 2636 488 2700 dare
522 2635 825 2700 volebant
862 2634 1208 2719 quaternis,
1255 2634 1311 2697 si
1358 2633 1484 2698 sibi
1530 2636 1789 2698 senatus
1834 2632 2127 2697 consulto
2177 2653 2349 2696 cave-

340 2728 535 2788 retur.
625 2721 732 2788 Fit
778 2723 989 2808 gratia
1033 2722 1221 2786 Bruti
1268 2725 1528 2786 senatus
1574 2720 1963 2803 consultum,
2009 2719 2117 2784 V'r
2160 2737 2346 2784 NEVE

343 2809 776 2894 SALAMINIIS,
819 2828 1007 2875 NEVE
1059 2828 1179 2888 QVI
1235 2826 1345 2874 ms
1395 2825 1757 2893 DEDISSET,
1805 2825 2069 2872 FRAVDI
2117 2823 2346 2873 ESSET.

340 2899 684 2965 Pecuniam
741 2902 1174 2963 numerarunt.
1267 2897 1360 2963 At
1417 2902 1642 2981 postea
1699 2897 1874 2961 venit
1941 2896 2011 2961 in
2071 2900 2349 2960 mentem
2377 2921 2430 2961 ω

342 2986 848 3052 faeneratoribus
892 2987 1060 3051 nihil
1107 3008 1174 3051 se
1210 2986 1429 3050 iuvare
1475 2985 1636 3050 illud
1671 2987 1929 3049 senatus
1966 2984 2349 3068 consultum,

343 3076 514 3160 quod
558 3097 641 3140 ex
681 3075 1047 3161 syngrapha
1091 3076 1191 3138 ius
1229 3073 1351 3138 dici
1398 3074 1504 3140 lex
1541 3072 1817 3137 Gabinia
1853 3077 2112 3137 vetaret.
2186 3071 2348 3136 Tum

339 3165 417 3228 fit
463 3167 721 3229 senatus
766 3165 1157 3246 consultum,
1203 3161 1310 3225 V'r
1358 3179 1452 3226 Ex
1497 3179 1588 3225 ΕΑ
1636 3177 2046 3226 SYNGRAPHA
2090 3161 2137 3243 †
2183 3163 2351 3224 esset

341 3251 1121 3422 ssssffistoeffiffiessssssssss
1160 3250 1402 3402 θὲῑῗθῗε
1455 3247 1652 3401 affl*
1676 3248 2352 3422 οῗὲῗηὼέῗέἔῖὲῗῗῗίἰ
2379 3363 2430 3402 ³.

340 3426 488 3491 illos
534 3430 762 3509 putare
827 3426 1069 3490 talenta
1126 3442 1208 3490 cc
1264 3447 1332 3490 se
1387 3425 1629 3490 debere.
1729 3425 1829 3490 Ea
1876 3446 1942 3490 se
1986 3425 2150 3489 velle
2194 3425 2351 3488 acci·

339 3534 523 3596 pere..
577 3512 823 3577 Debere
869 3517 1083 3577 autem
1129 3513 1276 3578 illos
1323 3514 1516 3597 paulo
1562 3514 1788 3578 minus.
1862 3511 2095 3599 Rogat,
2130 3516 2206 3578 ut
2241 3534 2351 3578 eos
