2642 3923
631 176 1142 232 EPISTULARUM
1178 177 1276 231 AD
1314 176 1641 233 ATTIOUM
1676 177 1779 231 VII
1820 183 1902 248 17,
1943 182 2025 256 18„
2221 179 2354 245 215

340 322 554 387 miano
611 342 749 386 esse
803 320 981 386 volui
1039 325 1105 385 et
1150 343 1278 385 una
1326 318 1681 386 Cicerones,
1774 319 1919 406 Ipse
1966 343 2112 386 cum
2154 323 2353 388 fratre

337 408 628 496 Capuam
673 410 753 474 ad
799 394 1093 475 consules
1138 406 1378 507 (Nonis
1423 409 1594 473 enim
1639 344 1860 474 adesspe
1905 410 2065 475 iussi
2100 409 2353 498 sumus)

217 580 224 588 ι
300 516 417 562 ιιι
462 496 686 564 Nonas
730 498 1056 583 profectus
1101 519 1264 583 sum,
1308 518 1456 563 cum
1499 496 1619 562 has
1663 497 1914 563 litteras
1960 499 2120 564 dedi.

474 584 809 670 Responsa
843 584 1108 670 Pompei
1153 589 1342 671 grata
1376 585 1616 670 populo
1654 590 1720 650 et
1751 587 2029 670 probata
2066 588 2353 653 contioni

151 672 166 684 ⁶
287 701 315 742 a
345 696 484 739 esse
529 674 842 739 dicuntur.
915 671 1018 739 Ita
1052 677 1364 758 putaram.
1430 672 1605 750 Quae
1642 673 1892 759 quidem
1931 675 2042 740 ille
2077 678 2136 741 si
2169 697 2354 778 repu-

341 763 553 849 diarit,
595 762 855 846 iacebit3
900 763 958 827 si
994 762 1306 846 acceperit
1335 799 1436 827 —.
1511 760 1771 828 Utrum
1805 762 2050 848 igitur',
2085 764 2357 852 inquies,

342 851 644 916 mavis‘2'
732 849 1238 936 Responderem‚
1301 850 1385 935 si,
1447 871 1639 934 quem
1690 851 1772 915 ad
1833 851 2093 916 modum
2145 853 2354 936 parati

341 960 643 1025 essemus,
686 941 931 1004 scirem.
1006 902 1301 1004 Cassium
1347 942 1486 1004 erat
1529 937 1638 1003 hic
1682 940 1971 1004 auditum
2018 941 2355 1024 expulsum
2390 958 2424 1006 2

341 1027 608 1092 Ancona
670 1048 937 1111 eamque
998 1027 1223 1092 urbem
1287 1049 1327 1091 a
1387 1026 1577 1092 nobis
1649 1027 1869 1107 teneri.
1971 1025 2042 1094 Si
2115 1029 2356 1094 bellum

264 1145 316 1183 ιο
341 1117 634 1180 futurum
698 1119 828 1200 est,
889 1115 1221 1201 negotium
1284 1115 1460 1180 utile.
1563 1112 1900 1182 Caesarem
1964 1116 2221 1200 quidem
2282 1115 2352 1182 L.

211 1282 221 1292 ⁶
344 1203 612 1269 Caesare
675 1167 828 1268 cum,
883 1204 1199 1268 mandatis
1265 1204 1344 1268 de
1406 1225 1561 1288 pace
1632 1203 1831 1270 misso
1896 1207 2112 1270 tamen
2174 1204 2356 1270 aiunt

312 1292 645 1357 acerrime
693 1291 998 1356 dilectum
1040 1291 1296 1376 habere,
1342 1292 1482 1357 loca
1519 1313 1847 1379 occupare,
1890 1293 2134 1358 vincire
2179 1315 2357 1377 prae-

343 1381 539 1447 sidiis.
604 1378 659 1444 Ο
706 1379 1027 1482 perditum
1068 1380 1410 1445 latronem!
1466 1401 1504 1446 o
1549 1381 1659 1445 vix
1702 1380 1837 1446 ullo
1884 1381 2019 1446 otio
2065 1403 2359 1466 compen-

344 1470 607 1534 sandam
674 1467 841 1533 hanc
911 1468 1005 1532 rei
1075 1468 1371 1553 publicae
1442 1469 1932 1552 turpitudinem!
2032 1467 2159 1535 Sed
2229 1475 2357 1535 sto-

264 1584 314 1624 ιε
343 1556 626 1623 machari
673 1556 1064 1642 desinamus,
1117 1557 1394 1641 tempori
1447 1578 1811 1658 pareamus,
1862 1580 2006 1623 cum
2049 1557 2356 1660 Pompeio

342 1647 413 1711 in
454 1644 837 1729 Hispaniam
882 1665 1116 1709 eamus
1182 1643 1357 1709 Haec
1401 1645 1645 1729 optima
1691 1645 1760 1709 ιιι
1802 1646 2010 1732 malis,
2055 1647 2359 1750 quoniam

342 1734 519 1799 illius
576 1734 851 1798 alterum
907 1732 1312 1798 consulatum
1365 1755 1404 1797 a
1456 1754 1525 1797 re
1575 1733 1836 1818 publica
1889 1755 1971 1798 ne
2025 1736 2175 1799 data
2220 1737 2358 1820 qui-

344 1823 488 1887 dem
535 1821 865 1888 occasione
909 1821 1323 1905 reppulimus.
1417 1818 1543 1887 Sed
1585 1821 1741 1886 haec
1784 1820 2107 1888 hactenus

476 1909 575 1976 De
619 1908 936 1995 Dionysio
991 1909 1162 1996 fugit
1216 1931 1319 1975 me
1374 1910 1455 1975 ad
1510 1914 1577 1976 te
1630 1914 1816 1975 antea
1879 1911 2181 1998 scribere3
2245 1912 2356 1978 sed
2393 1929 2425 1978 3

264 2027 318 2066 20
343 2002 437 2065 ita
481 1999 819 2084 constitui,
852 2003 1245 2082 exspectare
1290 2020 1598 2083 responsa
1642 1997 1963 2086 Caesaris,
2019 2004 2121 2086 ut,
2174 2000 2230 2065 si
2276 2002 2356 2065 ad

344 2089 569 2153 urbem
612 2052 993 2173 rediremus,
1045 2087 1137 2151 ibi
1183 2108 1302 2152 nos
1351 2091 1773 2173 exspectaret,
1829 2087 1929 2153 sin
1943 2052 2228 2153 tardius
2287 2089 2356 2153 id

344 2178 546 2262 fieret,
581 2180 722 2240 tum
758 2197 904 2241 eum
940 2140 1418 2240 a'rcesseremus⁸
1483 2139 1779 2259 Οιιιιιιιιο,
1817 2177 1971 2260 quid
2006 2177 2116 2241 ille
2151 2178 2356 2242 facere

344 2264 636 2329 debuerit
692 2264 763 2328 in
820 2268 1043 2329 nostra
1101 2264 1213 2328 illa
1270 2265 1450 2350 fuga,
1519 2264 1674 2348 quid
1731 2264 1918 2330 docto
1972 2264 2233 2330 homine
2292 2269 2357 2330 et

345 2354 548 2418 amico
604 2352 870 2437 dignum
926 2352 1150 2438 fuerit,
1209 2374 1354 2417 cum
1411 2352 1791 2436 praesertim
1849 2356 2115 2437 rogatus
2169 2358 2358 2439 esset,

196 2485 208 2496 -
265 2468 317 2509 25
347 2443 478 2506 scio
493 2490 511 2524 ‚
582 2441 695 2506 sed
763 2439 921 2506 haec
989 2462 1121 2505 non
1191 2440 1385 2505 nimis
1449 2441 1714 2525 exquiro
1778 2462 1817 2505 a
1879 2439 2156 2507 Graecis.
2257 2441 2358 2507 Tu

344 2536 562 2597 tamen
603 2529 877 2613 videbis,
932 2529 990 2592 si
1043 2528 1194 2613 erit,
1250 2528 1422 2613 quod
1483 2529 1713 2615 nolim,
1776 2528 2214 2613 arcessendus,
2276 2550 2359 2595 ne

343 2617 603 2684 molesti
647 2617 847 2681 simus
894 2616 1276 2682 invito..

479 2705 756 2782 Quintus
818 2689 1017 2770 frater
1078 2704 1359 2788 laborat,
1422 2709 1497 2769 ut
1549 2705 1700 2789 tibi,
1765 2705 1938 2789 quod
1995 2705 2209 2791 debet,
2272 2706 2353 2770 ab
2392 2724 2426 2772 4

346 2794 630 2880 Egnatio
669 2793 906 2878 solvat3
941 2814 1058 2857 nec
1091 2792 1377 2878 Egnatio
1414 2793 1713 2858 voluntas
1750 2794 1947 2881 deest,
1978 2815 2096 2859 nec
2130 2815 2358 2878 parum

267 2908 321 2948 so
348 2883 634 2966 locuples
680 2886 795 2967 est,
842 2882 972 2968 sed,
1016 2903 1161 2947 cum
1206 2881 1336 2945 tale
1381 2885 1635 2965 tempus
1682 2882 1796 2967 sit,
1841 2885 1916 2946 ut
1927 2847 2027 2957 Q.
2074 2881 2358 2948 Titinius

347 2969 656 3057 (multum
701 2970 872 3035 enim
910 2975 1009 3034 est
1043 2966 1410 3056 nobiscum)
1446 2971 1753 3034 viaticum
1790 2991 1858 3036 se
1893 2975 2087 3055 neget
2121 2970 2359 3037 habere

346 3059 639 3144 idemque
674 3058 1075 3124 debitoribus
1114 3058 1248 3122 suis
1285 3058 1700 3144 denuntiarit,
1734 3062 1810 3123 ut
1844 3059 2066 3123 eodem
2101 3059 2360 3125 faenore

345 3150 706 3233 uterentur,
761 3150 954 3231 atque
1005 3147 1130 3211 hoc
1182 3146 1354 3210 idem
1400 3147 1592 3211 etiam
1636 3110 1705 3211 L.
1752 3144 1955 3232 Ligus
1999 3147 2225 3213 fecisse
2269 3148 2361 3213 di·

346 3223 553 3321 catur‚
611 3257 728 3300 nec
782 3234 908 3299 hoc
965 3240 1251 3318 tempore
1315 3238 1429 3299 aut
1492 3235 1667 3299 domi
1727 3239 2025 3300 nummos
2080 3234 2358 3312 Quintus

266 3350 320 3391 ιε
346 3323 584 3389 habeat
629 3328 742 3389 aut
787 3323 1040 3408 exigere
1085 3323 1166 3387 ab
1213 3322 1497 3407 Egnatio
1555 3329 1667 3388 aut
1711 3345 2041 3388 versuram
2085 3345 2360 3408 usquam

345 3414 550 3478 facere
595 3412 821 3496 possit,
866 3413 1137 3476 miratur
1182 3416 1249 3476 te
1298 3432 1433 3477 non
1465 3410 1770 3476 habuisse
1803 3412 2123 3476 rationem
2164 3411 2359 3492 huius

345 3500 642 3654 publicae
687 3499 1105 3565 difficultatis.
1186 3498 1332 3586 Ego
1379 3502 1613 3585 autem,
1657 3500 1781 3564 etsi
1816 3499 1978 3563 illud
2013 3500 2362 3582 ψευὸησιό-
