2642 3923
371 197 510 261 484
1030 195 1104 250 Μ.
1144 195 1359 249 TULLI
1395 193 1772 249 CICERONIS

376 340 662 423 mihique
720 338 1175 424 gratissimum
1277 338 1374 402 De
1434 337 1630 401 armis
1684 336 1851 400 nihil
1905 337 2035 401 vidi
2091 336 2399 419 apertius,

374 426 726 512 Fugiamus
781 427 1011 511 igitur,
1065 430 1130 491 et
1175 430 1248 488 ut
1295 426 1407 489 ais.
1493 424 1725 489 Coram
1770 424 2190 507 Theophanes
2238 426 2401 525 quid

379 516 561 598 velit,
616 515 846 578 nesciO.
940 512 1294 597 Scripserat
1349 513 1520 577 enim
1574 513 1654 576 ad
1698 534 1815 576 me.
1909 511 2030 577 Cui
2075 513 2399 597 rescripsi,

376 606 454 667 ut
507 603 706 686 potui.
797 602 959 666 Mihi
1015 606 1230 666 autem
1287 602 1511 665 scribit
1566 601 1780 665 venire
1826 600 1906 664 ad
1951 623 2052 664 me
2100 623 2167 665 se
2210 601 2401 685 velle,

380 695 455 754 ut
499 694 563 753 et
609 690 686 754 de
731 690 865 754 suis
910 692 1102 755 rebus
1150 694 1215 755 et
1262 689 1592 773 quaedam,
1638 712 1800 773 quae
1847 689 1925 752 ad
1971 712 2073 752 me
2118 689 2398 772 pertine·
2458 713 2488 755 5

370 782 539 842 rent.
629 778 801 842 Tuas
859 778 1112 842 litteras
1159 781 1473 861 exspecto
1568 777 1747 860 Vide,
1793 798 2060 863 quaese,
2110 799 2190 841 ne
2237 777 2399 860 quid

382 871 620 930 temere
663 867 794 930 fiat.

303 973 343 1019 *ι
515 952 761 1018 Statius
816 953 1072 1036 scripsit
1131 952 1211 1016 ad
1254 974 1357 1015 me
1401 953 1689 1016 locutum
1736 974 1948 1016 secum
1997 974 2135 1017 esse
2181 951 2253 1029 Q.
2292 950 2398 1017 Oi-

380 1064 673 1106 ceronem
724 1041 905 1106 valde
959 1041 1407 1105 adseveranter
1468 1062 1536 1105 se
1589 1040 1746 1105 haec
1789 1041 1955 1105 ferre
2000 1062 2131 1104 non
2175 1062 2397 1125 posse3

377 1134 626 1195 certum
672 1128 799 1194 sibi
845 1150 982 1193 esse
1017 1128 1098 1191 ad
1133 1128 1411 1192 Brutum
1449 1133 1513 1192 et
1551 1127 1846 1192 Cassium
1884 1129 2178 1193 transire.
2249 1128 2398 1193 Hoc
2425 1155 2482 1193 10

376 1218 550 1281 enim
592 1239 744 1282 vero
787 1238 959 1281 nunc
1003 1216 1242 1281 discere
1288 1237 1473 1300 aveo,
1530 1216 1654 1280 hoc
1700 1237 1819 1300 ego
1867 1217 2021 1300 quid
2067 1217 2154 1280 sit
2199 1217 2397 1281 inter-

376 1306 619 1389 pretari
680 1326 814 1369 non
879 1325 1160 1388 possum.
1249 1302 1475 1367 Potest
1529 1304 1771 1387 aliquid
1825 1305 2031 1368 iratus
2085 1304 2397 1389 Antonin,

378 1397 595 1478 potest
661 1393 935 1477 gloriam
1001 1392 1130 1455 iam
1197 1413 1430 1456 novam
1503 1413 1832 1477 quaerere,
1895 1397 2111 1476 potest
2180 1397 2398 1457 totum

376 1502 517 1544 esse
581 1482 966 1565 σχεδίασμας
1031 1484 1096 1544 et
1157 1480 1466 1543 nimirum
1521 1482 1614 1544 ita
1671 1485 1785 1544 est.
1879 1478 2004 1545 Sed
2056 1485 2276 1545 tamen
2329 1486 2397 1545 et

377 1590 500 1721 553
542 1590 785 1722 {2³32ss
832 1572 1123 1721 ἶθὲῧζῗ
1140 1568 1943 1740 qfflffibffiffssfflm
1960 1590 2177 1720 11ζέἑέ
2230 1591 2396 1740 {2¹33
2424 1594 2476 1634 ¹⁵

378 1745 553 1828 velit,
596 1707 826 1810 nescid.
898 1744 962 1810 A
994 1744 1333 1809 Dolabella
1381 1744 1682 1807 mandata
1716 1743 1985 1828 habeb0,
2032 1708 2194 1828 quae
2231 1745 2394 1808 mihi

379 1833 790 1916 videbuntur,
850 1833 916 1897 id
970 1836 1068 1897 est
1121 1832 1300 1896 nihil.
1393 1831 1514 1895 Dic
1567 1832 1754 1916 mihi,
1809 1831 1878 1897 O.
1915 1831 2241 1896 Antonius
2288 1855 2394 1896 vo-

375 1921 584 1987 luitne
635 1923 776 1987 fieri
834 1920 1218 2005 septemvir?
1289 1918 1444 1984 Fuit
1489 1924 1659 1985 certe
1702 1920 1950 2005 dignus
2042 1920 2140 1985 De
2184 1920 2390 1985 Mene·

374 2010 562 2076 demo
608 2015 725 2095 est,
768 2014 842 2075 ut
888 2010 1131 2074 scribis.
1222 2006 1442 2072 Facies
1491 2009 1703 2073 omnia
1748 2009 1908 2073 mihi
1953 2013 2125 2074 nota.
2422 2034 2477 2073 πο

1313 2183 1455 2249 XX.

465 2306 582 2362 Ser.
611 2307 676 2360 in
715 2306 1028 2360 Tusculano
1063 2305 1206 2359 inter
1241 2304 1366 2359 XV
1395 2312 1445 2359 et
1484 2305 1586 2359 XI
1614 2305 1688 2359 K.
1722 2303 1907 2374 Quint.
1938 2321 1990 2358 a.
2022 2308 2131 2360 710
2167 2308 2306 2372 (44).

984 2426 1271 2481 CICERO
1305 2426 1597 2481 ATTICO
1633 2427 1796 2481 SAL.

313 2560 336 2602 1
512 2538 639 2624 Egi
684 2537 926 2623 gratias
972 2534 1309 2621 Vettien03
1353 2536 1520 2599 nihil
1564 2535 1736 2599 enim
1780 2536 1995 2617 potuit
2028 2534 2396 2599 humanius

380 2626 751 2691 Dolabellae
803 2624 1102 2688 mandata
1157 2624 1290 2688 sint
1345 2623 1697 2723 quaelibet,
1760 2622 1920 2687 mihi
1975 2622 2244 2706 aliquid,
2290 2623 2398 2686 vel
2424 2649 2477 2690 25

383 2715 553 2799 quod
615 2712 836 2778 Niciae
897 2712 1203 2776 nuntiem.
1307 2710 1463 2787 Quis
1530 2711 1701 2776 enim
1761 2710 1941 2793 haec,
2004 2714 2077 2774 ut
2141 2711 2395 2796 scribis,

379 2804 426 2887 ’1-
445 2802 720 2867 anteno‘?
792 2799 982 2864 Nunc
1026 2799 1321 2863 dubitare
1368 2820 1750 2883 quemquam
1795 2761 2187 2882 prudentem,
2235 2800 2399 2882 quin

310 2908 344 2955 2
382 2913 559 2955 meus
599 2891 912 2954 discessus
949 2888 1413 2987 desperationis
1451 2887 1558 2972 sit,
1591 2908 1725 2950 non
1761 2887 2144 2972 legationis?
2206 2885 2395 2961 Quod

382 2979 477 3043 ais
531 2982 814 3043 extrema
869 2977 1178 3060 quaedam
1231 2975 1360 3039 iam
1415 2975 1708 3039 homines
1766 2976 1841 3039 de
1886 2997 1955 3039 re
1999 2975 2255 3059 publica
2302 2976 2395 3038 lo-

383 3067 494 3151 qui
550 3070 614 3130 et
669 3088 777 3130 eos
835 3065 1089 3149 quidem
1147 3063 1321 3128 viros
1368 3063 1598 3148 bonos,
1659 3082 1807 3149 ego,
1854 3085 1980 3146 quo
2027 3063 2128 3127 die
2175 3063 2396 3126 audivi
2423 3091 2478 3129 so

381 3155 565 3219 illum
619 3159 963 3237 tyrannum
1018 3153 1087 3215 in
1141 3153 1437 3215 contione
1498 3150 1938 3215 clarissimum
1996 3151 2228 3214 virum'
2284 3173 2394 3234 ap·

380 3242 631 3326 pellari,
687 3240 1094 3308 subdiffidere
1148 3240 1346 3323 coepi.
1436 3237 1668 3303 Postea
1721 3260 1872 3303 vero
1928 3261 2121 3322 quam
2179 3243 2396 3302 tecum

378 3330 627 3394 Lanuvi
671 3330 802 3394 vidi
846 3334 1104 3393 nostros
1150 3332 1406 3392 tantum
1450 3327 1585 3410 spei
1630 3327 1863 3391 habere
1909 3328 1987 3390 ad
2031 3326 2394 3411 vivendum,

377 3421 692 3499 quantum
747 3417 1137 3500 accepissent
1191 3416 1271 3480 ab
1329 3415 1616 3480 Antonio
1627 3465 1644 3498 ,
1709 3416 2054 3499 desperavi.
2143 3414 2392 3499 Itaque,

375 3506 469 3568 mi
515 3504 746 3588 Attice,
791 3503 1076 3590 (fortiter
1119 3505 1242 3568 hoc
1290 3505 1482 3568 velim
1528 3504 1816 3587 accipias,
1862 3508 1936 3567 ut
1981 3523 2100 3589 ego
2147 3501 2392 3590 scribo)
2422 3529 2479 3570 ³5
