2642 3923
1091 196 1150 249 P.
1183 200 1409 251 29—39.
2159 195 2257 249 XV

236 337 495 404 Gronov.,
536 337 687 404 quod
722 335 911 402 miror,
949 334 1231 402 Wesenb„
1269 335 1429 404 Boot,
1467 353 1537 390 ne
1570 336 1680 390 ‘bis
1710 336 1881 390 idem'
1925 337 2159 391 dicatur.
2191 369 2267 380 —-

236 415 301 461 19
352 409 487 462 meis
530 409 690 462 rebus
728 407 1018 459 Lehmann
1055 422 1124 460 ex
1162 407 1391 476 optimis
1431 408 1546 460 81118
1588 408 1892 476 codicibue,
1939 410 2098 463 rebus
2133 410 2261 462 meis

238 479 382 548 vulg.
435 509 505 520 —
555 484 622 531 22
661 480 770 544 ita,
815 479 1029 532 tametsi
1064 479 1141 532 eis
1180 478 1297 531 cod.
1330 477 1504 542 Med„
1552 478 1677 546 alii,
1725 479 2009 532 Hofmann
2047 495 2131 548 ep.
2163 478 2257 532 sel.

238 550 322 604 ed.
351 549 394 615 1,
431 550 469 603 i.
499 556 537 604 t.
564 550 653 603 his
689 548 784 618 (ad
819 566 874 617 p.
906 554 991 602 37.
1014 551 1104 618 37)
1140 548 1449 602 Buecheler
1480 547 1540 614 Q.
1564 547 1673 602 Cic.
1695 553 1807 619 pet.
1829 568 1884 619 p.
1907 556 1990 604 51.
2014 560 2063 617 9,
2101 550 2259 617 Boot,

238 622 321 675 ita
354 627 534 674 tamen
569 622 620 674 si
655 620 731 674 eis
770 618 870 672 alii
909 619 1098 686 codd.,
1149 619 1331 688 Atque
1367 620 1449 674 ita
1487 627 1667 674 tamen
1701 622 1773 675 iis
1809 621 2082 688 Lambin,
2120 619 2258 673 Leh-

238 707 432 757 mann,
479 693 517 745 i.
547 698 585 745 t.
615 692 701 744 his
736 689 955 757 Baiter,
1003 689 1236 759 Tyn-eli,
1274 691 1311 745 i.
1344 697 1380 745 t.
1411 692 1533 745 istis
1569 690 1831 745 Wesenb.
1872 723 1942 732 —
1980 697 2048 745 24
2083 692 2258 762 [Epi-

239 762 525 832 charmus]
560 760 774 814 Manut.
790 804 804 829 ,
855 761 1065 827 Baiter,
1115 760 1369 830 Tyrrell.,
1409 778 1513 815 om.
1544 761 1705 829 Boot,
1741 761 2046 816 Lehmann.
2085 792 2156 803 —
2190 768 2257 815 31

240 850 346 887 esse
384 833 568 899 codd.,
614 832 831 899 Baiter,
878 831 1122 900 Tyrrell,
1171 831 1485 899 Lehmann,
1535 850 1661 885 cum
1700 848 1858 886 cruce
1896 833 2056 898 Boot,
2092 834 2262 900 titisse

240 902 503 956 Wesenb.
535 934 605 944 —-
632 909 701 956 34
738 904 811 956 in
837 920 972 956 eam
999 919 1222 956 causam
1251 903 1503 956 additum
1529 910 1578 957 et
1614 905 1947 971 infertum
1974 911 2051 959 est
2080 906 2259 972 (esse?)

240 992 290 1029 a.
321 974 387 1029 P.
430 974 661 1029 Servilio
706 975 822 1041 filio
868 972 1098 1042 Madvig
1133 973 1272 1027 Adv.
1301 973 1378 1025 III
1413 992 1467 1043 p.
1502 979 1601 1026 167
1625 991 1731 1042 sq.,
1786 974 1942 1043 prob.
1973 974 2260 1027 Lehmann

242 1044 580 1098 ‘Jahresben
613 1044 710 1097 des
755 1043 894 1114 phil.
924 1042 1179 1096 Vereins'
1224 1049 1360 1097 1888
1395 1062 1450 1113 p.
1482 1047 1601 1110 284,
1641 1045 1742 1097 sed
1786 1045 1935 1098 idem
1971 1045 2032 1097 in
2070 1045 2154 1098 ed.
2186 1044 2261 1098 VI

239 1116 400 1185 epist.
434 1115 532 1169 881.
562 1116 680 1170 sine
721 1132 891 1170 causa
926 1114 1175 1183 explicat
1214 1115 1383 1168 ‘ohne
1419 1114 1677 1169 Absicht'
1722 1115 1937 1184 (malim
1977 1116 2257 1184 ‘Zweck').
2319 1160 2333 1172 .

241 1183 320 1241 Cf.
352 1186 495 1240 Phil.
526 1185 655 1239 VIII
682 1192 730 1240 4.
765 1192 829 1239 12
877 1203 1015 1254 quae
1061 1202 1229 1239 causa
1273 1187 1471 1240 iustior
1522 1192 1598 1240 est
1650 1187 1774 1239 belli
1821 1188 2045 1257 yerendi
2098 1204 2259 1256 quam

239 1259 513 1312 servitutis
557 1255 841 1325 depulsio?
861 1299 875 1324 ,
922 1256 1066 1309 Plin.
1105 1255 1362 1309 XXXVII
1392 1262 1418 1308 1
1459 1274 1628 1311 causa
1664 1274 2019 1327 yemmarum,
2074 1258 2258 1311 Iuven.

242 1333 289 1382 8.
336 1333 404 1382 84
453 1334 679 1396 propter
731 1328 900 1381 vitam
952 1328 1171 1382 vivendi
1215 1328 1439 1395 perdere
1494 1344 1693 1381 causas
1750 1330 1814 1397 (v.
1865 1327 2259 1394 Friedlaend.),

243 1397 340 1452 Sil.
371 1399 499 1451 XIII
529 1404 629 1452 519
668 1400 810 1453 vitae
844 1398 947 1452 tibi
982 1414 1151 1452 causa
1188 1399 1395 1452 labores
1428 1399 1695 1452 humanos
1722 1399 1921 1453 iuvisse
1948 1400 2075 1466 fuit,
2112 1398 2262 1451 infra

240 1488 293 1539 p.
325 1476 445 1523 242.
479 1475 563 1536 15,
602 1473 720 1522 248.
752 1475 845 1534 293
885 1467 953 1522 cf.
987 1468 1060 1522 ad
1096 1486 1150 1536 p.
1176 1474 1292 1521 526.
1318 1474 1401 1522 14.
1431 1499 1503 1509 —-
1529 1469 1608 1522 Ib.
1630 1470 1839 1536 factum
1875 1486 2008 1524 esse
2037 1469 2193 1523 Boot.
2242 1469 2262 1541 ΙΙ

312 1542 382 1595 P.
412 1539 511 1595 85.
545 1546 574 1593 7
613 1540 907 1594 Panormi
941 1538 1221 1606 Wesenb.,
1259 1539 1417 1593 Boot.
1465 1570 1535 1580 —-
1582 1546 1647 1593 15
1685 1542 1757 1595 sit
1791 1540 1958 1610 vulg„
1995 1542 2045 1593 si
2083 1540 2259 1606 codd„

246 1610 350 1665 del.
380 1610 625 1680 Tyrrell,
676 1610 978 1663 Lehmann.
1053 1609 1180 1663 Non
1225 1610 1468 1663 multum
1504 1611 1763 1678 interest3
1819 1611 1936 1678 sed,
1972 1613 2039 1664 ut
2071 1610 2262 1679 placet

244 1700 290 1736 v.
323 1688 406 1749 16,
446 1682 528 1735 810
563 1681 658 1734 1110
696 1680 960 1750 displicet
987 1682 1176 1749 potius
1214 1682 1456 1735 laudare.
1523 1681 1901 1750 Vituperemur
1938 1684 2126 1734 autem
2164 1681 2258 1734 ab·

244 1753 474 1807 surdum
527 1752 668 1805 mihi
722 1752 945 1805 videtur
999 1766 1145 1819 8888,
1201 1751 1313 1805 11181
1369 1751 1706 1820 interrogari
1759 1768 1978 1806 mecum
2024 1756 2256 1805 statuas,

245 1824 498 1891 Denique
535 1822 732 1875 malim
769 1824 954 1876 aliena
992 1838 1162 1890 quam
1198 1823 1331 1876 alia.
1362 1853 1430 1861 —
1468 1828 1534 1874 33
1572 1823 1775 1894 [mihi]
1803 1822 2019 1891 Tyn-cll
2056 1839 2140 1891 ep.
2174 1829 2256 1876 26.

250 1894 488 1947 ‘Vellem
542 1895 818 1946 insertum
871 1894 973 1947 tibi
983 1936 996 1959 ,
1052 1892 1141 1946 vel
1183 1892 1374 1963 potius
1423 1892 1670 1946 deletum
1717 1895 1903 1960 mihi‘,
1957 1894 2157 1961 inquit.
2242 1894 2261 1966 Η

316 1968 387 2021 P.
417 1966 516 2020 36.
538 1970 570 2018 8
608 1967 722 2019 iam
758 1981 862 2018 om.
899 1965 1154 2033 ‘priores'
1189 1964 1497 2033 (Lehmann
1525 1964 1641 2017 Att.
1662 1983 1715 2034 p.
1739 1966 1845 2032 67),
1884 1964 2077 2018 8801118.
2100 1965 2244 2019 Boot

245 2068 313 2076 —
361 2041 426 2090 18
472 2043 533 2090 et
576 2037 866 2090 mehercule
902 2036 1069 2101 Boot,
1130 2035 1258 2088 ‘hoc
1302 2034 1454 2088 enim
1497 2037 1564 2087 111.
1647 2033 1833 2087 ravius
1880 2035 2259 2104 superioribus

246 2107 588 2176 adiungitur,
624 2106 855 2159 minime
890 2123 1018 2160 vero
1055 2105 1171 2159 11118
1209 2105 1550 2175 opponitur’.
1624 2108 1829 2175 gnorat
1862 2106 2040 2175 igitur
2076 2107 2135 2158 et
2168 2107 2261 2160 sed

246 2181 303 2231 et
337 2185 518 2232 tamen
552 2194 665 2231 non
700 2193 826 2230 raro
865 2176 947 2231 sic
972 2176 1124 2245 poni.
1179 2175 1244 2230 V.
1265 2176 1417 2229 infra
1441 2182 1636 2246 p.108.
1662 2183 1745 2244 11,
1778 2181 1894 2230 137.
1918 2182 2002 2244 21,
2035 2182 2152 2230 140.
2174 2182 2259 2245 27,

248 2255 364 2302 141.
394 2254 481 2316 35,
522 2253 639 2302 142.
662 2253 747 2315 25,
787 2254 905 2301 262.
925 2253 1010 2315 31,
1048 2252 1167 2300 455.
1191 2252 1274 2314 30,
1316 2253 1434 2314 504,
1468 2254 1531 2300 17
1555 2250 1613 2300 et
1640 2254 1725 2315 21,
1764 2252 1993 2316 513.18,
2031 2253 2149 2301 530.
2174 2254 2258 2316 24,

244 2325 363 2373 555.
400 2323 491 2386 15,
546 2325 629 2372 46.
662 2325 711 2385 3,
750 2325 833 2373 76.
867 2324 951 2386 17,
990 2323 1072 2373 88.
1108 2323 1156 2384 7,
1198 2323 1314 2372 173.
1351 2323 1435 2384 14,
1473 2324 1591 2371 387.
1624 2324 1709 2387 26,
1746 2323 1865 2371 418.
1901 2325 1984 2385 11,
2022 2324 2139 2372 420.
2175 2325 2258 2386 23,

244 2396 364 2443 431.
389 2395 475 2456 31,
504 2394 623 2443 434.
649 2396 734 2455 22,
765 2395 884 2443 456.
905 2395 955 2456 3,
985 2394 1104 2442 457.
1131 2396 1176 2456 1,
1209 2394 1328 2442 499.
1351 2394 1444 2455 27,
1485 2389 1557 2441 ad
1584 2389 1716 2443 fam.
1736 2407 1790 2458 p.
1814 2394 1931 2442 297.
1955 2395 2039 2456 23,
2069 2389 2257 2442 Planc.

247 2466 327 2514 11.
361 2466 428 2513 27
448 2478 539 2528 m.,
584 2460 765 2514 Deiot.
798 2466 845 2513 9.
877 2465 963 2526 26,
1003 2465 1084 2513 14.
1114 2464 1183 2512 40
1202 2477 1292 2527 111.,
1330 2459 1473 2512 Phil.
1503 2459 1631 2512 XIII
1667 2464 1714 2513 8.
1751 2468 1813 2513 16
1835 2477 1936 2528 sq„
1974 2459 2260 2513 Lehmann
2339 2475 2342 2478 “

244 2531 497 2595 Quaestb.
535 2549 588 2600 p.
620 2538 704 2585 64.
761 2562 832 2571 -—
887 2536 956 2584 24
1011 2532 1423 2584 existimassem
1477 2531 1664 2597 codd.,
1719 2530 1941 2597 Baiter,
1997 2530 2257 2584 Wesenb.

243 2601 477 2669 Vereor,
532 2617 603 2654 ne
657 2618 768 2655 non
814 2601 998 2655 verius
1043 2600 1174 2654 fam.
1203 2600 1281 2653 IV
1310 2605 1358 2654 5.
1391 2607 1422 2654 2
1444 2617 1525 2655 ex.
1578 2617 1609 2654 e
1658 2601 1943 2655 codicibus
1983 2601 2261 2655 scribatur

243 2674 474 2727 minoris
518 2673 748 2727 existim.
789 2688 960 2740 quam
993 2671 1101 2740 leg.
1135 2688 1249 2741 agr.
1279 2671 1332 2723 H
1363 2677 1444 2725 15.
1475 2676 1544 2724 40
1581 2673 1778 2740 quanti
1813 2674 1885 2741 (p.
1919 2678 2037 2725 203.
2070 2674 2122 2741 8)
2164 2675 2263 2725 aut,

243 2742 384 2797 Mur.
417 2749 499 2796 16.
532 2749 600 2796 34
637 2746 710 2812 (p.
743 2748 861 2796 315.
894 2746 947 2812 2)
986 2743 1143 2797 tanti.
1221 2740 1282 2806 Q.
1314 2740 1425 2796 Cic.
1455 2745 1567 2811 pet.
1602 2748 1646 2796 7.
1680 2749 1746 2795 26
1792 2755 1883 2796 ma
1918 2760 1986 2797 ne
2031 2745 2258 2797 emistim.

247 2814 366 2867 cod.
405 2813 584 2868 Berol.
641 2845 712 2854 —-
765 2814 843 2866 Ib.
873 2820 1055 2867 tamen
1098 2830 1202 2867 om.
1242 2812 1354 2881 Ml,
1409 2815 1476 2866 ut
1520 2813 1765 2878 videtur,
1822 2830 1882 2866 so
1906 2831 1999 2880 118,
2053 2813 2262 2881 Baiter,

243 2884 526 2951 Wesenb.,
565 2884 761 2938 seclus,
791 2884 948 2937 Boot.
986 2915 1056 2923 —
1092 2889 1160 2937 35
1189 2884 1416 2939 Philton
1449 2883 1686 2953 Hilberg
1726 2883 1977 2937 ‘Wiener
2005 2883 2259 2938 Studien’

242 2954 371 3008 XIII
406 2973 460 3024 p.
491 2961 594 3008 327
617 2972 767 3023 sqq„
813 2956 1051 3023 phinton
1094 2954 1194 3008 M1.
1259 2957 1278 3023 11
1350 2955 1421 3008 Ρ.
1451 2954 1549 3009 37.
1581 2960 1612 3007 8
1649 2956 1791 3008 idem
1836 2954 1920 3020 M,
1976 2954 2263 3008 Lehmann

243 3024 494 3091 Quaestb.
516 3043 570 3095 p.
593 3032 678 3093 33,
707 3027 823 3080 iam
850 3025 974 3079 edd.
1005 3057 1075 3065 —-
1105 3031 1169 3078 16
1201 3042 1227 3079 e
1254 3033 1382 3092 (om.
1413 3025 1491 3093 M)
1523 3026 1715 3081 Gallia
1741 3027 1997 3079 numiari
2022 3025 2263 3094 Ernesti,

242 3097 460 3164 Baiter,
509 3096 793 3163 Wesenb.,
840 3095 1058 3165 Tyrrell
1094 3096 1328 3166 (fuerat
1364 3096 1592 3163 quidem
1627 3098 1884 3150 nuntiari
1918 3097 2117 3166 yallia,
2166 3097 2266 3150 sed

245 3168 315 3221 ab
373 3168 497 3222 ead.
548 3185 619 3222 m.
676 3167 841 3237 signa
899 3167 1096 3219 addita
1151 3169 1307 3234 sunt,
1354 3169 1421 3220 111,
1475 3167 1647 3220 verba
1698 3168 2261 3237 transponerentur').

241 3270 310 3279 -
347 3245 414 3292 37
453 3239 542 3292 his
580 3237 782 3305 Orelli,
828 3237 986 3291 Boot.
1054 3235 1133 3290 Cf.
1163 3256 1217 3306 p.
1250 3243 1334 3291 22.
1369 3242 1454 3305 28,
1503 3244 1587 3291 34.
1619 3243 1703 3304 22,
1754 3243 1834 3291 72.
1868 3244 1953 3304 34,
1992 3240 2264 3307 (114.19,)

244 3316 359 3363 131.
393 3315 479 3375 17,
530 3314 648 3363 132.
683 3315 765 3376 15,
819 3313 934 3361 153.
969 3313 1033 3361 12
1064 3311 1122 3362 et
1148 3314 1234 3375 37,
1286 3313 1405 3362 188.
1439 3314 1522 3375 13,
1575 3314 1693 3362 239.
1728 3314 1793 3361 13
1825 3311 1883 3362 et
1911 3315 1999 3375 28,
2046 3314 2165 3362 247.
2200 3314 2264 3361 13

242 3383 299 3434 et
324 3385 410 3447 23,
461 3385 582 3433 342.
617 3384 681 3432 17
711 3381 770 3433 et
797 3384 884 3446 22,
931 3384 1048 3433 372.
1083 3385 1132 3445 8,
1171 3384 1290 3433 375.
1334 3385 1417 3446 19,
1465 3385 1585 3433 384.
1620 3385 1705 3445 22,
1754 3385 1872 3432 402.
1904 3385 1988 3446 35,
2027 3384 2147 3432 431.
2180 3384 2265 3446 30,

245 3457 357 3505 447.
391 3456 459 3505 18
489 3453 550 3503 et
578 3456 664 3518 28,
720 3456 841 3504 476.
872 3456 966 3518 27,
1029 3455 1149 3504 483.
1184 3454 1267 3518 15,
1324 3455 1443 3504 489.
1477 3456 1526 3516 2,
1584 3447 1797 3503 cluent.
1831 3455 1948 3503 175.
1981 3456 2066 3515 23,
2125 3449 2263 3503 Sest.

245 3526 321 3576 23.
354 3527 441 3588 15,
479 3521 614 3575 fam.
648 3528 693 3574 1.
727 3525 811 3575 18.
893 3525 911 3588 11
995 3521 1065 3575 P.
1094 3520 1193 3575 39.
1224 3526 1291 3574 10
1330 3538 1411 3575 me
1447 3520 1661 3574 habent
1699 3523 1755 3574 Σ
1781 3520 1918 3573 Rav.
1959 3519 2262 3587 (Lehmann
