2642 3923
340 188 424 252 58
978 188 1051 243 Μ.
1091 187 1304 244 TULLI
1342 187 1718 244 CICERONIS

337 330 404 395 id
467 330 723 415 quidem
776 353 909 396 non
960 331 1227 397 dubium
1282 337 1409 416 est,
1471 333 1654 416 quin,
1714 331 1770 396 si
1830 331 1984 416 quid
2043 332 2165 396 erit
2221 332 2357 396 eius

338 419 532 504 modi,
579 419 669 484 sis
707 419 1136 493 advolaturus.
1203 418 1468 506 Verum,
1512 423 1586 484 ut
1630 419 1754 484 hoc
1795 440 1930 484 non
1975 419 2084 505 sit,
2123 424 2359 505 tamen,

340 507 474 571 sive
516 513 661 572 ruet
704 510 832 573 sive
883 512 1063 593 reget
1121 529 1258 572 rem
1316 508 1669 592 publicam,
1727 508 2120 591 praeclarum
2185 530 2358 591 spec-

337 595 621 660 taculum
675 595 836 660 mihi
891 617 1210 680 propono,
1272 595 1463 660 modo
1527 600 1594 660 te
1648 617 2018 661 consessore
2072 600 2357 679 spectare

336 682 542 748 liceat.
2410 711 2439 750 6

474 768 637 836 Cum
700 770 857 836 haec
918 772 1195 836 maxime
1255 771 1626 858 scriberem,
1684 793 1824 837 ecce
1877 771 2001 836 tibi
2048 769 2355 837 Sebosus!

337 856 643 924 Nondum
717 861 905 943 plane
978 860 1414 945 ingemueram
1427 914 1443 944 ,
1508 861 1525 888 ‘
1541 860 1713 925 salve
1728 862 1765 946 ’,
1836 859 2050 944 inquit
2105 859 2355 925 Arrius,

337 944 481 1012 Hoc
544 952 643 1012 est
695 946 905 1012 Roma
966 948 1288 1012 decedere!
1389 946 1563 1023 Quos
1620 968 1739 1033 ego
1792 946 2085 1013 homines
2141 948 2357 1034 effugi,

338 1055 485 1099 cum
530 1035 600 1100 in
642 1033 764 1100 hos
810 1035 1030 1101 incidi!
1122 1035 1267 1121 Ego
1314 1057 1465 1100 vero

393 1139 510 1206 ‘In
552 1146 849 1207 montes
894 1132 1192 1225 patrios
1240 1146 1311 1206 et
1360 1141 1447 1206 ad
1491 1142 1958 1208 incunabula
2001 1143 2301 1207 nostra'
2384 1170 2437 1208 ιο

337 1285 617 1350 pergam.
708 1263 1019 1349 Denique,
1066 1266 1121 1329 si
1167 1265 1345 1329 solus
1389 1286 1524 1330 non
1567 1270 1859 1350 potuere,
1904 1288 2047 1331 cum
2092 1266 2352 1331 rusticis

335 1353 556 1438 potius
587 1374 779 1437 quam
807 1374 951 1417 cum
979 1353 1084 1417 1116
1112 1353 1509 1437 perurbaniS,
1538 1354 1632 1417 ita
1658 1358 1893 1439 tamen,
1920 1358 2012 1439 ut,
2049 1354 2351 1437 quoniam

337 1444 415 1507 tu
467 1440 626 1505 certi
668 1439 835 1506 nihil
880 1440 1137 1527 scribis,
1188 1442 1258 1505 in
1302 1439 1646 1506 Formiano
1693 1442 1816 1506 tibi
1861 1442 2214 1525 praestoler
2250 1463 2352 1506 us·

339 1550 464 1613 que
510 1527 590 1593 ad
634 1545 712 1593 111
756 1527 979 1594 Nonas
1025 1528 1246 1594 Maias.

473 1615 807 1682 Terentiae
850 1622 1152 1703 pergrata
1204 1622 1303 1682 est
1353 1618 1706 1682 adsiduitas
1752 1622 1866 1683 tua
1910 1622 1975 1682 et
2018 1617 2355 1702 diligentia
2381 1644 2432 1685 15

337 1704 410 1769 in
434 1706 869 1770 controversia
895 1703 1238 1770 Mulviana.
1299 1704 1523 1770 Nescit
1560 1707 1819 1770 omnino
1857 1710 1924 1770 te
1950 1727 2352 1770 communem

339 1814 596 1858 causam
634 1793 964 1860 defendere
1000 1815 1241 1879 eorum,
1279 1793 1391 1878 qui
1418 1814 1608 1878 agros
1635 1793 1928 1879 publicos
1956 1794 2352 1878 possideant,

341 1880 451 1945 sed
513 1884 730 1946 tamen
780 1886 855 1946 tu
912 1881 1151 1966 aliquid
1212 1881 1571 1966 publicanis
1626 1882 1877 1968 pendis,
1936 1881 2096 1948 haec
2157 1883 2351 1948 etiam

338 1969 403 2034 id
458 1976 725 2036 recusat.
815 1971 915 2036 Ea
968 1970 1091 2035 tibi
1147 1971 1351 2056 igitur
1404 1974 1469 2035 et
1518 1971 1845 2056 Κικέρων,
1901 1970 2352 2058 ἀριστοκρατι·

336 2060 625 2136 κώτατος
669 2070 842 2143 παῖς,
889 2058 1163 2125 salute'm
1209 2060 1430 2124 dicunt
2378 2088 2432 2126 20

1254 2216 1426 2283 XVI.

648 2319 763 2376 Ser.
800 2323 864 2374 in
898 2320 1204 2375 Formiano
1238 2321 1317 2375 in.
1355 2338 1423 2376 m.
1464 2320 1628 2376 Maio
1662 2339 1715 2376 a.
1754 2324 1863 2376 695
1902 2324 2041 2388 (59).

975 2424 1230 2481 CICERO
1268 2424 1533 2483 ATTICO
1572 2425 1719 2481 SAL.

474 2531 717 2599 Cenato
781 2533 943 2599 mihi
1006 2539 1071 2599 et
1132 2535 1262 2598 iam
1326 2534 1703 2599 dormitanti
1759 2533 1965 2619 pridie
2016 2533 2094 2599 Κ.
2145 2534 2351 2600 Maias

341 2622 619 2705 epistula
683 2626 780 2686 est
842 2623 954 2687 illa
1016 2623 1289 2709 reddita,
1345 2623 1417 2686 in
1480 2644 1606 2707 qua
1667 2622 1745 2687 de
1807 2643 1963 2707 agro
2024 2621 2350 2708 Campano
2378 2650 2429 2689 25

342 2710 586 2776 scribis.
662 2708 827 2786 Quid
866 2711 1164 2794 quaeris?
1210 2710 1419 2795 primo
1457 2711 1550 2775 ita
1586 2732 1688 2774 me
1726 2710 2022 2797 pupugit,
2066 2716 2141 2776 ut
2187 2733 2352 2776 som-

340 2820 497 2863 num
558 2797 718 2863 mihi
779 2798 1109 2884 ademerit,
1167 2798 1284 2867 ,sed
1338 2799 1402 2862 id
1455 2798 1846 2884 cogitatione
1898 2799 2104 2884 magis
2160 2821 2351 2884 quam

340 2886 666 2971 molestia3
711 2887 1025 2972 cogitanti
1070 2891 1286 2952 autem
1320 2887 1478 2951 haec
1517 2887 1648 2952 fere
1686 2888 2154 2953 succurrebant.
2217 2887 2352 2952 Pri-

342 2995 652 3128 }ffiiass}
700 2996 782 3127 ἓξ
794 2975 1036 3128 ’1111111ἓά
1054 2974 1814 3146 ηῗαὲἓέιὲοῖῗὲῗπῗξᾞ
1850 2976 2354 3148 {marm}
2380 3090 2432 3130 20

2110 3114 2128 3148 7

341 3173 530 3217 nemo
576 3152 988 3238 improbaret,
1033 3151 1240 3216 maius
1288 3151 1530 3235 aliquid
1574 3151 1930 3216 timueram.
2006 3150 2149 3217 Hoc
2193 3151 2353 3216 mihi

345 3239 480 3303 eius
542 3240 719 3304 modi
782 3260 917 3304 non
977 3239 1328 3304 videbatur.
1437 3238 1710 3325 Deinde,
1778 3243 1854 3304 ut
1925 3262 2026 3305 me
2098 3244 2354 3325 egomet

344 3327 635 3392 consoler
743 3328 952 3393 omnis
1025 3328 1417 3411 exspectatio
1489 3327 1854 3413 largitionis
1927 3329 2215 3413 agrariae
2284 3329 2353 3392 in

346 3435 572 3499 agrum
618 3379 1015 3499 (jampanum
1059 3417 1311 3481 videtur
1357 3438 1495 3481 6666
1540 3416 1848 3502 derivata,
1903 3417 2014 3502 qui
2060 3438 2237 3502 ager,
2281 3421 2354 3481 ut

347 3502 505 3567 dena
539 3503 761 3588 iugera
800 3504 950 3588 sint,
991 3525 1124 3568 non
1160 3504 1437 3587 amplius
1472 3502 1807 3570 hominum
1849 3505 2132 3587 quinque
2177 3505 2354 3568 milia
2381 3531 2433 3571 as
