2642 3923
332 179 462 246 330
984 181 1057 236 M.
1097 180 1310 235 TULLI
1349 179 1724 236 CICERONIS

331 345 415 390 es.
506 324 597 388 Et
641 325 884 389 factum
926 324 1132 409 igitur
1174 328 1250 389 tu
1287 324 1516 389 scribis
1552 324 1698 387 istis
1736 324 1983 407 placere
2019 329 2079 389 et
2098 324 2347 407 placere

328 412 532 477 isdem
585 413 730 477 istis
793 413 1130 478 lictoribus
1174 434 1276 477 me
1323 413 1448 498 uti,
1503 413 1674 497 quod
1718 433 2087 477 concessum
2132 409 2344 477 Sestio

331 500 447 587 sit3
510 501 612 565 cui
678 523 807 566 non
867 505 1028 585 puto
1085 522 1236 566 suos
1292 522 1431 565 esse
1485 521 1843 584 concessos,
1900 500 2010 565 sed
2065 500 2145 564 ab
2199 500 2345 583 ipso

330 588 532 654 datos.
622 588 833 654 Audio
894 590 1063 653 enim
1122 610 1268 653 eum
1328 611 1401 653 ea
1456 592 1715 654 senatus
1771 590 2067 653 consulta
2111 588 2346 672 impro-

329 677 509 762 bare,
581 698 743 760 quae
814 682 963 761 post
1036 676 1386 741 discessum
1456 676 1868 741 tribunorum
1939 677 2108 741 facta
2175 681 2326 741 sunt
2399 703 2427 742 5

330 763 535 841 Quare
589 766 855 851 poterit,
911 765 968 830 si
1013 766 1188 830 volet
1235 766 1363 830 sibi
1407 769 1726 850 constare,
1779 769 2039 830 nostros
2083 765 2343 830 fictores

329 875 471 919 com
517 854 759 918 robare.

520 963 861 1026 uamquam
921 941 1075 1026 quid
1130 961 1249 1026 ego
1305 941 1383 1005 de
1435 939 1804 1026 lictoribus,
1859 942 1970 1026 qui
2021 963 2220 1026 paene
2266 962 2347 1005 ex

328 1029 519 1095 Italia
575 1030 869 1095 decedere
926 1031 1047 1094 sim
1102 1029 1361 1094 iussus?
1434 1027 1605 1094 Nam
1651 1029 1731 1094 ad
1774 1050 1877 1094 me
1919 1030 2099 1094 misit
2144 1029 2346 1094 Anto·

327 1119 474 1183 nius
530 1119 889 1201 exemplum
947 1115 1237 1182 Caesaris
1295 1117 1375 1181 ad
1430 1139 1498 1182 se
1550 1118 1937 1203 litterarum,
1994 1118 2064 1182 in
2109 1117 2344 1202 quibus
2373 1144 2427 1183 ιο

328 1211 465 1271 erat
529 1227 597 1272 se
664 1206 917 1271 audisse
975 1204 1285 1271 Catonem
1349 1210 1412 1269 et
1465 1205 1534 1270 L.
1582 1204 1912 1270 Metellum
1965 1205 2035 1270 in
2086 1204 2345 1270 Italiam

328 1296 598 1380 venisse,
642 1294 887 1359 Romae
932 1297 1006 1358 ut
1052 1297 1265 1359 essent
1308 1293 1538 1377 palam.
1611 1291 1688 1358 Id
1734 1294 1860 1359 sibi
1902 1315 2036 1359 non
2080 1294 2347 1381 placere,

325 1404 409 1448 ne
480 1382 591 1467 qui
634 1387 853 1449 motus
900 1403 978 1447 ex
1022 1403 1098 1447 co
1142 1381 1397 1466 fierent3
1458 1381 1912 1466 prohiberique
1957 1404 2176 1448 omncs
2218 1380 2347 1448 Ita-

326 1472 441 1556 lia,
495 1470 622 1535 nisi
680 1492 953 1555 quorum
1008 1470 1148 1554 ipse
1201 1491 1457 1535 causam
1511 1470 1946 1555 cognovissct3
2008 1470 2211 1555 deque
2268 1492 2344 1536 eo

327 1559 765 1625 vehementius
822 1563 959 1624 erat
1017 1558 1344 1643 scriptum.
1434 1557 1661 1643 Itaque
1704 1558 2028 1623 Antonius
2083 1559 2345 1641 petebat
2373 1584 2426 1626 ιε

328 1671 366 1712 a
423 1670 526 1713 me
572 1669 686 1732 per
728 1648 1010 1732 litteras,
1069 1651 1144 1711 ut
1190 1646 1314 1711 sibi
1361 1646 1786 1731 ignoscerem3
1850 1647 2054 1712 facere
2101 1667 2169 1712 se
2211 1668 2346 1712 non

328 1757 546 1821 posse,
609 1736 768 1820 quin
829 1736 911 1799 iis
973 1735 1211 1799 litteris
1271 1739 1539 1818 pareret.
1629 1735 1795 1799 Tum
1858 1735 1938 1800 ad
1992 1757 2138 1800 eum
2194 1735 2345 1800 misi

328 1823 398 1889 L.
435 1824 740 1909 Lamiam,
786 1825 898 1908 qui
943 1824 1407 1888 demonstraret
1454 1822 1639 1887 illum
1675 1821 2048 1888 Dolabellae
2089 1822 2345 1909 dixisse,

328 1916 402 1978 ut
459 1913 538 1978 ad
590 1935 691 1978 mc
752 1913 1087 1997 scriberet,
1145 1916 1219 1976 ut
1263 1912 1331 1976 in
1376 1910 1632 1977 Italiam
1679 1933 1870 1997 quam
1916 1912 2199 1997 primum
2242 1933 2345 1977 ve-

326 2001 562 2088 nirem3
624 2002 761 2066 eius
816 2023 917 2066 mc
969 2001 1208 2065 litteris
1262 2000 1530 2066 venisse.
1622 2000 1786 2066 Tum
1830 2001 1939 2066 ille
1985 2001 2187 2066 edixit
2230 2001 2343 2075 ita,
2372 2028 2426 2067 zo

328 2094 402 2155 ut
460 2112 561 2155 me
615 2090 932 2174 exciperet
987 2093 1052 2153 et
1104 2088 1395 2153 Laelium
1449 2089 1848 2154 nominatim.
1950 2087 2134 2164 Quod
2189 2110 2344 2154 sane

327 2178 591 2263 nollcm;
634 2182 887 2262 poterat
932 2177 1103 2242 enim
1148 2177 1285 2241 sinc
1328 2176 1587 2241 nomine
1631 2198 1733 2242 res
1777 2176 1920 2262 ipsa
1964 2177 2184 2260 excipi.

463 2265 516 2331 Ο
572 2267 808 2331 multas
864 2273 930 2331 et
985 2286 1209 2351 graves
1271 2264 1678 2330 offensiones!
1753 2287 1911 2349 quas
1970 2266 2227 2349 quidem
2272 2270 2347 2330 tu

332 2356 442 2421 das
500 2376 760 2439 operam
804 2358 879 2418 ut
921 2353 1152 2439 leniaS,
1210 2374 1329 2417 nec
1373 2357 1591 2417 tamen
1633 2353 1802 2417 nihil
1844 2353 2130 2439 proficis,
2189 2354 2348 2438 quin

327 2443 452 2508 hoc
486 2443 629 2528 ipso
666 2442 905 2507 minuis
944 2442 1231 2506 dolorem
1270 2462 1526 2527 meum,
1572 2442 1762 2526 quod,
1806 2446 1881 2506 ut
1917 2442 2193 2527 minuas,
2238 2446 2374 2507 tam
2401 2468 2454 2509 25

329 2531 512 2597 valde
547 2531 830 2615 laboras;
875 2530 1068 2614 idque
1103 2530 1294 2593 velim
1334 2551 1416 2593 ne
1453 2550 1716 2614 gravere
1750 2552 1942 2614 quam
1973 2530 2347 2614 saepissime

329 2621 551 2685 facere.
624 2618 906 2685 Maxime
951 2622 1164 2682 autem
1212 2618 1579 2703 adsequere,
1626 2619 1797 2702 quod
1841 2618 1958 2703 vis,
2005 2619 2060 2682 si
2105 2640 2207 2683 me
2245 2618 2350 2682 ad-

329 2708 604 2794 duxeris,
646 2712 723 2771 ut
768 2706 1130 2771 existimem
1176 2728 1278 2771 me
1326 2705 1643 2770 bonorum
1690 2706 1995 2771 iudicium
2039 2728 2173 2771 non
2208 2707 2348 2770 fun-

330 2796 503 2860 ditus
568 2795 935 2879 perdidisse.
1038 2795 1442 2878 Quamquam
1508 2794 1661 2878 quid
1724 2798 1798 2859 tu
1860 2796 1931 2859 in
1985 2816 2058 2860 eo
2115 2796 2345 2878 potes?

328 2883 516 2949 Nihil
562 2884 817 2949 scilicet.
909 2883 1058 2968 Sed,
1114 2882 1170 2955 si
1227 2882 1381 2967 quid
1434 2903 1536 2946 res
1591 2882 1771 2947 dabit
1830 2883 1954 2947 tibi
2000 2883 2347 2969 facultatis,
2377 2912 2431 2952 30

327 2973 394 3036 id
448 2995 551 3038 me
603 2973 881 3037 maxime
939 2970 1256 3037 consolari
1311 2972 1581 3055 poterit3
1646 2971 1816 3054 quod
1871 2992 2043 3036 nunc
2089 2972 2348 3056 quidem

329 3060 513 3126 video
558 3083 690 3125 non
736 3082 902 3145 esse,
957 3060 1085 3145 sed,
1142 3059 1199 3123 si
1245 3059 1417 3144 quid,
1463 3081 1537 3123 cx
1586 3060 1848 3145 eventiS,
1892 3063 1968 3124 ut
2010 3059 2135 3124 hoc
2177 3082 2349 3125 nunc

329 3149 573 3214 accidit.
640 3147 914 3213 Dicebar
951 3148 1247 3212 debuisse
1286 3169 1431 3212 cum
1459 3147 1766 3231 Pompeio
1803 3148 2136 3231 proficisci.
2193 3147 2346 3213 Exi-

329 3241 437 3301 tus
493 3237 670 3301 illius
716 3237 954 3301 minuit
1001 3236 1139 3300 eius
1188 3236 1390 3300 officii
1433 3235 1871 3319 praetermissi
1914 3236 2351 3320 reprehensio-

326 3345 490 3389 nem.
567 3322 691 3389 Sed
737 3347 813 3388 ex
864 3325 1164 3388 omnibus
1209 3323 1378 3388 nihil
1420 3325 1628 3409 magis
1675 3329 1889 3389 tamen
1937 3325 2349 3409 desideratur,
2379 3352 2434 3393 85

327 3433 516 3493 quam
571 3412 743 3496 quod
796 3412 867 3476 in
920 3411 1206 3476 Africam
1262 3434 1396 3477 non
1449 3412 1651 3477 ierim.
1742 3412 1982 3478 Iudicio
2036 3413 2159 3478 hoc
2204 3435 2348 3476 sum

329 3519 509 3583 usus,
571 3520 705 3562 non
769 3521 906 3564 esse
971 3500 1262 3563 barbaris
1320 3500 1579 3566 auxiliis
1634 3502 2080 3566 fallacissimae
2134 3502 2348 3586 gentis
