2642 3923
629 198 1145 254 EPISTULARUM
1182 199 1281 253 AD
1318 199 1626 253 BRUTUM
1663 199 1689 252 I
1728 206 1812 269 14,
1854 205 1936 254 15.
2167 199 2297 264 539

405 341 613 408 Venio
657 365 828 407 nunc
871 343 1069 427 longo
1118 365 1269 408 sane
1314 344 1655 409 intervallo
1694 345 1771 409 ad
1812 344 2132 428 quandam
2169 344 2298 427 epi·
2336 363 2367 412 3

274 431 531 516 stulam,
577 454 704 515 qua
749 432 910 495 mihi
953 433 1159 495 multa
1203 432 1497 497 tribuens
1533 454 1735 496 unum
1771 432 2297 517 reprehendebaS,

274 520 447 604 quod
498 521 570 584 in
620 520 978 584 honoribus
1036 521 1446 585 decernendis
1495 518 1700 586 essem
1742 522 1981 585 nimius
2028 525 2092 584 et
2139 525 2298 584 tam-

273 630 467 692 quam
541 608 869 693 prodigus,
975 608 1076 672 Tu
1146 609 1295 692 hoc;
1370 610 1534 673 alius
1608 610 1909 693 fortasse,
1984 609 2156 693 quod
2228 609 2297 672 in

220 722 246 763 ε
274 697 823 761 animadversione
877 718 1209 780 poenaque
1267 696 1516 781 durior,
1568 699 1695 762 nisi
1739 698 1908 762 forte
1953 702 2297 781 utrumque

273 789 364 848 tu.
456 784 641 861 Quod
706 786 762 849 si
824 786 918 849 ita
982 789 1107 869 est,
1169 786 1508 869 utriusque
1570 788 1662 850 rei
1721 809 1936 851 meum
1989 786 2297 850 iudicium
2341 867 2346 872 ὗ

275 874 502 938 studeo
549 874 672 937 tibi
720 895 859 938 esse
902 874 1316 938 nobissimum
1364 875 1634 957 †neque
1680 876 1888 938 solum
1924 879 1999 939 ut
2038 874 2293 938 Solonis

273 962 517 1025 dictum
562 984 883 1047 usurpem,
928 963 1040 1045 qui
1085 966 1152 1026 et
1198 963 1710 1046 sapientissimus
1755 962 1881 1027 fuit
1927 984 2006 1028 ex
2051 967 2296 1045 septem

276 1054 340 1114 et
390 1050 603 1134 legum
652 1051 929 1134 scriptor
976 1050 1151 1114 solus
1200 1073 1276 1114 ex
1326 1054 1586 1134 septem.
1677 1050 1741 1114 Is
1788 1073 1924 1116 rem
1970 1051 2295 1134 publicam

194 1165 246 1205 10
274 1139 589 1203 contineri
637 1139 882 1203 duabus
928 1138 1120 1203 rebus
1166 1138 1359 1223 dixit,
1419 1140 1703 1223 praemio
1752 1143 1817 1204 et
1861 1162 2082 1223 poena.
2173 1139 2296 1203 Est

273 1228 521 1291 scilicet
566 1228 905 1311 utriusque
949 1228 1043 1292 rei
1087 1228 1317 1294 modus
1364 1228 1531 1291 sicut
1574 1228 1967 1312 reliquarum
2004 1232 2070 1293 et
2106 1249 2293 1312 quae-

273 1316 419 1380 dam
482 1316 553 1379 in
614 1320 891 1399 utroque
951 1336 1182 1399 genere
1236 1316 1658 1380 mediocritas
1752 1314 1876 1380 Sed
1934 1338 2066 1380 non
2112 1320 2295 1379 tanta

273 1405 350 1468 de
404 1426 473 1467 re
537 1405 946 1487 propositum
1010 1408 1107 1468 est
1169 1403 1294 1468 hoc
1347 1404 1490 1468 loco
1547 1405 1899 1488 disputare3
1960 1405 2116 1488 quid
2171 1424 2293 1489 ego
2328 1425 2365 1472 4

274 1497 489 1557 autem
555 1496 812 1556 secutus
873 1491 999 1556 hoc
1059 1492 1230 1556 bello
1296 1493 1421 1556 sim
1474 1492 1546 1556 in
1601 1494 1938 1558 sententiis
1993 1493 2296 1580 dicendis,

193 1606 246 1647 15
275 1580 522 1666 aperire
566 1600 699 1644 non
744 1580 1024 1644 alienum
1068 1584 1244 1665 puto,

407 1666 566 1732 Post
638 1668 973 1733 interitum
1037 1667 1328 1733 Caesaris
1404 1674 1467 1734 et
1538 1674 1783 1734 vestras
1846 1670 2294 1735 memorabiles

272 1758 427 1822 Idus
482 1756 701 1841 Mart„
753 1757 983 1842 Brute,
1039 1758 1195 1841 quid
1237 1778 1379 1858 ‘ego
1435 1759 1961 1841 praetermissum
2016 1781 2055 1822 a
2107 1759 2293 1823 vobis

276 1850 710 1930 quantamque
753 1845 1117 1928 impendere
1162 1846 1257 1909 rei
1299 1845 1594 1929 publicae
1640 1850 2088 1930 tempestatem
2125 1847 2294 1911 dixe-

273 1935 428 2019 rim,
485 1956 619 1999 non
674 1956 741 1999 es
797 1934 1057 1999 oblitus.
1148 1933 1387 2019 Magna
1441 1935 1643 2018 pestis
1690 1938 1828 1999 erat
1873 1934 2137 2019 depulsa
2181 1957 2294 2019 per

194 2050 248 2090 20
275 2046 412 2106 vos,
458 2044 694 2108 magna
738 2023 960 2107 populi
1010 2022 1287 2088 Romani
1333 2023 1583 2087 macula
1628 2024 1852 2109 deleta,
1910 2024 2095 2088 vobis
2141 2044 2292 2089 vero

274 2111 731 2283 {Sriffepiffia
749 2111 1211 2265 05³3&ssssss
1227 2112 1770 2284 -inffssssfflnffir
1783 2077 2293 2265 ”ssgcfflfflssss

275 2289 442 2353 alter
485 2289 816 2372 impurior,
861 2292 1132 2372 uterque
1176 2251 1401 2373 pacem
1444 2293 1754 2372 metuenS,
1799 2290 2094 2354 inimicus
2138 2254 2293 2354 otios

273 2376 397 2441 His
462 2377 833 2441 ardentibus
896 2377 1365 2461 perturbandae
1429 2377 1523 2441 rei
1586 2378 1879 2461 publicae
1943 2377 2293 2461 cupiditate

191 2491 246 2532 25
275 2466 448 2550 quod
495 2466 737 2549 opponi
780 2469 1001 2549 posset
1049 2465 1457 2550 praesidium,
1501 2487 1634 2530 non
1681 2465 2103 2551 habebamus3
2159 2487 2295 2531 ere·

202 2602 207 2607 «
273 2557 455 2618 xerat
518 2555 689 2618 enim
754 2575 824 2618 se
878 2554 1105 2618 civitas
1160 2555 1230 2617 in
1282 2554 1616 2618 retinenda
1668 2553 1971 2619 libertate
2027 2576 2293 2619 consen-

274 2643 471 2728 tiene,
529 2664 650 2706 nos
715 2646 858 2706 tum
918 2643 1112 2706 nimis
1169 2664 1371 2726 acres,
1434 2664 1550 2706 vos
1605 2642 1884 2706 fortasse
1939 2643 2291 2727 sapientius
2329 2663 2361 2711 5

277 2731 641 2802 excessistis
688 2731 846 2795 urbe
893 2752 984 2815 ea,
1030 2752 1225 2814 quam
1258 2730 1643 2816 liberaratis‚
1687 2730 1913 2796 Italiae
1951 2753 2067 2795 sua
2104 2733 2290 2797 vobis

277 2819 505 2882 studia
535 2819 866 2902 profitenti
911 2819 1270 2883 remisistis.
1345 2816 1592 2905 Itaque,
1637 2841 1783 2883 cum
1826 2821 2030 2884 teneri
2067 2822 2294 2885 urbem

195 2932 249 2973 so
277 2930 316 2972 a
368 2907 700 2991 parricidis
754 2907 1032 2972 viderem
1086 2929 1205 2971 nec
1258 2911 1324 2971 te
1378 2908 1447 2971 in
1502 2930 1577 2972 ea
1629 2929 1745 2972 nec
1800 2906 2095 2973 Cassium
2148 2913 2293 2974 tuto

276 3017 417 3059 esse
462 3017 651 3079 posse
696 3017 960 3079 eamque
1007 2996 1201 3059 armis
1249 3017 1618 3079 oppressam
1664 2998 1744 3061 ab
1781 2996 2090 3083 Antonio,
2133 2998 2294 3062 mihi

278 3105 533 3167 quoque
596 3085 724 3168 ipsi
784 3105 922 3149 esse
984 3083 1412 3149 excedendum
1473 3085 1722 3169 putavi3
1786 3089 2065 3149 taetrum
2124 3087 2295 3150 enim

278 3172 706 3255 spectaculum
760 3194 1065 3257 oppressa
1112 3172 1192 3236 ab
1240 3173 1456 3256 impiis
1503 3173 1730 3238 civitas
1779 3173 2135 3256 opitulandi
2183 3197 2293 3257 po·

275 3264 513 3325 testate
559 3261 860 3345 praecisa.
937 3260 1062 3326 Sed
1109 3261 1361 3325 animus
1408 3261 1578 3325 idem
1625 3261 1735 3345 qui
1775 3283 2022 3344 semper
2057 3261 2293 3326 infixus

190 3374 246 3417 ³5
273 3350 346 3413 in
406 3349 652 3433 patriae
717 3350 984 3414 caritate
1043 3349 1389 3413 discessum
1444 3349 1525 3413 ab
1582 3350 1718 3413 eius
1774 3349 2072 3432 periculis
2127 3350 2295 3415 ferre

271 3460 405 3501 non
449 3439 680 3521 potuit.
774 3436 1000 3521 Itaque
1045 3438 1114 3501 in
1161 3439 1372 3502 medio
1418 3436 1696 3501 Achaico
1745 3459 1936 3500 cursu
1981 3459 2126 3502 cum
2171 3444 2295 3503 ete·

274 3527 515 3591 siarum
571 3526 795 3591 diebus
855 3526 1092 3590 Auster
1145 3548 1247 3589 me
1301 3527 1372 3589 in
1426 3523 1683 3590 Italiam
1738 3524 1923 3609 quasi
1968 3526 2296 3591 dissuasor
