2642 3923
641 192 1154 247 EPISTULARUM
1192 193 1290 246 AD
1329 192 1657 247 ATTICUM
1694 192 1745 246 II
1782 198 1937 246 2-4.
2217 191 2303 256 45

408 334 616 401 Venio
659 357 831 400 nunc
870 337 950 400 ad
985 358 1267 419 mensem
1305 335 1669 401 Ianuarium
1712 340 1777 401 et
1825 336 1903 400 ad
1938 337 2304 401 ὑπόστασιν
2341 352 2371 398 3

273 428 564 489 nostram
611 446 685 489 ac
729 428 1098 508 πολιτείαν,
1155 426 1222 488 111
1279 447 1407 508 qua
1453 429 1893 509 Σωκρατικῶς
1950 427 2042 501 εἰς
2089 423 2301 489 ἑκάτε-

276 537 429 598 ρον,
488 513 600 578 8οᾶ
660 517 878 577 tamen
938 513 1017 577 ad
1072 517 1459 597 extremum,
1518 517 1593 577 ut
1648 513 1747 576 illi
1804 514 2124 598 solebant,
2182 514 2304 596 τὴν

276 601 708 687 ἀρέσκουσαν.
800 601 927 666 Est
986 623 1089 665 res
1152 623 1303 666 sane
1364 602 1584 688 magni
1643 601 1922 685 consilii3
1979 622 2130 665 nam
2191 606 2302 665 aut

223 717 250 754 s
281 691 536 754 fortiter
579 689 1008 754 resistendum
1046 695 1145 754 est
1182 691 1310 775 legi
1350 690 1656 776 agrariae,
1704 690 1773 753 in
1811 711 1938 772 quo
1979 694 2078 754 est
2117 711 2303 773 quae·

279 779 426 842 ‹lam
465 779 807 862 dimicatio,
847 778 957 842 sed
985 778 1174 861 plena
1209 777 1440 863 laudis,
1479 782 1590 842 aut
1621 779 2091 861 quiescendum,
2130 778 2303 862 quod

279 871 377 931 est
420 889 554 931 non
600 867 911 931 dissimile
959 873 1152 950 atque
1198 867 1293 931 ire
1346 868 1416 931 in
1463 864 1799 932 Solonium
1854 871 1968 930 aut
2013 866 2304 950 Antium,

278 959 392 1020 aut
429 955 623 1019 etiam
670 955 1118 1040 adiuvandum,
1164 956 1338 1038 quod
1384 977 1422 1019 a
1464 976 1568 1019 me
1613 957 1795 1019 aiunt
1837 952 2173 1020 Caesarem
2211 956 2304 1019 sic

278 1048 671 1130 exspectare,
729 1047 805 1107 ut
849 1065 982 1107 non
1036 1044 1305 1108 dubitet.
1399 1041 1569 1107 Nam
1616 1044 1741 1107 fuit
1787 1044 1957 1126 apud
2001 1066 2103 1107 me
2149 1042 2301 1108 Cor-

197 1158 250 1197 ιο
277 1131 719 1217 11011118,111100
765 1132 906 1196 dico
946 1131 1239 1215 Balbum,
1287 1130 1578 1196 Caesaris
1626 1131 2022 1196 familiarem.
2097 1129 2162 1196 Is
2199 1132 2300 1195 ad-

276 1221 579 1285 firmabat
625 1220 809 1285 illum
852 1221 1151 1284 omnibus
1197 1222 1265 1284 in
1313 1221 1507 1285 rebus
1553 1242 1698 1284 meo
1744 1224 1810 1284 et
1846 1219 2110 1304 Pompei
2157 1242 2301 1285 con-

279 1309 425 1374 silio
486 1331 754 1373 usurum
814 1307 1241 1392 daturumque
1302 1330 1587 1393 operam,
1654 1312 1729 1372 ut
1790 1330 1934 1373 cum
1993 1308 2300 1392 Pompeio

230 1394 584 1467 Crassum
626 1397 1057 1482 coniungeret.
1132 1396 1257 1462 Hic
1305 1401 1458 1461 sunt
1503 1397 1685 1480 haec,
1733 1398 2100 1462 coniunctio
2138 1396 2301 1461 mihi
2337 1414 2362 1458 4

278 1508 529 1550 summa
587 1507 732 1550 cum
785 1484 1120 1570 Pompeio,
1186 1487 1241 1550 si
1288 1486 1524 1569 placet,
1580 1486 1776 1549 etiam
1821 1507 1967 1550 cum
2014 1484 2301 1569 Caesare,

196 1600 250 1639 15
278 1574 524 1639 reditus
572 1575 643 1638 in
686 1574 962 1659 gratiam
1001 1596 1145 1639 cum
1183 1574 1478 1657 inimicis,
1525 1596 1651 1657 pax
1689 1596 1833 1639 cum
1869 1574 2302 1658 multitudine,

280 1663 629 1727 senectutis
678 1663 902 1727 otium.
985 1659 1111 1728 Sed
1156 1685 1259 1727 me
1303 1660 1646 1738 κατακλεὶς
1690 1683 1834 1726 mea
1878 1663 1989 1726 illa
2027 1683 2300 1727 commo·

278 1755 404 1835 vet,
450 1772 613 1835 quae
660 1755 759 1815 est
803 1750 875 1815 in
917 1751 1087 1815 libro
1133 1751 1360 1815 tertio:

281 1871 620 1938 ‘Interea
664 1895 958 1958 cursus,
1008 1897 1195 1958 quos
1242 1875 1489 1957 prima
1537 1897 1574 1938 a
1618 1877 1838 1958 parte
1883 1873 2240 1937 iuventae

282 1960 634 2047 Quosque
683 1963 867 2028 adeo
915 1964 1188 2028 consul
1225 1965 1520 2028 virtute
1559 1964 1964 2047 animoque
2000 1964 2301 2047 petisti,

197 2077 252 2116 20
288 2050 439 2116 Hos
486 2052 734 2116 retine
781 2056 1009 2137 atque
1056 2073 1247 2138 auge
1284 2052 1560 2116 famam
1608 2051 2024 2134 laudesque
2070 2051 2301 2115 bono·

1910 2142 2121 2203 rum.’

279 2245 457 2311 H'aec
498 2245 660 2310 mihi
707 2268 852 2311 01110
898 2247 968 2310 in
1004 2267 1078 2311 eo
1123 2246 1312 2330 libro,
1360 2247 1429 2309 10
1467 2268 1593 2329 quo
1631 2245 1836 2309 multa
1875 2251 2027 2310 sunt
2065 2245 2305 2329 scripta

279 2329 865 2420 ἀριστοκρατικῶς,
893 2333 1226 2419 Calliope
1210 2356 1351 2419 ipsa
1377 2334 1878 2419 praescripserit,
1914 2356 2047 2399 non
2075 2335 2303 2418 opinor

280 2444 421 2488 esse
468 2422 910 2507 dubitandum,
958 2424 1116 2506 quin
1160 2444 1409 2506 semper
1457 2423 1648 2487 nobis
1695 2423 1984 2486 videatur

197 2554 252 2594 85
458 2520 577 2605 εἷς
623 2530 858 2605 οἰωνὸς
904 2530 1169 2612 αριστος
1216 2528 1591 2613 ἀμύνεσθαι
1637 2527 1788 2611 περὶ
1834 2529 2124 2612 πατρης.’

415 2633 539 2700 Sed
583 2634 741 2700 haec
786 2633 1333 2698 ambulationibus
1381 2632 1848 2718 Compitaliciis
1895 2655 2303 2699 reservemus„

281 2723 379 2787 Tu
460 2723 664 2806 pridie
738 2720 1128 2806 Compitalia
1198 2729 1536 2786 memento.
1657 2722 1992 2785 Balineum
2065 2722 2304 2786 calfieri

283 2812 534 2876 iubebo.
607 2810 700 2876 Et
734 2809 1156 2894 Pomponiam
1187 2811 1486 2875 Terentia
1523 2815 1738 2895 rogat3
1776 2813 2047 2874 matrem
2086 2811 2303 2874 adiun-

284 2921 521 2985 gemus
630 2901 1066 2983 Θεοφράστου
1122 2898 1273 2984 περὶ
1335 2903 1712 2982 φιλοτιμίας
1775 2899 1952 2963 adfer
2009 2898 2168 2962 mihi
2229 2899 2305 2964 de

203 3013 257 3053 so
285 2988 467 3053 libris
506 2988 731 3065 Quinti
776 2988 1013 3052 fratris.

1237 3126 1348 3192 IV.

769 3231 882 3286 Ser.
921 3232 1064 3286 Anti
1097 3248 1166 3286 m.
1204 3232 1398 3300 Aprili
1433 3249 1485 3286 a.
1526 3235 1636 3286 695
1674 3235 1814 3299 (59).

921 3336 1176 3392 CICERO
1210 3335 1474 3391 ATTICO
1516 3337 1663 3391 SAL.

416 3429 655 3494 Fecisti
697 3428 858 3493 mihi
893 3432 1286 3514 pergratum,
1332 3428 1505 3511 quod
1543 3425 1911 3510 Serapionis
1947 3427 2187 3491 librum
2226 3426 2305 3490 ad
2346 3443 2367 3489 1

205 3542 257 3583 aa
285 3540 384 3583 me
429 3517 694 3602 misisti3
739 3539 816 3581 ex
864 3538 992 3601 quo
1041 3516 1289 3601 quidem
1342 3537 1481 3602 eg0,
1529 3516 1699 3600 quod
1746 3517 1914 3579 inter
1957 3537 2077 3579 nos
2115 3515 2304 3578 liceat
