2642 3923
329 160 414 224 26
965 158 1039 213 Μ.
1077 157 1290 212 TULLI
1328 157 1704 214 CICERONIS

329 306 642 385 quantum
703 300 958 364 litterae
1021 305 1171 364 tuae
1233 300 1628 364 declararant
1641 353 1655 382 ,
1716 321 1831 365 nec
1893 304 2145 364 tantum
2201 320 2342 383 pro·

257 407 289 455 2
326 389 642 473 ficiebam,
697 392 1011 472 quantum
1063 387 1372 452 volebam.
1466 386 1590 452 Sed
1632 393 1849 452 tamen
1891 387 2015 452 hoc
2058 409 2159 452 me
2203 388 2342 471 ipse

265 3491 296 3538 5

329 477 732 562 consolabar,
804 476 976 560 quod
1045 497 1178 540 non
1246 476 1646 560 dubitabam,
1717 476 1874 560 quin
1932 480 1999 540 te
2060 476 2170 540 ille
2230 479 2341 539 aut

329 564 645 649 Dyrrachi
721 568 833 628 aut
909 563 980 628 in
1048 564 1194 628 istis
1269 564 1430 628 locis
1494 564 1745 648 uspiam
1817 565 2073 628 visurus
2147 568 2340 648 esset3

330 653 501 738 quod
544 674 690 717 cum
735 652 1093 738 accidisset,
1142 652 1537 716 confidebam
1581 674 1654 716 ac
1698 652 1857 716 mihi
1900 674 2341 735 persuaseram
2393 679 2420 719 5

329 742 465 806 fore
523 745 598 805 ut
663 741 877 805 omnia
930 741 1334 824 placarentur
1386 741 1555 804 inter
1607 761 1723 804 vos
1786 762 1917 804 non
1969 740 2158 804 modo
2215 762 2342 804 ser·

330 850 516 894 mone
557 851 630 893 ac
667 829 1117 913 disputatione,
1164 827 1274 892 sed
1310 833 1654 912 conspectu
1690 829 1829 912 ipso
1869 849 2342 913 congressuque

330 921 562 982 vestro.
653 914 824 981 Nam
879 921 1121 1000 quanta
1174 917 1261 980 sit
1314 917 1384 980 in
1430 916 1667 993 Quinto
1723 919 1920 980 fratre
1964 938 2106 982 meo
2153 917 2342 981 comi·

330 1010 452 1090 tas,
498 1007 737 1089 quanta
780 1004 1171 1088 iucunditas,
1219 1027 1411 1088 quam
1454 1005 1668 1069 mollis
1715 1005 1964 1068 animus
2011 1008 2077 1068 et
2121 1004 2200 1068 ad
2245 1026 2342 1069 ac-

330 1093 685 1177 cipiendam
729 1097 795 1157 et
831 1093 912 1157 ad
947 1093 1381 1177 deponendam
1419 1092 1853 1177 offensionem,
1896 1091 2063 1156 nihil
2106 1093 2340 1157 attinet
2369 1121 2420 1160 ιο

333 1204 431 1245 me
486 1181 566 1245 ad
617 1185 710 1267 te,
764 1181 876 1265 qui
929 1202 1004 1245 ea
1055 1181 1259 1266 nosti,
1312 1181 1602 1245 scribere.
1694 1178 1818 1245 Sed
1862 1181 2090 1244 accidit
2135 1181 2341 1264 perin-

332 1269 684 1353 commode,
750 1269 921 1352 quod
983 1290 1128 1333 eum
1185 1291 1505 1353 nusquam
1558 1269 1793 1333 vidisti.
1892 1268 2117 1333 Valuit
2172 1270 2340 1333 enim

334 1359 495 1441 plus,
542 1358 715 1441 quod
760 1362 896 1421 erat
940 1357 1038 1420 illi
1081 1378 1212 1421 non
1250 1358 1577 1422 nullorum
1614 1357 1901 1422 artificiis
1936 1357 2340 1442 inculcatum,

333 1467 525 1529 quam
584 1449 695 1510 aut
750 1445 1033 1510 officium
1087 1449 1200 1509 aut
1251 1445 1655 1510 necessitudo
1718 1450 1829 1510 aut
1889 1467 2069 1510 amor
2132 1449 2342 1510 vester

332 1534 441 1598 ille
505 1533 843 1617 pristinus,
916 1533 1027 1617 qui
1090 1533 1438 1616 plurimum
1501 1535 1709 1598 valere
1780 1534 2017 1598 debuit.
2125 1533 2344 1618 Atque
2371 1562 2421 1602 ιε

333 1622 525 1686 huius
581 1621 964 1686 incommodi
1017 1621 1203 1704 culpa
1256 1622 1370 1685 ubi
1423 1622 1724 1707 resideat,
1781 1622 2032 1686 facilius
2077 1644 2344 1705 possum

334 1710 698 1775 existimare
743 1732 935 1794 quam
972 1709 1272 1794 scribere3
1316 1732 1538 1775 vereor
1573 1710 1763 1797 enim,
1806 1732 1904 1794 ne,
1947 1711 2098 1774 dum
2135 1710 2345 1776 defen·

334 1799 480 1863 dam
533 1819 737 1883 meos,
788 1820 922 1862 non
974 1820 1227 1882 parcam
1281 1799 1430 1862 tuis.
1522 1797 1689 1863 Nam
1739 1798 1832 1863 sic
1882 1799 2189 1884 intellego
2269 1802 2344 1863 ut

334 1885 499 1951 nihil
552 1909 591 1951 a
644 1886 1011 1951 domesticis
1066 1887 1350 1951 vulneris
1402 1887 1644 1951 factum
1698 1887 1785 1951 sit
1866 1886 2024 1951 iliud
2072 1851 2345 1973 quidem,

336 1976 508 2060 quod
553 1979 705 2060 erat,
751 1997 861 2040 eos
906 1979 1076 2040 certe
1121 1998 1345 2040 sanare
1389 1976 1694 2059 potuisse.
1774 1939 1897 2040 §ed
1942 1975 2206 2040 huiusce
2250 1978 2344 2041 rei
2372 2005 2423 2044 ιο

336 2065 539 2129 totius
577 2065 825 2150 vitium,
870 2064 1043 2148 quod
1078 2064 1408 2148 aliquanto
1447 2065 1639 2128 etiam
1677 2064 1872 2128 latius
1910 2068 2107 2149 patet,
2151 2086 2345 2148 quam

334 2152 614 2238 videtur,
675 2152 999 2236 praesenti
1059 2152 1181 2216 tibi
1236 2153 1630 2223 commodius
1684 2173 2013 2236 exponam.
2113 2150 2209 2217 De
2261 2153 2344 2218 iis

334 2241 592 2326 litteris,
636 2262 795 2324 quas
842 2241 921 2305 ad
965 2245 1030 2304 te
1076 2239 1528 2305 Thessalonica
1570 2240 1767 2324 misit,
1811 2244 1876 2304 et
1919 2239 1997 2305 de
2042 2240 2344 2305 sermoni-

335 2329 485 2413 bus,
540 2350 703 2412 quos
759 2328 839 2393 ab
894 2328 1008 2393 illo
1064 2333 1129 2393 et
1173 2327 1417 2392 Romae
1471 2328 1640 2412 apud
1685 2329 1922 2393 amicos
1966 2332 2117 2393 tuos
2164 2333 2229 2393 et
2273 2330 2346 2394 in

335 2417 563 2481 itinere
597 2416 859 2481 habitos
896 2420 1105 2501 putas,
1146 2417 1371 2500 ecquid
1406 2421 1659 2481 tantum
1696 2438 1919 2481 causae
1956 2417 2059 2500 sit,
2096 2417 2345 2502 ignoro,
2373 2445 2425 2485 τε

335 2504 445 2569 sed
510 2505 719 2569 omnis
776 2505 848 2568 in
908 2509 1022 2569 tua
1083 2506 1296 2588 posita
1355 2509 1454 2569 est
1514 2504 1913 2570 humanitate
1974 2503 2136 2569 mihi
2200 2528 2344 2590 spes

332 2593 526 2658 huius
578 2593 879 2658 levandae
940 2593 1285 2657 molestiae.
1387 2591 1581 2678 Nam,
1640 2594 1694 2657 si
1749 2595 1843 2657 ita
1896 2594 2227 2679 statueris,
2280 2598 2347 2659 et

333 2681 683 2747 irritabiles
737 2682 984 2746 animos
1040 2703 1177 2746 esse
1231 2681 1623 2765 optimorum
1673 2703 1859 2765 saepe
1902 2681 2235 2745 hominum
2281 2686 2348 2747 et

335 2770 588 2835 eosdem
625 2770 970 2853 placabiles
1007 2773 1072 2834 et
1108 2791 1245 2833 esse
1280 2769 1447 2834 hanc
1484 2770 1858 2855 agilitatem,
1892 2773 1967 2834 ut
2001 2770 2096 2834 ita
2122 2770 2344 2856 dicam,

336 2858 802 2943 mollitiamque
845 2861 1111 2922 naturae
1155 2858 1529 2942 plerumque
1572 2858 1885 2922 bonitatis
1932 2860 2014 2942 et,
2063 2858 2130 2922 id
2176 2860 2346 2942 quod
2373 2886 2427 2929 so

334 2950 527 3031 caput
573 2951 690 3032 est,
735 2946 923 3010 nobis
960 2945 1128 3010 inter
1171 2967 1292 3010 nos
1327 2950 1552 3011 nostra
1590 2946 1723 3010 sive
1766 2945 2165 3011 incommoda
2210 2947 2346 3012 sive

340 3035 493 3100 vitia
529 3034 664 3099 sive
698 3034 967 3099 iniurias
1005 3056 1144 3099 esse
1178 3033 1561 3120 tolerandas,
1603 3035 1789 3099 facile
1832 3034 2004 3119 haec,
2050 3056 2241 3118 quem
2268 3035 2347 3099 ad

335 3123 596 3188 modum
654 3144 868 3208 spero,
929 3122 1427 3208 mitigabuntur3
1493 3119 1665 3206 quod
1718 3143 1836 3208 ego
1892 3127 1965 3186 ut
2019 3123 2214 3187 facias
2279 3128 2345 3189 te

335 3233 465 3276 oro.
557 3208 726 3275 Nam
774 3210 855 3275 ad
897 3232 1026 3296 me,
1076 3211 1187 3294 qui
1231 3214 1297 3275 te
1342 3211 1527 3275 unice
1572 3210 1793 3296 diligo,
1834 3211 2111 3275 maxime
2155 3213 2347 3295 perti·

334 3303 444 3364 net
495 3299 814 3363 neminem
869 3320 1008 3363 esse
1051 3320 1367 3382 meorum,
1421 3298 1532 3383 qui
1577 3304 1690 3363 aut
1734 3304 1799 3363 te
1841 3320 1975 3364 non
2020 3303 2189 3364 amet
2235 3306 2347 3365 aut
2376 3327 2428 3368 ³5

335 3387 451 3451 abs
496 3390 562 3450 te
605 3407 738 3450 non
783 3391 1046 3451 ametur.

467 3472 591 3536 Illa
654 3495 800 3557 pars
866 3473 1178 3556 epistulae
1241 3478 1391 3538 tuae
1457 3475 1719 3540 minime
1779 3476 1905 3539 fuit
1975 3476 2349 3563 necessaria,
