2642 3923
289 256 293 259 ,
327 171 452 236 182
976 171 1050 226 M.
1090 170 1303 225 'rum
1340 169 1716 226 oiossaoms

1244 345 1419 413 vm

829 458 944 516 sor.
973 459 1185 529 Ephesi
1219 459 1294 514 K.
1330 457 1442 514 Oct.
1473 476 1525 513 a.
1555 462 1666 514 ⁷04
1700 460 1844 527 (σο).

959 563 1214 620 mosao
1251 562 1514 619 ΑΤΤΙοο
1554 563 1700 619 SAL.

258 683 284 731 1
460 663 623 731 Cum
669 664 1098 730 instituissem
1145 664 1225 729 ad
1268 668 1336 729 te
1374 663 1652 728 scribere
1689 663 2130 747 calamumque
2171 684 2340 726 sum-

326 753 626 838 psissem,
688 752 1002 817 Batonius
1066 774 1101 818 e
1164 753 1315 817 navi
1359 755 1534 816 recta
1579 751 1659 816 ad
1702 773 1805 817 me
1850 750 2026 817 venit
2078 749 2340 814 domum
2396 776 2423 815 ⁶

325 840 571 926 Ephesi
607 844 672 904 et
709 840 1054 925 epistulam
1090 843 1271 904 tuam
1306 839 1581 904 reddidit
1618 839 1822 923 pridie
1847 837 1990 904 Kal.
2011 836 2337 903 Octobres.

327 927 631 993 Laetatus
689 951 832 993 sum
886 927 1195 993 felicitate
1248 927 1681 1013 navigationis
1735 931 1903 1011 tuae,
1967 926 2339 1012 opportuni-

327 1021 462 1082 tate
496 1015 718 1101 Piliae,
753 1017 950 1083 etiam
985 1016 1240 1081 hercule
1277 1036 1572 1081 sermone
1609 1015 1891 1080 eiusdem
1929 1015 2005 1080 de
2041 1013 2339 1099 coniugio

258 1123 289 1170 2
328 1104 577 1171 Tulliae
630 1125 824 1170 meae.
914 1103 1228 1169 Batonius
1283 1107 1501 1168 autem
1544 1102 1744 1168 miros
1790 1107 2068 1168 terrores
2114 1102 2194 1167 ad
2236 1124 2341 1167 me

329 1193 551 1257 attulit
606 1190 1051 1277 Caesarianos,
1113 1213 1257 1257 cum
1312 1191 1518 1276 Lepta
1579 1190 1774 1255 etiam
1836 1191 2023 1276 plura
2082 1190 2337 1255 locutus
2366 1218 2421 1256 ιο

330 1285 454 1366 est,
508 1302 694 1365 spero
740 1280 922 1367 falsa,
977 1280 1087 1345 sed
1132 1284 1302 1345 certe
1348 1278 1713 1366 horribilia,
1765 1279 2115 1345 exercitum
2159 1278 2337 1343 nullo

327 1367 518 1434 modo
564 1368 995 1454 dimissurum,
1040 1390 1186 1432 cum
1229 1367 1343 1432 illo
1390 1371 1718 1452 praetores
1755 1366 2144 1453 designatos,
2189 1364 2339 1430 Cas-

328 1457 497 1521 sium
549 1456 882 1521 tribunum
934 1456 1019 1541 pL
1032 1509 1049 1542 ,
1099 1454 1447 1521 Lentulum
1500 1454 1827 1521 consulem
1870 1456 2075 1520 facere
2084 1506 2103 1540 ‚
2154 1453 2339 1519 Pom-

329 1544 472 1629 peio
518 1544 591 1609 in
634 1545 847 1609 animo
886 1565 1025 1609 esse
1070 1545 1297 1609 urbem
1340 1543 1716 1627 relinquere.

257 1651 292 1701 8
463 1632 587 1698 Sed
643 1631 803 1698 heus
861 1635 962 1696 tu!
1025 1630 1338 1716 numquid
1394 1631 1666 1697 moleste
1718 1631 1847 1698 fers
1902 1631 1979 1695 de
2023 1629 2166 1716 illo,
2224 1629 2338 1715 qui
2365 1656 2419 1697 ιε

331 1742 398 1787 se
445 1720 612 1786 solet
657 1720 972 1786 anteferre
1017 1724 1249 1805 patruo
1295 1720 1537 1785 sororis
1582 1723 1731 1785 tuae
1774 1719 1895 1784 filii
1909 1719 1944 1784 ¹?
2016 1722 2084 1783 at
2129 1742 2167 1784 a
2201 1718 2338 1804 qui-

329 1808 452 1873 bus
501 1809 733 1873 victus!
825 1806 950 1873 Sed
993 1808 1073 1873 ad
1116 1830 1269 1874 rem.

258 1917 293 1966 4
459 1894 600 1961 Nos
647 1897 880 1961 etesiae
924 1895 1483 1964 vehementissime
1518 1894 1881 1981 tardarunt3
1925 1893 2205 1959 detraxit
2240 1911 2335 1958 xx

329 1987 506 2070 ipsos
561 1985 696 2050 dies
750 1985 945 2052 etiam
999 1985 1343 2070 aphractus
1396 1983 1811 2049 Rhodiorum.
1899 1981 2041 2048 Kal.
2079 1981 2335 2048 Octobr.

329 2073 588 2158 Epheso
637 2073 1127 2140 conscendentes
1162 2073 1329 2138 hanc
1365 2073 1709 2157 epistulam
1745 2070 2035 2137 dedimus
2081 2069 2149 2135 L.
2188 2071 2338 2135 Tar-
2365 2098 2419 2137 20

330 2163 538 2247 quitio
594 2162 788 2226 simul
840 2182 875 2226 e
927 2165 1121 2245 portu
1166 2159 1545 2246 egredienti,
1605 2160 1717 2224 sed
1760 2159 2120 2243 expeditius
2166 2160 2338 2223 navi-

331 2251 527 2336 ganti.
636 2248 776 2314 Nos
840 2247 1240 2314 Rhodiorum
1312 2247 1634 2333 aphractis
1706 2247 2061 2332 ceterisque
2123 2247 2336 2332 longis

329 2338 601 2403 navibus
660 2337 1162 2422 tranquillitates
1220 2336 1598 2420 aucupaturi
1643 2357 1923 2421 eramus3
1985 2336 2080 2400 ita
2122 2340 2339 2401 tamen

329 2447 448 2511 pro
497 2426 853 2510 erabamus‚
895 2429 971 2489 ut
1013 2446 1147 2490 non
1189 2429 1409 2509 posset
1451 2424 1676 2509 magis.

261 2533 295 2583 ο
528 2536 561 2579 e
607 2513 990 2578 raudusculo
1034 2511 1389 2578 Puteolano
1436 2515 1707 2597 gratum.
1778 2509 1970 2577 Nunc
2013 2511 2206 2578 velim
2250 2511 2338 2576 di·
2367 2538 2418 2578 25

334 2603 565 2687 spicias
610 2622 714 2668 res
759 2600 1006 2667 Roman
1016 2622 1114 2687 as,
1167 2600 1411 2686 videas,
1456 2599 1610 2685 quid
1653 2600 1843 2665 nobis
1888 2600 1966 2664 de
2007 2598 2337 2684 triumpho

332 2689 742 2775 cogitandum
795 2693 1012 2775 putes,
1066 2689 1146 2754 ad
1199 2710 1392 2773 quem
1444 2687 1631 2753 amici
1683 2710 1786 2753 me
1838 2691 2086 2753 vocant.
2175 2687 2340 2774 Ego,

331 2778 460 2842 nisi
503 2777 805 2864 Bibulus,
863 2777 993 2862 qui,
1039 2777 1191 2841 dum
1235 2799 1402 2842 unus
1445 2775 1657 2840 hostis
1702 2776 1771 2840 in
1816 2774 2005 2860 Syria
2047 2775 2192 2861 fuit,
2236 2798 2340 2860 pe·

332 2867 475 2931 dem
529 2869 720 2950 porta
761 2887 894 2930 non
938 2866 1084 2949 plus
1130 2864 1365 2930 extulit
1411 2885 1604 2949 quam
1646 2863 1686 2905 *
1730 2863 1919 2929 domo
1968 2886 2111 2948 sua,
2169 2864 2340 2929 adni-

332 2957 577 3019 teretur
621 2953 699 3018 de
743 2953 1091 3038 triumpho,
1136 2974 1339 3037 aequo
1387 2953 1600 3017 animo
1646 2974 1867 3018 essem.
1952 2951 2145 3017 Nunc
2189 2972 2339 3017 vero
2366 2979 2420 3020 ao

334 3042 612 3127 αἰσχρὸν
657 3051 928 3107 σιωπᾶν.
1012 3040 1137 3107 Sed
1181 3041 1445 3125 explora
1487 3061 1625 3105 rem
1667 3044 1891 3125 totam,
1934 3045 2030 3127 ut,
2072 3061 2201 3124 quo
2239 3040 2341 3105 die

335 3152 451 3195 con
536 3129 660 3195 essi
704 3130 963 3216 erimus,
1006 3128 1349 3194 consilium
1394 3150 1617 3213 capere
1661 3129 2001 3212 possimus.

457 3151 582 3283 {fat
624 3217 847 3302 multa,
894 3216 1006 3302 qui
1052 3221 1117 3281 et
1162 3238 1572 3302 properarem
1618 3221 1683 3281 et
1724 3218 1785 3281 ei
1817 3216 2070 3282 litteras
2107 3215 2343 3301 darem,

332 3305 445 3389 qui
491 3309 604 3369 aut
647 3326 897 3370 mecum
942 3309 1054 3369 aut
1090 3305 1283 3389 paulo
1321 3309 1470 3370 ante
1506 3308 1815 3370 venturus
1852 3309 2038 3370 esset.
2120 3302 2341 3370 Cicero

333 3391 461 3456 tibi
508 3391 853 3476 plurimam
899 3394 1174 3457 salutem
1221 3393 1394 3458 dicit.
1486 3392 1587 3458 Tu
1634 3392 1802 3458 dices
1848 3392 2186 3477 utriusque
2229 3414 2341 3457 no·
2370 3418 2423 3460 ⁸5

332 3483 539 3542 strum
585 3479 799 3543 verbis
845 3484 911 3544 et
955 3478 1156 3545 Piliae
1202 3484 1353 3547 tuae
1398 3485 1464 3546 et
1509 3480 1695 3546 filiae.
