2642 3923
353 179 480 243 142
986 178 1060 233 Μ.
1100 177 1316 233 TULLI
1353 176 1732 234 CICERONIS

350 323 516 389 tinet
526 321 583 387 ?’
656 320 898 387 Verum
953 327 1171 387 tamen
1223 322 1585 407 decumani,
1636 323 1821 405 quasi
1866 322 2177 389 venissem
2225 346 2369 389 cum

349 412 647 563 &3113332'5’5
702 408 1159 584 Gffleffiquffiuaffl
1199 410 1579 584 33²1?ssssssAE
1580 412 1817 564 ³223
1841 411 2371 565 2230²¹13⁰J15221325

352 608 664 653 annorum
725 588 1190 652 ostentationes
1245 609 1421 652 meas
1476 608 1646 652 nunc
1705 588 1773 652 in
1832 588 2171 654 discrimen
2230 610 2369 653 esse

353 676 670 741 adductas.
763 673 914 762 Sed,
966 680 1041 741 ut
1088 697 1303 760 spero,
1361 679 1619 740 utemur
1662 696 1737 740 ea
1781 676 2119 761 palaestra,
2174 698 2367 761 quam
2427 705 2453 744 5

353 786 391 829 a
436 768 499 829 te
545 764 906 850 didicimus,
962 764 1387 847 omnibusque
1433 765 1591 829 satis
1639 765 1941 828 faciemus
1987 770 2051 830 et
2098 787 2172 830 eo
2219 766 2368 830 faci·

352 854 499 938 line,
535 853 708 937 quod
743 854 810 917 in
847 858 1073 918 nostra
1108 852 1441 937 provincia
1475 853 1798 917 confectae
1835 856 1987 917 sunt
2023 855 2370 938 pactiones.

355 939 477 1006 Sed
530 940 865 1025 hactenus,
917 942 1292 1026 praesertim
1347 962 1492 1006 cum
1546 941 1801 1006 cenanti
1846 940 2007 1005 mihi
2051 942 2371 1007 nuntiarit

354 1027 609 1095 Cestius
656 1052 723 1094 se
769 1030 844 1094 de
889 1033 1077 1095 nocte
1121 1028 1457 1113 proficisci.

485 1117 624 1183 Tua
666 1118 993 1203 negotiola
1028 1117 1271 1202 Ephesi
1318 1139 1505 1183 curae
1541 1116 1703 1182 mihi
1740 1117 2016 1200 fuerunt,
2063 1117 2367 1183 Thermo·
2395 1146 2451 1185 10

356 1227 506 1292 que,
558 1206 819 1272 tametsi
871 1211 1021 1271 ante
1075 1206 1416 1271 adventum
1470 1227 1684 1271 meum
1736 1205 2183 1271 liberalissime
2229 1210 2368 1272 erat

355 1295 682 1379 pollicitus
737 1295 870 1359 tuis
926 1294 1253 1378 omnibus,
1306 1299 1524 1359 tamen
1573 1292 1991 1379 Philogenem
2037 1300 2103 1361 et
2149 1294 2364 1361 Seium

355 1383 613 1467 tradidi,
667 1382 1231 1467 Apollonidensem
1282 1381 1615 1447 Xenonem
1669 1383 2120 1448 commendavi.
2220 1382 2366 1449 Om-

352 1473 508 1536 nino
572 1473 786 1536 omnia
850 1492 917 1536 se
971 1472 1289 1536 facturum
1345 1472 1600 1554 recepit.
1690 1470 1836 1555 Ego
1891 1476 2218 1555 praeterea
2271 1494 2367 1534 ra-

354 1560 597 1625 tionem
633 1559 971 1645 Philogeni
1009 1560 1503 1645 permutationis
1548 1559 1703 1645 eiua,
1749 1580 1942 1643 quam
1978 1565 2188 1625 tecum
2226 1560 2368 1645 feci,
2396 1589 2450 1628 ιε.

355 1648 537 1713 edidi.
630 1647 810 1734 Ergo
857 1648 1013 1713 haec
1061 1669 1315 1732 quoque
1360 1647 1683 1712 hactenus.

487 1735 700 1801 Redeo
749 1737 827 1801 ad
872 1737 1134 1801 urbana.
1223 1735 1346 1800 Per
1390 1736 1710 1802 fortunas!
1776 1737 2080 1821 quoniam
2125 1735 2366 1803 Romae

354 1847 591 1910 manes,
634 1826 913 1909 primum
951 1824 1110 1890 illud
1146 1824 1455 1909 praefulci
1489 1828 1682 1908 atque
1718 1826 2069 1909 praemuni,
2113 1846 2370 1911 quaes0‚

356 1920 429 1978 ut
490 1914 690 1979 simus
745 1914 969 2000 annui,
1020 1934 1102 1978 ne
1155 1913 1567 1978 intercaletur
1614 1913 1883 1998 quidem.
1975 1912 2219 1980 Deinde
2265 1935 2367 1980 ex·

354 2003 542 2068 hauri
587 2025 727 2068 mea
772 2003 1072 2068 mandata
1117 2003 1537 2087 maximeque,
1583 2002 1637 2067 si
1683 2003 1837 2087 quid
1882 2007 2099 2087 potest
2138 2003 2213 2068 de
2249 2003 2364 2068 illo
2392 2031 2449 2070 so

357 2091 705 2158 domestico
744 2091 1064 2176 scrupulo,
1099 2112 1286 2176 quem
1326 2112 1457 2156 non
1485 2091 1763 2175 ignoraS,
1798 2092 1946 2165 dein
1972 2091 2049 2156 de
2078 2089 2366 2175 Caesare,

357 2181 538 2246 cuius
584 2180 652 2245 in
695 2179 1111 2263 cupiditatem
1157 2182 1220 2243 te
1267 2184 1526 2244 auctore
1560 2179 1842 2263 incubui,
1884 2201 2001 2244 nec
2035 2203 2137 2245 me
2172 2181 2366 2266 piget.

356 2268 464 2353 Et,
511 2268 567 2333 si
610 2269 953 2353 intellegis,
1000 2289 1192 2353 quam
1236 2289 1451 2333 meum
1499 2267 1586 2331 sit
1631 2269 1793 2333 scire
1828 2273 1893 2332 et
1929 2289 2168 2352 curare,
2215 2268 2367 2352 quid

357 2358 427 2421 in
479 2378 549 2421 re
602 2356 860 2440 publica
912 2355 1027 2420 fiat
1081 2392 1166 2404 -
1226 2355 1342 2420 fiat
1395 2355 1653 2421 autem?
1723 2357 1921 2421 immo
1976 2378 2126 2422 vero
2173 2358 2366 2420 etiam

358 2445 509 2529 quid
556 2444 845 2509 futurum
892 2444 997 2528 sit,
1042 2444 1363 2528 perscribe
1409 2443 1489 2509 ad
1531 2466 1634 2509 me
1683 2446 1913 2528 omnia,
1960 2445 2070 2510 sed
2104 2445 2367 2530 diligen·
2394 2473 2447 2513 25

356 2534 604 2598 tissime
649 2532 1107 2618 imprimisque,
1153 2532 1377 2617 ecquid
1423 2533 1799 2597 iudiciorum
1850 2537 2057 2597 status
2097 2538 2209 2597 aut
2244 2534 2368 2597 fac·

357 2629 570 2687 torum
608 2626 720 2686 aut
755 2621 1120 2686 futurorum
1157 2621 1352 2685 etiam
1387 2621 1655 2686 laboret.
1729 2620 1825 2686 De
1862 2643 2044 2708 aqua,
2090 2623 2146 2687 si
2183 2642 2368 2687 curae

356 2715 476 2795 est,
520 2710 574 2774 si
623 2709 778 2793 quid
820 2708 1160 2794 Philippus
1207 2715 1374 2795 aget,
1418 2709 1900 2774 animadvertes.

1272 2884 1446 2951 XIV.

745 3008 858 3064 Ser.
895 3007 1174 3063 Trallibus
1220 3007 1309 3063 VI
1338 3007 1412 3061 K.
1444 3007 1586 3063 Sext.
1617 3025 1668 3063 a.
1704 3012 1810 3064 703
1849 3011 1985 3078 (51).
2204 2998 2212 3005 “
2395 3021 2446 3062 00

992 3129 1248 3186 c1cERo
1287 3129 1547 3188 A'r'mco
1586 3102 1735 3187 sA'L.

489 3240 857 3325 Antequam
911 3241 1127 3324 aliquo
1182 3239 1323 3305 loco
1383 3240 1752 3325 consedero,
1810 3262 2017 3327 neque
2061 3241 2287 3327 longas
2332 3265 2370 3307 a

356 3350 457 3394 me
502 3350 707 3412 neque
754 3350 1002 3412 semper
1047 3350 1187 3393 mea
1230 3351 1425 3393 manu
1462 3328 1714 3394 litteras
1752 3330 2181 3415 exspectabis3
2226 3352 2370 3396 cum

358 3423 573 3481 autem
627 3417 751 3480 erit
810 3417 1117 3500 spatium,
1172 3422 1518 3501 utrumque
1563 3417 1920 3501 praestabo
2012 3416 2203 3484 Nunc
2245 3420 2369 3484 iter

357 3503 845 3568 conficiebamus
901 3509 1198 3568 aestuosa
1243 3512 1308 3568 et
1353 3506 1800 3588 pulverulenta
1845 3508 1963 3572 via.
2057 3505 2367 3572 Dederam
2398 3533 2445 3574 ss

2618 433 2620 490 4

2619 493 2620 540 l
