2642 3923
330 213 462 277 432
969 211 1042 266 Μ.
1083 210 1296 266 TULLI
1334 210 1712 266 CICERONIS

261 373 293 422 2
464 354 805 420 Vestorius
878 355 957 419 ad
1019 377 1120 419 me
1187 355 1472 438 scripsit,
1545 357 1620 418 ut
1682 354 1969 419 iuberem
2032 354 2358 437 mancipio

333 443 471 507 dari
517 465 700 508 servo
747 465 863 508 suo
901 465 1019 527 pro
1056 466 1199 507 mea
1233 448 1420 526 parte
1455 442 1758 506 Hetereio
1797 442 2042 506 cuidam
2083 442 2361 506 fundum

332 530 786 617 Brinnianum,
837 535 914 595 ut
965 532 1101 616 ipse
1157 532 1217 596 ei
1260 531 1549 595 Puteolis
1608 534 1779 595 recte
1832 531 2151 614 mancipio
2202 530 2361 595 dare

332 624 567 704 posset.
639 619 812 684 Eum
858 641 1129 705 servum,
1177 620 1233 683 si
1277 619 1402 684 tibi
1448 618 1791 703 videbitur,
1836 617 1916 683 ad
1967 640 2069 682 me
2104 618 2356 704 mittes3

335 708 565 792 opinor
610 708 781 772 enim
827 708 907 772 ad
950 712 1015 772 te
1061 708 1256 772 etiam
1304 708 1635 791 scripsisse
1681 706 2070 771 Vestorium.
2418 736 2443 774 5

264 816 296 863 3
466 796 565 861 De
628 797 908 861 adventu
962 794 1254 860 Caesaris
1310 797 1480 860 idem
1537 795 1708 879 quod
1774 817 1814 859 a
1867 799 1934 860 te
1988 795 2149 860 mihi
2204 795 2358 859 scri-

333 887 519 968 ptum
563 889 664 949 est
709 884 789 949 ab
828 882 1037 968 Oppio
1085 888 1150 948 et
1195 883 1418 949 Balbo.
1484 883 1687 947 Miror
1731 887 1796 947 te
1842 883 2160 948 nihildum
2206 905 2356 948 cum

334 972 626 1057 Tigellio.
690 972 889 1038 Velut
924 972 1048 1036 hoc
1081 973 1313 1056 ipsum,
1360 976 1673 1056 quantum
1709 973 2043 1057 acceperit,
2088 993 2354 1055 prorsus

263 1081 297 1128 4
334 1083 489 1126 aveo
538 1062 700 1126 scire
744 1078 860 1125 nec
902 1065 1119 1125 tamen
1164 1060 1349 1125 flocci
1393 1061 1576 1125 facio,
1661 1060 1948 1146 Quaeris,
1994 1061 2148 1144 quid
2184 1060 2355 1144 cogi-

332 1153 466 1214 tem
511 1149 587 1213 de
634 1150 889 1214 obviam
934 1149 1151 1214 itione.
1244 1148 1413 1225 Quid
1457 1170 1673 1213 censes
1717 1148 1846 1212 nisi
1890 1148 2189 1213 Alsium?
2262 1147 2354 1212 Et
2384 1176 2440 1214 10
2605 1138 2607 1229 1

334 1238 586 1322 quidem
636 1238 717 1302 ad
762 1237 1096 1302 Murenam
1142 1237 1218 1301 de
1262 1237 1550 1321 hospitio
1600 1238 2007 1321 scripseram,
2062 1236 2172 1300 sed
2219 1237 2351 1321 opi-

330 1346 452 1390 nor
493 1348 638 1390 cum
673 1324 877 1391 Matio
915 1326 1292 1409 profectum.
1375 1323 1720 1390 Sallustius
1757 1325 1961 1411 igitur
1997 1324 2351 1410 urgebitur.

263 1433 295 1481 6
468 1412 722 1498 Scripto
785 1415 914 1477 iam
979 1414 1306 1498 superiore
1371 1414 1684 1478 versiculo
1748 1412 1918 1478 Eros
1973 1413 2134 1477 mihi
2189 1414 2353 1477 dixit

332 1501 457 1566 sibi
529 1501 863 1566 Murenam
933 1501 1384 1567 liberalissime
1454 1501 1875 1585 respondisse.
1983 1501 2085 1566 Eo
2150 1502 2353 1586 igitur

330 1594 605 1654 utamur.
686 1589 856 1655 Nam
903 1588 1099 1654 Silius
1146 1591 1413 1654 culcitas
1458 1612 1593 1654 non
1626 1590 1840 1654 habet.
1912 1588 2082 1654 Dida
2118 1594 2350 1675 autem,
2382 1618 2437 1657 15

332 1678 580 1766 opinor,
623 1678 991 1762 hospitibus
1039 1682 1247 1743 totam
1291 1679 1517 1743 villam
1561 1678 1888 1743 concessit.

1288 1888 1393 1953 LI.

634 2012 750 2069 Ser.
778 2013 843 2067 in
884 2012 1196 2067 Tusculano
1243 2011 1369 2066 VII
1397 2012 1473 2066 K.
1503 2011 1646 2082 Sept.
1675 2031 1728 2068 a.
1760 2017 1871 2069 ⁷09
1909 2016 2047 2083 (45).

935 2133 1225 2189 CICERO
1258 2133 1550 2190 ATTICO
1584 2134 1752 2191 SAL.

265 2265 291 2312 1
465 2245 568 2309 Ad
614 2242 950 2309 Caesarem
995 2265 1189 2327 quam
1225 2243 1371 2306 misi
1409 2243 1771 2328 epistulam,
1818 2244 1954 2308 eius
1989 2244 2348 2328 exemplum
2373 2271 2434 2310 20

332 2334 503 2418 fugit
557 2355 659 2398 me
712 2336 852 2396 tum
900 2332 1023 2396 tibi
1067 2332 1342 2395 mittere.
1433 2329 1570 2395 Nec
1615 2331 1681 2395 id
1725 2332 1877 2418 fuit,
1932 2332 2103 2415 quod
2148 2333 2351 2417 suspi-

333 2421 524 2506 caris,
579 2425 652 2486 ut
706 2442 809 2485 me
863 2420 1131 2504 puderet
1185 2420 1312 2504 tui,
1366 2441 1447 2484 ne
1501 2419 1768 2484 ridicule
1811 2422 1858 2505 †
1875 2420 2179 2503 micillus,
2231 2441 2351 2486 nec

333 2509 691 2575 mehercule
757 2508 985 2592 scripsi
1042 2507 1257 2593 aliter,
1321 2530 1396 2572 ac
1455 2508 1511 2571 si
1564 2510 1731 2592 πρὸς
1785 2515 1935 2573 ἴσον
1990 2509 2351 2593 ὅμοιόνᾳιιθ

334 2599 694 2664 scriberem.
774 2596 947 2661 Bene
992 2596 1162 2660 enim
1207 2596 1506 2660 existimo
1554 2596 1630 2660 de
1676 2596 1808 2660 illis
1854 2597 2059 2682 libris,
2104 2602 2180 2661 ut
2224 2597 2349 2661 tibi

334 2708 566 2752 coram.
656 2683 883 2770 Itaque
942 2685 1168 2768 scripsi
1225 2688 1289 2748 et
1347 2684 1797 2762 ἀκολακεύτως
1850 2689 1914 2749 et
1967 2690 2185 2750 tamen
2241 2686 2351 2773 sic,
2379 2712 2436 2753 25

335 2780 410 2839 ut
453 2775 619 2839 nihil
665 2795 811 2837 eum
857 2772 1217 2837 existimem
1260 2772 1579 2836 lecturum
1623 2773 1951 2838 libentius.

266 2880 297 2929 2
467 2861 566 2927 De
610 2861 831 2926 Attica
875 2882 1046 2925 nunc
1091 2860 1344 2924 demum
1389 2860 1551 2924 mihi
1598 2866 1698 2925 est
1742 2884 1861 2946 exp
1863 2862 1964 2926 101
1965 2865 2171 2947 atum
2235 2862 2351 2926 ita-

336 2973 460 3036 que
524 2952 583 3015 ei
636 2950 714 3013 de
767 2950 1023 3033 integro
1081 2949 1423 3033 gratulare.
1522 2948 1869 3034 Tigellium
1921 2954 2136 3015 totum
2190 2949 2352 3014 mihi

334 3044 400 3105 et
438 3039 693 3123 quidem
731 3060 924 3122 quam
959 3037 1265 3121 primum;
1309 3059 1461 3100 nam
1495 3038 1739 3121 pendeo
1779 3038 1991 3103 animi.
2050 3036 2350 3103 Narrabo

333 3128 484 3212 tibi,
541 3126 819 3204 Quintus
866 3147 1031 3209 cras3
1098 3125 1223 3209 sed,
1282 3126 1362 3189 ad
1408 3147 1509 3189 me
1555 3148 1634 3190 an
1683 3127 1762 3190 ad
1806 3130 1888 3206 te,
1931 3127 2165 3193 nescio.
2254 3125 2353 3191 Mi
2382 3153 2438 3194 ao

336 3216 594 3300 scripsit
653 3213 928 3278 Romam
991 3231 1115 3277 VIII
1178 3211 1319 3277 Kal
1427 3211 1551 3277 Sed
1614 3215 1792 3301 misi,
1854 3216 1966 3299 qui
2028 3215 2350 3280 invitaret.

331 3304 481 3369 Etsi
534 3303 748 3368 hercle
798 3303 930 3367 iam
974 3301 1249 3366 Romam
1303 3302 1686 3369 veniendum
1741 3306 1867 3388 est,
1919 3324 2002 3368 ne
2046 3303 2157 3368 ille
2200 3307 2354 3369 ante

333 3392 604 3457 advolet.
