2642 3923
332 193 461 258 346
970 194 1044 249 M.
1083 192 1295 247 TULLI
1334 153 1709 248 o1oERON1s

332 337 505 421 quod
550 340 701 402 ante
744 336 1022 420 mallem,
1069 336 1286 421 aliquo
1333 336 1600 421 propius
1647 338 1955 402 accedam.
2029 336 2202 402 Tuas
2247 338 2340 402 lit

329 428 500 490 teras
557 425 638 489 ad
691 447 825 509 eas,
881 424 1116 509 quibus
1171 447 1212 489 a
1261 428 1329 489 te
1383 426 1674 509 proxime
1730 425 2070 491 eonsilium
2132 427 2355 510 petivi,

330 512 737 578 vehementer
783 517 1100 598 exspecto,
1190 511 1368 577 Vale.
1459 531 1583 578 m
1626 512 1770 578 Kal.
1809 512 2234 599 Septembres.

1258 688 1430 753 XXI.

722 811 835 867 Ser.
867 812 1143 866 Brundisi
1188 811 1280 865 VI
1307 811 1382 865 K.
1415 810 1557 879 Sept.
1588 828 1638 864 a.
1672 814 1782 865 707
1822 814 1958 880 (47).
2416 825 2440 863 5

970 933 1224 989 CICERO
1265 932 1528 989 ATTICO
1567 933 1713 989 SAL.

464 1043 700 1128 Aooepi
764 1060 838 1107 vl
884 1042 1025 1107 Kal„
1066 1042 1238 1127 Sept.
1292 1043 1547 1108 litteras
1611 1065 1649 1106 a
1703 1046 1770 1108 te
1832 1044 2015 1107 datas
2061 1060 2163 1108 ΧΠ
2209 1042 2351 1109 Kal.

332 1132 760 1217 doloremque,
805 1153 995 1214 quem
1042 1152 1119 1196 ex
1157 1130 1381 1208 Quinti
1419 1131 1654 1196 scelere
1690 1131 1819 1204 iam
1857 1131 2104 1216 pridem
2142 1153 2353 1216 aceep-

331 1225 473 1286 tum
528 1220 658 1285 iam
715 1219 1092 1303 abieoemm,
1145 1220 1312 1285 lecta
1367 1221 1505 1285 eius
1566 1219 1845 1303 epistula
1902 1220 2354 1306 gravissimum

333 1309 488 1393 cepi.
572 1308 672 1373 Tu
718 1308 841 1372 etsi
885 1328 1020 1372 non
1063 1308 1340 1392 potuisti
1384 1309 1520 1373 ullo
1567 1309 1755 1372 modo
1802 1308 2026 1394 faeere,
2073 1313 2148 1372 ut
2193 1308 2354 1372 mihi
2385 1336 2440 1375 10

333 1397 511 1462 illam
557 1396 901 1480 epistulam
945 1417 1081 1460 non
1123 1396 1434 1483 mitteres,
1478 1401 1698 1461 tamen
1740 1396 1999 1461 mallem
2042 1418 2176 1461 non
2213 1418 2355 1462 esse

332 1507 613 1551 missam.

464 1572 569 1638 Ad
615 1594 688 1638 ea
732 1577 975 1658 autem,
1028 1594 1189 1657 quae
1235 1572 1467 1638 scribis
1513 1573 1591 1639 de
1635 1577 2044 1659 testamento,
2089 1572 2356 1658 videbis,

334 1662 492 1748 quid
554 1666 620 1729 et
683 1683 810 1745 quo
869 1660 1079 1726 modo.
1171 1660 1267 1726 De
1321 1662 1606 1726 nummis
1661 1666 1726 1726 et
1778 1662 1893 1726 illa
1947 1662 2040 1726 sie
2094 1662 2355 1745 scripsit

334 1755 409 1815 ut
455 1770 573 1836 ego
620 1750 699 1814 ad
745 1754 810 1814 te
856 1754 1061 1835 antea,
1108 1753 1174 1815 et
1216 1772 1358 1837 nos,
1404 1751 1460 1814 si
1507 1750 1661 1834 quid
1708 1771 1871 1834 opus
1909 1750 2052 1835 erit,
2096 1753 2355 1814 utemur
2382 1779 2436 1818 ιε

336 1861 413 1905 ex
460 1860 555 1924 eo,
599 1839 676 1903 de
722 1859 851 1923 quo
899 1839 1144 1903 scribis.

467 1925 586 1993 Ille
632 1928 712 1993 ad
754 1926 897 1992 Kal.
938 1924 1109 2011 Sept.
1145 1926 1423 1991 Athenis
1459 1947 1590 1991 non
1627 1926 1882 1992 videtur
1915 1926 2072 1993 fore.
2146 1925 2356 1992 Multa

337 2040 481 2082 eum
526 2017 597 2080 in
639 2015 797 2081 Asia
839 2017 1137 2081 dicuntur
1173 2016 1432 2099 morari,
1477 2016 1754 2080 maxime
1790 2015 2168 2081 Pharnaces.
2240 2014 2354 2081 Le-

336 2106 443 2192 gio
490 2123 609 2190 xn,
655 2105 735 2169 ad
781 2127 973 2189 quam
1014 2106 1289 2190 primam
1328 2102 1508 2168 Sulla
1542 2105 1739 2189 venit,
1782 2103 2108 2188 lapidibus
2145 2104 2355 2189 egisse

336 2194 659 2258 hominem
730 2193 981 2258 dicitur.
1082 2190 1349 2257 Nullam
1419 2195 1655 2277 putant
1728 2214 1797 2258 se
1869 2196 2352 2257 commoturam.
2381 2221 2437 2259 πο

334 2282 528 2346 Illum
574 2282 1058 2346 arbitrabantur
1102 2280 1400 2366 protinus
1444 2278 1658 2345 Patris
1703 2281 1775 2345 in
1820 2278 2120 2345 Siciliam.
2214 2279 2355 2365 Sed,

336 2372 391 2436 si
446 2370 572 2436 hoe
631 2371 726 2434 ita
787 2374 911 2455 est,
974 2368 1102 2434 huc
1159 2369 1378 2434 veniat
1431 2389 1689 2433 neeesse
1742 2373 1857 2434 est.
1947 2369 2045 2434 Ae
2097 2369 2354 2434 mallem

336 2458 527 2545 illim3
590 2458 808 2543 aliquo
863 2458 1032 2523 enim
1090 2458 1282 2522 modo
1337 2456 1488 2521 hino
1544 2458 1899 2522 evasissem.
1991 2455 2183 2521 Nune
2229 2479 2355 2522 me-

337 2552 477 2632 tuo,
531 2568 611 2611 ne
671 2548 757 2611 sit
812 2546 1308 2630 exspectandum
1372 2550 1437 2609 et
1483 2567 1628 2610 oum
1673 2546 1938 2631 reliquis
1986 2546 2183 2611 etiam
2229 2546 2354 2611 loci

337 2636 621 2722 gravitas
666 2635 820 2700 huic
863 2635 1261 2699 miserrimae
1305 2634 1695 2717 perferenda.
2384 2662 2438 2701 25

470 2723 653 2800 Quod
697 2745 801 2788 me
844 2745 1087 2807 mones,
1131 2727 1206 2787 ut
1252 2745 1345 2807 ea,
1391 2743 1555 2805 quae
1595 2743 1801 2809 aqam,
1846 2722 1925 2785 ad
1961 2727 2219 2807 tempus
2256 2744 2356 2787 ae-

338 2811 751 2897 eommodem‚
795 2813 1089 2896 facerem,
1134 2812 1191 2874 si
1236 2832 1340 2875 res
1384 2814 1731 2897 pateretur,
1777 2813 1843 2874 et
1888 2810 1945 2874 si
1990 2810 2127 2876 ullo
2163 2811 2355 2877 modo

340 2900 476 2964 fieri
536 2904 772 2984 posset.
862 2897 988 2965 Sed
1041 2900 1111 2963 in
1162 2899 1366 2963 tantis
1410 2899 1656 2964 nostris
1702 2899 1979 2983 peccatis
2026 2898 2357 2984 tantisque

341 2993 707 3053 nostrorum
761 2988 1016 3053 iniuriis
1068 2987 1234 3052 nihil
1279 2990 1406 3071 est,
1462 2987 1634 3071 quod
1680 2992 1794 3050 aut
1837 2986 2046 3052 faeere
2090 2988 2358 3074 dignum

339 3077 527 3142 nobis
565 3082 677 3142 aut
714 3077 1017 3142 simulare
1054 3075 1316 3161 possim.
1391 3072 1658 3161 Sullana
1694 3076 1976 3160 eonfers3
2020 3075 2092 3139 in
2119 3076 2356 3160 quibus
2385 3104 2440 3144 so

340 3164 555 3230 omnia
601 3186 831 3252 genere
866 3166 1009 3249 ipso
1048 3163 1559 3249 praeclarissima
1595 3164 1874 3249 fuerunt,
1919 3163 2360 3230 moderatione

338 3254 530 3339 paulo
576 3255 790 3319 minus
834 3256 1207 3337 temperata.
1297 3251 1473 3316 Haeo
1518 3255 1734 3317 autem
1783 3252 1918 3317 eius
1963 3252 2139 3316 modi
2186 3257 2360 3338 sunt,

338 3346 411 3407 ut
456 3341 798 3407 obliviscar
841 3343 964 3407 mei
1020 3341 1355 3426 multoque
1398 3340 1648 3427 malim,
1706 3340 1878 3426 quod
1922 3341 2221 3405 omnibus
2270 3341 2359 3405 sit

337 3429 592 3515 melius,
644 3452 834 3512 quam
886 3432 1050 3512 quod
1089 3431 1201 3516 iis,
1246 3431 1336 3494 ad
1386 3450 1661 3514 quorum
1707 3430 2059 3495 utilitatem
2104 3450 2206 3494 me
2252 3430 2360 3494 ad-

339 3518 534 3583 iunxi.
599 3516 696 3581 Tu
749 3518 828 3583 ad
864 3539 967 3582 me
1003 3522 1221 3583 tamen
1257 3518 1452 3582 velim
1492 3540 1685 3602 quam
1715 3518 2083 3602 saepissime
2114 3517 2358 3582 scribas
2391 3546 2442 3584 :35
