2642 3923
334 176 421 240 30
975 175 1049 229 M.
1088 174 1300 229 TULLI
1338 173 1714 229 CICERONIS

333 341 507 403 mus,
581 341 858 403 quocum
921 323 1034 382 aut
1096 319 1292 382 iocari
1354 318 1554 382 libere
1611 323 1723 382 aut
1788 320 2107 401 suspirare
2169 317 2352 381 fami-

332 408 580 472 liariter
626 407 964 491 possimus,
1057 405 1264 482 Quare
1311 411 1376 471 te
1422 411 1883 491 exspectamUS,
1927 411 1992 471 te
2039 406 2351 470 desidera·
2626 470 2632 493 ι

333 517 498 581 mus,
543 499 608 560 te
645 496 774 559 iam
812 495 1008 559 etiam
1046 495 1441 559 arcessimus,
1516 494 1727 559 Multa
1764 499 1915 558 sunt
1952 494 2143 578 enim,
2188 516 2349 578 quae

334 605 437 648 me
510 584 862 648 sollicitant
934 588 1336 668 anguntque3
1411 605 1571 666 quae
1644 582 1804 646 mihi
1874 583 2093 648 videor
2165 603 2347 646 aures

333 676 561 736 nactus
589 676 736 736 tuas
763 671 954 735 unius
984 671 1441 735 ambulationis
1473 692 1762 736 sermone
1783 671 2117 736 exhaurire
2141 692 2347 755 posse.
2404 695 2432 736 5

264 778 296 826 2
466 757 563 824 Ac
599 760 1090 825 domesticarum
1119 760 1375 844 quidem
1405 759 1910 824 sollicitudinum
1938 759 2188 824 aculeos
2220 780 2351 822 om-

333 869 448 912 nes
469 852 534 913 et
552 849 885 931 scrupulos
908 848 1259 932 occultab0,
1285 869 1493 932 neque
1513 870 1631 932 ego
1658 847 1810 912 huic
1828 847 2139 931 epistulae
2158 851 2351 930 atque

336 936 562 1020 ignoto
585 936 920 1001 tabellario
941 937 1356 1001 committam.
1393 936 1611 1020 Atque
1629 935 1699 999 hi
1719 934 1897 1022 (nolo
1917 937 2089 1000 enim
2117 940 2181 1000 te
2210 958 2350 1018 per-

338 1022 608 1111 moveri)
627 1047 759 1090 non
778 1029 930 1089 sunt
948 1025 1340 1110 permolesti,
1369 1025 1478 1090 sed
1496 1029 1715 1089 tamen
1732 1024 2013 1088 insident
2032 1028 2097 1089 et
2115 1027 2349 1109 urgent

337 1117 403 1179 et
437 1113 679 1177 nullius
718 1114 992 1177 amantis
1030 1114 1297 1177 consilio
1337 1118 1449 1178 aut
1487 1135 1778 1178 sermone
1810 1113 2243 1196 requiescunt3
2281 1112 2350 1176 in
2377 1139 2431 1177 10

336 1222 406 1266 re
443 1202 698 1285 publica
733 1224 903 1287 vero,
942 1223 1329 1285 quamquam
1366 1201 1616 1265 animus
1654 1206 1752 1266 est
1778 1222 2099 1286 praesens,
2134 1204 2349 1265 tamen

338 1290 568 1354 volnus
616 1291 808 1354 etiam
858 1294 1048 1373 atque
1096 1290 1290 1353 etiam
1338 1290 1479 1374 ipsa
1515 1290 1828 1354 medicina
1864 1289 2075 1353 efficit.
2162 1287 2351 1372 Nam,

338 1381 413 1441 ut
442 1400 516 1443 ea
543 1378 843 1462 breviter,
881 1400 1040 1461 quae
1069 1383 1218 1460 post
1255 1382 1439 1441 tuum
1473 1377 1821 1442 discessum
1849 1381 1990 1441 acta
2018 1380 2190 1461 sunt,
2225 1377 2348 1441 col-

337 1465 564 1551 ligam,
614 1466 744 1530 iam
791 1466 1102 1531 exclames
1145 1487 1403 1530 necesse
1448 1469 1547 1531 est
1591 1488 1692 1530 res
1738 1465 2062 1530 Romanas
2107 1465 2349 1529 diutius

340 1559 511 1619 stare
550 1577 681 1619 non
721 1573 943 1655 posse.
1009 1554 1269 1619 Etenim
1312 1558 1461 1637 post
1506 1554 1964 1655 profectionem
2006 1558 2184 1617 tuam
2226 1554 2431 1636 pri-1⁵

339 1665 511 1728 mus,
564 1647 638 1706 ut
658 1643 945 1744 opinor,
989 1643 1293 1706 introitus
1339 1642 1464 1706 fuit
1509 1643 1579 1705 in
1623 1664 1875 1706 causam
1917 1641 2171 1707 fabulae
2208 1638 2351 1706 Olo-

339 1730 590 1816 dianae,
653 1731 723 1794 in
777 1752 902 1814 qua
956 1752 1076 1815 ego
1130 1735 1385 1816 nactus,
1448 1735 1521 1794 ut
1574 1729 1735 1793 mihi
1789 1730 2078 1816 videbar,
2137 1730 2351 1794 locum

337 1819 713 1884 resecandae
757 1820 1043 1884 libidinis
1090 1823 1155 1883 et
1191 1819 1567 1884 coercendae
1612 1819 1965 1883 iuventutis
2010 1782 2350 1884 vehemens

337 1907 433 1971 fui
487 1911 554 1973 et
608 1928 828 1974 omnes
892 1907 1147 1993 profudi
1201 1909 1370 1973 vires
1425 1908 1622 1972 animi
1676 1911 1867 1990 atque
1931 1906 2173 1992 ingenii
2226 1906 2351 1972 mei

336 2018 471 2060 non
524 1997 669 2061 odio
729 1997 1036 2061 adductus
1107 1997 1401 2082 alicuius,
1474 1996 1582 2062 sed
1643 2018 1754 2079 spe
1818 1996 2224 2081 corrigendae
2284 2000 2350 2060 et
2378 2022 2432 2062 111

269 2105 301 2151 3
341 2085 655 2149 sanandae
719 2086 1017 2150 civitatis,
1124 2083 1405 2149 Adflicta
1466 2106 1568 2149 res
1643 2084 1899 2168 publica
1968 2088 2066 2149 est
2133 2088 2348 2167 empto

341 2177 886 2257 constupratoque
939 2172 1189 2238 iudicio.
1281 2171 1473 2257 Vide,
1529 2194 1689 2257 quae
1746 2173 1878 2236 sint
1930 2176 2155 2255 postea
2207 2193 2350 2236 con-

342 2265 573 2325 secuta.
676 2259 918 2325 Consul
976 2265 1076 2325 est
1133 2262 1477 2345 impositus
1531 2262 1588 2325 is
1641 2261 1858 2345 nobis,
1918 2283 2107 2344 quem
2159 2282 2349 2325 nemo

340 2354 594 2432 praeter
629 2371 750 2413 nos
785 2349 1207 2433 philosophos
1245 2350 1525 2433 aspicere
1573 2350 1709 2413 sine
1758 2349 2067 2431 suspiritu
2114 2355 2349 2432 posset.

342 2435 665 2512 Quantum
720 2436 842 2502 hoc
899 2438 1157 2501 vulnus!
1210 2437 1381 2502 facto
1439 2441 1698 2501 senatus
1753 2436 2045 2500 consulto
2102 2436 2178 2499 de
2224 2459 2350 2500 am·
2379 2462 2431 2503 2⁶

341 2524 513 2610 bitu,
562 2525 637 2590 de
683 2526 934 2590 iudiciis
981 2526 1159 2589 nulla
1202 2527 1307 2590 lex
1353 2525 1617 2610 perlata,
1662 2526 2024 2609 exagitatus
2072 2529 2350 2609 senatuS,

341 2613 602 2678 alienati
658 2615 905 2698 equites
959 2613 1251 2679 Romani.
1354 2611 1460 2678 Sic
1522 2613 1632 2677 ille
1695 2622 1898 2677 annus
1961 2612 2086 2676 duo
2143 2613 2352 2677 firma·

338 2707 557 2766 menta
610 2703 703 2767 rei
756 2703 1047 2786 publicae
1102 2724 1216 2785 per
1269 2724 1371 2766 me
1425 2723 1625 2765 unum
1680 2701 2032 2765 constituta
2094 2701 2349 2787 evertit3

338 2813 489 2855 nam
543 2795 609 2857 et
664 2795 922 2856 senatus
979 2791 1429 2855 auctoritatem
1476 2789 1708 2854 abiecit
1756 2795 1820 2853 et
1867 2789 2163 2853 ordinum
2207 2810 2352 2853 con·

338 2879 619 2944 cordiam
674 2879 966 2943 diiunxit.
1062 2877 1272 2943 Instat
1339 2878 1444 2942 hic
1505 2899 1676 2942 nunc
1738 2878 1848 2942 ille
1908 2899 2111 2941 annus
2179 2898 2350 2962 egre-
2380 2904 2432 2944 ³0

339 2967 499 3052 gius
590 2967 753 3031 Eius
817 2968 1075 3031 initium
1140 2968 1276 3032 eius
1339 2966 1513 3030 modi
1575 2966 1729 3050 fuit,
1791 2969 1865 3029 ut
1920 2966 2352 3030 anniversaria

340 3077 518 3119 sacra
561 3053 918 3119 Iuventatis
962 3077 1094 3119 non
1139 3055 1718 3137 committerentur3
1772 3076 1920 3117 nam
1967 3052 2052 3117 M.
2100 3052 2350 3118 Luculli

339 3164 603 3207 uxorem
640 3142 980 3207 Memmius
1019 3143 1153 3207 suis
1193 3144 1390 3208 sacris
1435 3143 1744 3226 initiavit3
1789 3141 2116 3206 Menelaus
2163 3164 2351 3227 aegre

339 3231 405 3294 id
484 3252 711 3313 passus
785 3230 1134 3295 divortium
1204 3232 1373 3296 fecit.
1484 3229 1883 3314 Quamquam
1946 3230 2057 3294 ille
2127 3237 2352 3314 pastor

337 3317 564 3383 Idaeus
602 3317 963 3382 Menelaum
1002 3319 1210 3383 solum
1249 3323 1739 3404 contempserat,
1772 3318 1879 3383 hic
1913 3322 2133 3384 noster
2168 3318 2350 3383 Paris
2381 3345 2434 3386 ³⁵

338 3409 472 3469 tam
512 3405 874 3471 Menelaum
921 3429 1113 3490 quam
1151 3409 1207 3470 A
1257 3429 1699 3472 amemnonem
1742 3407 2017 3473 liberum
2064 3429 2194 3471 non
2240 3430 2351 3491 pu·

270 3511 303 3558 4
339 3495 520 3557 tavit.
610 3493 736 3557 Est
800 3499 1014 3559 autem
1061 3492 1127 3558 C,
1243 3497 1538 3560 erennius
1599 3495 1859 3579 quidam
1903 3496 2203 3559 tribunus
2249 3496 2354 3579 pl.,
