2642 3923
322 1597 539 1660 maon,
577 1597 704 1660 quo
734 1579 807 1640 te
843 1574 1058 1659 celem,
1082 1596 1215 1638 non
1251 1574 1597 1659 perscribe,
1625 1574 1734 1640 sed
1772 1575 1923 1660 quia
1960 1576 2413 1657 δυσεκλᾶλητα
2439 1600 2491 1641 16
2618 1569 2626 1578 ’

320 1858 355 1906 4

320 2744 353 2792 5

396 194 521 259 138
1033 194 1105 247 M.
1137 194 1353 250 TULLI
1388 193 1767 250 CICERONIS

393 359 653 403 suasum
691 342 791 404 est
828 338 1128 402 omnibus
1163 338 1326 402 meis
1363 338 1766 403 serviendum
1804 359 1942 402 esse
1978 338 2187 402 famae
2214 359 2411 405 meae.

392 426 569 491 Belle
633 426 854 492 adhuc.
962 425 1104 491 Hoc
1176 426 1689 490 animadversum
1763 423 2151 491 Graecorum
2224 426 2413 491 laude

391 518 457 579 et
501 516 708 580 multo
755 536 1046 580 sermone
1091 515 1466 579 celebratur.
1541 512 1726 590 Quod
1772 519 2080 599 superest,
2126 514 2411 578 elabora-

392 607 499 667 tur
556 604 624 668 in
675 602 800 668 hoc
854 627 891 668 a
936 624 1064 686 me,
1123 604 1290 667 sicut
1336 602 1460 667 tibi
1508 604 1679 667 sensi
1727 603 1991 687 placere
2085 600 2209 667 Sed
2253 603 2413 667 haec

392 694 533 757 tum
578 692 929 775 laudemus,
975 714 1120 756 cum
1157 696 1349 755 erunt
1384 696 1697 775 perorata.
1770 690 2046 776 Reliqua
2082 695 2233 755 sunt
2271 692 2410 755 eius
2468 716 2495 758 ο

393 780 593 866 modi,
657 783 731 845 ut
785 801 998 846 meum
1054 780 1394 845 consilium
1450 801 1637 864 saepe
1690 779 2174 882 reprehendam,
2236 780 2411 863 quod

390 890 523 933 non
567 869 783 954 aliqua
827 869 1079 934 ratione
1123 890 1200 933 ex
1245 868 1370 932 hoc
1412 869 1675 953 negotio
1724 869 2105 933 emerserim.
2179 865 2233 932 Ο
2272 890 2410 934 rem

391 958 656 1022 minime
692 962 908 1042 aptam
946 957 1105 1021 meis
1142 956 1460 1021 moribus!
1507 978 1545 1020 o
1582 956 1745 1021 illud
1780 977 2001 1021 verum
2022 957 2230 1041 ἔρδοι
2265 957 2409 1033 τιςἼ

392 1045 608 1110 Dices:
683 1045 875 1122 Quid
938 1044 1188 1110 adhuc?
1260 1044 1545 1109 nondum
1598 1045 1768 1109 enim
1824 1045 1891 1109 in
1947 1045 2208 1130 negotio
2268 1065 2409 1108 ver·

392 1135 554 1198 saris
566 1134 624 1198 ’θ’
698 1134 830 1200 Nec
878 1134 1095 1198 nescio
1151 1137 1218 1197 et
1271 1137 1433 1217 puto
1491 1133 1863 1198 molestiora
1908 1137 2167 1197 restare.
2259 1132 2409 1197 Etsi
2440 1160 2494 1201 ιο

391 1222 545 1287 haec
590 1223 732 1306 ipsa
778 1223 913 1287 fero
960 1221 1251 1307 equidem
1298 1221 1539 1305 fronte,
1596 1226 1669 1285 ut
1708 1226 1892 1306 ⁴put0,
1938 1226 2004 1286 et
2049 1220 2229 1285 voltu
2277 1220 2408 1285 bel-

392 1310 653 1394 lissime,
700 1310 808 1375 sed
857 1330 1059 1395 angor
1105 1310 1350 1374 intimis
1400 1310 1721 1395 sensibus3
1767 1311 1861 1374 ita
1906 1310 2111 1374 multa
2150 1310 2249 1373 vel
2286 1311 2408 1374 ira-

392 1399 594 1464 cunde
647 1398 751 1463 vel
795 1399 1146 1463 insolenter
1191 1396 1295 1461 vel
1341 1398 1409 1461 in
1455 1398 1630 1462 omni
1676 1418 1905 1484 genere
1954 1397 2270 1462 stultitiae
2315 1399 2410 1462 in·

393 1487 565 1552 sulse
612 1487 1004 1571 adrogantur
1049 1491 1115 1551 et
1158 1486 1458 1551 dicuntur
1504 1491 1568 1551 et
1606 1491 1900 1551 tacentur
1936 1486 2197 1570 cotidie;
2245 1507 2408 1570 quae

393 1669 561 1730 sunt.
651 1661 878 1749 Itaque
934 1664 1326 1728 admirabere
1380 1685 1583 1728 meam
1631 1664 2000 1747 βαθύτητα,
2056 1684 2201 1728 cum
2246 1664 2407 1727 salvi

389 1753 791 1835 redierimus3
827 1756 1010 1817 tanta
1053 1752 1214 1816 mihi
1259 1750 1493 1836 μελέτη
1540 1751 1732 1816 huius
1778 1752 2040 1816 virtutis
2086 1751 2289 1817 datur.

523 1840 702 1926 Ergo
759 1841 912 1906 haec
967 1862 1222 1925 quoque
1276 1840 1614 1925 hactenus3
1678 1841 1800 1904 etsi
1855 1839 2014 1904 mihi
2060 1839 2225 1904 nihil
2268 1844 2406 1903 erat

391 1930 797 2015 propositum
843 1929 924 1995 ad
969 1928 1393 2013 scribendum,
1440 1929 1608 2014 quia,
1657 1928 1813 2014 quid
1849 1948 2088 2014 ageres,
2134 1928 2247 1993 ubi
2283 1932 2406 1992 ter·

391 2041 606 2084 rarum
653 2041 843 2103 esses,
888 2039 968 2083 ne
1014 2018 1389 2102 suspicabar
1434 2018 1707 2102 quidem.
1790 2015 1854 2081 Ν
1855 2038 1925 2082 ec
1969 2017 2224 2083 hercule
2269 2039 2406 2081 um·
2436 2044 2489 2084 80

393 2130 584 2191 quam
648 2112 783 2172 tam
841 2107 950 2171 diu
1005 2107 1270 2192 ignarus
1325 2128 1540 2170 rerum
1596 2127 1878 2171 mearum
1934 2105 2059 2190 fui,
2122 2105 2275 2191 quid
2331 2105 2407 2170 de

392 2194 712 2279 Caesaris,
778 2195 934 2278 quid
996 2195 1072 2260 de
1127 2194 1392 2259 Milonis
1454 2194 1826 2259 nominibus
1887 2198 2101 2258 actum
2158 2195 2272 2278 sit3
2336 2216 2407 2258 ac

391 2305 522 2348 non
570 2284 759 2348 modo
810 2283 1021 2367 hom0,
1072 2284 1180 2348 sed
1224 2304 1305 2347 ne
1345 2305 1568 2347 rumor
1612 2283 1870 2368 quidem
1914 2283 2274 2367 quisquam,
2333 2285 2406 2345 ut

393 2373 717 2456 sciremuS,
764 2372 832 2436 in
875 2393 944 2435 re
987 2371 1246 2456 publica
1293 2371 1448 2455 quid
1495 2375 1807 2457 ageretur.
1882 2368 2111 2453 Quare,
2159 2370 2214 2435 si
2252 2371 2404 2454 quid

390 2460 541 2544 erit,
596 2460 768 2545 quod
821 2460 981 2525 scias
1037 2460 1113 2523 de
1168 2460 1248 2523 iis
1304 2459 1525 2545 rebus,
1580 2482 1739 2545 quas
1792 2457 2052 2544 putabis
2099 2460 2260 2535 scire
2306 2480 2407 2523 me
2435 2486 2485 2526 25

391 2549 578 2633 velle,
635 2569 751 2633 per
796 2547 956 2613 mihi
1001 2552 1256 2634 gratum
1303 2548 1445 2632 erit,
1491 2548 1548 2612 si
1596 2547 1661 2612 id
1706 2548 1948 2612 curaris
1995 2547 2076 2612 ad
2121 2568 2222 2612 me
2269 2569 2406 2632 per-

393 2637 740 2701 ferendum.

568 2723 736 2800 Quid
781 2729 880 2790 est
925 2726 1294 2809 praeterea?
1368 2722 1553 2789 Nihil
1599 2744 1752 2789 sane
1785 2723 1915 2788 nisi
1950 2723 2128 2788 illud.
2203 2721 2406 2789 Valde

387 2837 489 2879 me
527 2812 820 2879 Athenae
866 2813 1262 2878 delectarunt
1309 2813 1468 2877 urbe
1512 2813 1850 2878 dumtaxat
1896 2815 1961 2876 et
2005 2811 2187 2877 urbis
2226 2834 2405 2876 orna·

391 2905 606 2966 mento
670 2907 736 2966 et
797 2900 1132 2966 hominum
1206 2923 1421 2966 amore
1473 2902 1543 2966 in
1597 2905 1661 2966 te
1717 2906 1783 2965 et
1836 2901 1906 2965 in
1957 2921 2079 2965 nos
2135 2901 2407 2985 quadam
2433 2928 2484 2968 ao

392 2991 862 3075 benevolentia3
924 2992 971 3070 †
1036 2990 1147 3054 sed
1210 2991 1487 3054 multum
1553 3012 1627 3054 ea
1686 2988 2097 3074 philosophia
2153 3011 2405 3053 sursum

390 3078 713 3162 deorsum,
769 3079 825 3143 si
880 3078 1136 3163 quidem
1196 3081 1296 3142 est
1343 3079 1412 3142 in
1457 3077 1708 3163 Aristo,
1765 3077 1933 3162 apud
1980 3099 2170 3162 quem
2216 3098 2404 3142 eram.

391 3165 562 3232 Nam
606 3166 937 3232 Xenonem
992 3170 1178 3231 tuum
1221 3165 1326 3231 vel
1369 3171 1665 3231 nostrum
1710 3167 1929 3251 potius
1976 3166 2218 3243 Quinto
2264 3186 2406 3231 con·

393 3275 721 3340 cesseram,
758 3260 823 3320 et
858 3260 1071 3319 tamen
1110 3259 1375 3339 propter
1402 3256 1798 3356 vicinitatem
1834 3257 2010 3319 totos
2048 3255 2183 3319 dies
2214 3255 2405 3319 simul

393 3364 662 3408 eramus.
754 3343 854 3407 Tu
900 3343 1112 3428 velim,
1155 3365 1301 3407 cum
1345 3342 1625 3428 primum
1668 3343 1932 3428 poteris,
1977 3348 2092 3408 tua
2138 3344 2405 3408 consilia
2430 3369 2476 3410 31

392 3430 472 3494 ad
516 3452 619 3495 me
665 3430 935 3516 scribas,
989 3435 1064 3495 ut
1110 3433 1324 3516 sciam,
1384 3431 1538 3516 quid
1585 3451 1756 3517 agas,
1802 3431 1917 3495 ubi
1962 3452 2216 3516 quoque
2263 3437 2405 3496 tem-

382 3539 553 3599 pore,
599 3519 873 3584 maxime
919 3519 1173 3603 quando
1221 3518 1465 3585 Romae
1509 3520 1767 3585 futurus
1814 3521 1922 3586 sis.
