2642 3923
344 215 473 280 258
982 214 1054 269 Μ.
1095 215 1308 270 TULLI
1347 214 1724 271 CICERONIS

346 363 470 445 tus,
524 381 667 424 cum
724 380 799 424 ea
850 364 993 423 tota
1049 360 1244 423 armis
1290 359 1754 443 praesidiisque
1799 363 2111 445 teneatur,
2155 359 2368 425 hieme

343 448 733 532 praesertim.
833 445 1029 533 Nam,
1092 448 1146 511 si
1209 447 1602 512 commodius
1667 448 1816 510 anni
1870 451 2122 530 tempus
2177 452 2367 535 esset,

343 537 447 600 vel
488 536 694 600 infero
741 536 904 600 mari
949 535 1170 601 liceret
1217 535 1331 599 uti.
1405 534 1594 600 Nunc
1638 535 1804 600 nihil
1847 540 2065 618 potest
2101 536 2227 600 nisi
2263 558 2365 600 su-

345 646 498 707 pero
537 623 833 707 tramitti,
879 645 1006 707 quo
1044 624 1168 689 iter
1205 623 1621 688 interclusum
1658 628 1772 688 est.
1847 621 2123 699 Quaeres
2161 624 2366 709 igitur

347 717 412 777 et
458 713 534 776 de
579 711 867 777 Domitio
915 717 979 775 et
1024 712 1100 776 de
1146 711 1439 777 Lentulo,
2425 739 2451 779 5

479 800 539 864 A
584 800 926 864 Brundisio
973 800 1150 864 nulla
1198 800 1402 864 adhuc
1445 800 1616 865 fama
1660 804 1938 885 venerat,
1984 804 2048 864 et
2083 805 2222 865 erat
2256 800 2364 864 hic

346 888 479 953 dies
527 906 625 952 VII
670 887 839 973 Idus,
900 910 1026 971 quo
1075 889 1177 953 die
1223 888 1708 973 suspicabamur
1753 893 1865 952 aut
1910 888 2115 971 pridie
2161 888 2364 952 Brun-

346 977 581 1041 disium
624 977 873 1041 venisse
920 974 1270 1041 Caesarem.
1355 975 1521 1041 Nam
1570 976 1708 1041 Kal.
1783 975 1978 1060 Arpis
2024 981 2361 1041 manserat.

346 1064 486 1148 Sed,
560 1065 618 1129 si
678 1064 1057 1129 Postumum
1131 1064 1347 1129 audire
1418 1064 1614 1130 velles
1627 1117 1644 1151 ‚
1715 1067 2164 1148 persecuturus
2227 1070 2365 1129 erat

347 1151 660 1237 Gnaeum3
726 1153 1033 1216 transisse
1091 1153 1260 1216 enim
1305 1153 1434 1217 iam
1480 1152 1752 1237 putabat
1797 1153 2161 1217 coniectura
2207 1156 2361 1217 tem·
2394 1181 2450 1219 ιο

344 1246 668 1326 pestatum
724 1262 796 1305 ac
852 1240 1113 1305 dierum.
1197 1241 1349 1325 'Ego
1406 1245 1636 1305 nautas
1692 1263 1836 1305 eum
1877 1262 2009 1305 non
2057 1242 2361 1325 putabam

345 1329 747 1411 habiturum,
801 1329 910 1392 ille
966 1328 1326 1392 confidebat
1382 1334 1446 1393 et
1500 1352 1575 1394 eo
1629 1330 1863 1413 magiS‚
1918 1330 2089 1412 quod
2142 1330 2362 1394 audita

343 1417 750 1481 naviculariis
811 1416 1092 1480 hominis
1156 1416 1512 1480 liberalitas
1578 1422 1759 1482 esset.
1861 1417 2013 1500 Sed,
2065 1421 2205 1482 tota
2258 1440 2359 1483 res

345 1505 732 1569 Brundisina
786 1525 913 1591 quo
972 1506 1161 1569 modo
1219 1505 1455 1570 habeat
1510 1526 1604 1590 se,
1658 1505 1899 1570 diutius
1946 1506 2186 1571 nescire
2231 1528 2363 1570 non

344 1615 2449 1677 possumus

1293 1767 1404 1834 IV.

726 1890 837 1946 Ser.
872 1891 1117 1946 Formiis
1152 1892 1252 1946 IV
1280 1892 1367 1945 Id.
1402 1890 1574 1946 Mart.
1607 1908 1658 1945 a.
1690 1894 1798 1945 705
1837 1894 1974 1958 (49).

945 2014 1232 2070 CICERO
1268 2014 1558 2070 ATTICO
1593 2013 1755 2070 SAL.

477 2122 622 2207 Ego
681 2123 802 2187 etsi
857 2126 991 2187 tam
1045 2122 1153 2186 (1111
1207 2121 1564 2206 requiesco,
1619 2143 1831 2205 quam.
1856 2122 1966 2187 diu
2010 2129 2123 2187 aut
2169 2124 2246 2187 ad
2294 2129 2359 2187 te

348 2211 558 2276 scribo
620 2215 732 2274 aut
786 2214 930 2274 tuas
984 2210 1234 2274 litteras
1280 2210 1424 2293 lego
1435 2262 1452 2293 ‚
1507 2215 1722 2274 tamen
1767 2214 1832 2273 et
1877 2210 2014 2293 ipse
2061 2232 2215 2296 egeo
2264 2234 2359 2292 ar·
2390 2238 2450 2276 20

346 2303 651 2384 gumento
707 2298 1125 2383 epistularum
1181 2302 1246 2362 et
1289 2298 1415 2362 tibi
1459 2298 1627 2361 idem
1674 2298 1952 2362 accidere
1988 2304 2163 2364 certo
2209 2300 2357 2365 scio,

348 2386 519 2462 Quae
575 2387 744 2452 enim
791 2387 1003 2451 soluto
1050 2386 1261 2449 animo
1307 2386 1708 2450 familiariter
1754 2387 1943 2450 scribi
1995 2388 2228 2474 solent,
2285 2410 2359 2452 ea

347 2475 745 2559 temporibus
798 2474 901 2538 his
956 2474 1405 2557 excluduntur,
1457 2496 1617 2558 quae
1674 2478 1888 2538 autem
1934 2481 2085 2540 sunt
2128 2476 2359 2540 horum

346 2569 734 2647 temporum,
798 2584 870 2626 ea
922 2562 1049 2625 iam
1106 2562 1541 2626 contrivimus,
1642 2561 1764 2627 Sed
1817 2566 2059 2649 tamen,
2120 2587 2200 2629 ne
2255 2588 2357 2630 me

346 2656 558 2715 totum
619 2650 1002 2736 aegritudini
1046 2650 1297 2736 dedam,
1351 2652 1596 2734 sumpsi
1641 2650 1801 2715 mihi
1848 2654 2152 2735 quasdam
2198 2657 2358 2717 tam·
2388 2678 2445 2717 25

348 2761 540 2823 quam
585 2738 824 2824 θέσεις,
871 2761 1031 2823 quae
1078 2743 1142 2803 et
1186 2738 1516 2804 πολιτικαὶ
1563 2744 1714 2803 sunt
1749 2743 1813 2803 et
1849 2744 2210 2824 temporum
2245 2741 2358 2806 ho·

347 2850 508 2914 rum,
552 2830 627 2890 ut
672 2831 736 2892 et
773 2827 1078 2891 abducam
1124 2826 1408 2890 animum
1445 2827 1526 2891 ab
1565 2827 1839 2911 querelis
1877 2833 1941 2892 et
1978 2829 2047 2893 in
2082 2851 2155 2894 eo
2195 2829 2358 2914 ipso,

347 2916 423 2980 de
469 2937 596 2999 quo
644 2915 875 3000 agitur,
921 2916 1224 2979 exercear.
1315 2914 1451 2980 Eae
1498 2919 1650 2979 sunt
1692 2915 1882 2980 huius
1928 2917 2125 2982 modi:

469 3005 553 3068 El
607 3002 913 3087 μενετέον
969 3002 1041 3067 ἐν
1094 3011 1174 3090 τῇ
1226 3005 1497 3089 πατρίδι
1551 3004 2087 3089 τυραννουμένης
2140 3006 2356 3089 αὐτῆς.

348 3093 433 3157 El
477 3090 674 3156 παντὶ
721 3094 940 3179 τρόπῳ
978 3092 1374 3177 τυραννίδος
1409 3092 1770 3157 κατάλυσιν
1804 3093 2357 3178 πραγματευτέον,
2387 3119 2447 3159 3ο

348 3179 472 3244 κᾶν
526 3179 727 3265 μέλλῃ
786 3181 898 3244 διὰ
953 3189 1148 3245 τοῦτο
1203 3177 1355 3265 περὶ
1413 3190 1548 3244 τῶν
1592 3180 1768 3245 ὅλων
1812 3180 1852 3263 ἡ
1897 3184 2089 3258 πόλις
2131 3183 2360 3247 κινδυ-

348 3269 627 3333 νεύσειν.
716 3270 800 3332 Εἰ
865 3265 1263 3350 εὐλαβητέον
1327 3269 1445 3332 τὸν
1506 3269 1946 3352 καταλύοντα,
2010 3270 2097 3353 μὴ
2162 3269 2359 3346 αὐτὸς

348 3362 625 3438 αἴρηται.
717 3358 801 3420 El
845 3354 1191 3439 πειρατέον
1239 3355 1512 3439 ἀρήγειν
1556 3363 1636 3443 τῇ
1678 3358 1978 3442 πατρίδι
1993 3382 2359 3441 τυραννου-

347 3442 508 3527 μένῃ
563 3451 770 3528 καιρῷ
823 3441 933 3507 καὶ
989 3445 1162 3529 λόγῳ
1219 3447 1471 3527 μᾶλλον
1525 3442 1564 3526 ἢ
1610 3444 1889 3532 πολέμῳ.
1980 3448 2065 3510 Εἰ
2108 3451 2360 3511 πολιτι-

346 3530 466 3593 κὸν
538 3529 611 3593 τὸ
684 3530 1031 3613 ἡσυχαζειν
1103 3531 1618 3615 ἀναχωρήσαντα
1688 3554 1805 3599 ποι
1865 3543 1979 3618 τῆς
2040 3537 2359 3619 πατρίδος
2387 3560 2451 3602 35
