2642 3923
285 814 310 861 1

350 210 483 274 466
998 207 1073 263 Μ.
1103 207 1316 263 TULLI
1354 206 1731 264 CICERONIS

1315 437 1398 506 II.

670 560 785 618 Ser.
812 562 877 617 in
920 562 1184 617 Vesciano
1221 561 1345 616 XV
1375 562 1499 616 Kal.
1530 562 1660 616 Iun.
1689 579 1742 617 a.
1774 565 1882 617 710
1918 564 2057 631 (44).

958 684 1248 740 CICERO
1282 685 1574 740 ATTICO
1609 684 1773 740 SAL.

485 811 582 859 xv
635 792 776 858 Kal
832 814 866 856 0
932 790 1319 858 Sinuessano
1384 793 1792 877 proficiscens
1855 815 1999 857 cum
2056 793 2381 860 dedissem

354 882 434 946 ad
493 886 560 946 te
622 882 873 945 litteras
933 881 1470 965 devertissemque
1523 882 1569 965 †
1588 883 1864 965 acutius,
1928 883 1997 946 in
2051 881 2375 948 Vesciano
2437 913 2467 954 5

354 971 564 1053 accepi
602 993 639 1033 a
674 969 1012 1033 tabellario
1049 973 1195 1034 tuas
1232 971 1513 1056 litteras3
1556 972 1626 1034 in
1664 970 1898 1054 quibus
1932 970 2126 1035 nimis
2161 972 2379 1037 multa

354 1060 431 1122 de
477 1057 815 1123 Buthroto
897 1055 961 1120 N
965 1078 1051 1121 on
1094 1058 1266 1122 enim
1310 1059 1437 1122 tibi
1481 1080 1555 1123 ea
1599 1080 1702 1122 res
1749 1059 1980 1122 maiori
2025 1081 2209 1123 curae
2255 1066 2377 1124 aut

354 1150 453 1211 est
508 1151 619 1211 aut
673 1146 795 1210 erit
853 1167 1046 1229 quam
1098 1146 1276 1211 1111111.
1369 1146 1475 1211 Sic
1530 1147 1699 1211 enim
1746 1147 1923 1211 decet
1967 1151 2036 1212 te
2079 1169 2219 1211 mea
2265 1170 2377 1212 cu·

352 1257 512 1317 rare,
556 1238 671 1298 tua
715 1256 833 1298 me.
909 1233 1112 1309 Quam
1161 1234 1242 1298 ob
1287 1256 1425 1298 rem
1469 1234 1536 1298 id
1581 1235 1836 1319 quidem
1874 1236 1966 1299 sic
2003 1241 2374 1319 susceptum

354 1329 452 1388 est
497 1322 675 1406 mihi,
719 1326 793 1386 ut
836 1322 1003 1386 nihil
1048 1323 1171 1386 sim
1215 1323 1557 1388 habiturus
1603 1323 1947 1406 antiquius.
2404 1354 2460 1393 ιο

487 1409 555 1475 L.
593 1409 948 1474 Antonium
997 1412 1440 1475 contionatum
1475 1432 1615 1477 esse
1650 1413 1923 1495 cognovi
1958 1412 2092 1476 tuis
2128 1412 2370 1476 litteris

355 1503 421 1564 et
457 1499 600 1563 aliis
639 1498 915 1583 sordide3
963 1499 1092 1584 sed,
1135 1499 1203 1564 id
1238 1499 1425 1583 quale
1461 1499 1675 1582 fuerit,
1709 1501 1952 1585 nesci03
1995 1500 2163 1564 nihil
2198 1502 2374 1564 enim

356 1587 689 1670 scripsisti.
797 1585 895 1650 De
958 1587 1329 1651 Menedemo
1395 1587 1608 1671 probe.
1719 1586 1998 1664 Quintus
2063 1593 2232 1652 certe
2297 1611 2375 1652 ea

357 1676 636 1762 dictitat,
690 1696 852 1758 quae
899 1676 1144 1739 scribis.
1236 1674 1595 1740 Consilium
1639 1697 1851 1740 meum
1897 1699 1935 1740 a
1980 1682 2044 1742 te
2090 1677 2374 1761 probari,

358 1763 530 1847 quod
575 1785 650 1828 ea
693 1785 827 1828 non
870 1764 1161 1848 scribam,
1209 1785 1372 1847 quae
1417 1768 1492 1826 tu
1537 1786 1575 1827 a
1619 1785 1721 1828 me
1766 1765 2138 1851 postularis,
2182 1765 2373 1830 facile
2402 1794 2450 1834 1⁵

356 1853 586 1935 patior,
629 1852 963 1935 multoque
1006 1852 1214 1937 magis
1250 1852 1317 1915 id
1353 1852 1678 1935 probabis,
1726 1853 1779 1916 si
1819 1853 2174 1918 orationem
2211 1875 2373 1939 eam,

358 1940 433 2005 de
480 1963 606 2024 qua
648 1939 838 2005 hodie
883 1939 964 2005 ad
1009 1944 1075 2005 te
1121 1940 1367 2025 scripsi,
1420 1940 1669 2025 legeris
1763 1939 1937 2017 Quae
1982 1941 2059 2005 de
2103 1942 2373 2027 legioni-

357 2030 479 2093 bus
538 2029 790 2113 scribis,
853 2051 927 2093 ea
984 2051 1134 2092 vera
1188 2033 1355 2093 sunt.
1449 2027 1574 2093 Sed
1629 2052 1760 2094 non
1816 2030 1974 2094 satis
2030 2030 2159 2096 hoc
2206 2030 2374 2095 mihi

356 2117 589 2181 videris
636 2117 759 2180 tibi
805 2118 1223 2202 persuasisse,
1278 2117 1391 2201 qui
1435 2117 1511 2181 de
1556 2117 1921 2182 Buthrotiis
1964 2120 2209 2183 nostris
2254 2139 2374 2203 per

358 2209 650 2269 senatum
706 2227 920 2288 speres
975 2206 1199 2269 confici
1261 2227 1477 2290 posse,
1530 2206 1764 2289 †quod
1819 2211 1996 2288 puto.
2087 2206 2373 2271 Tantum
2402 2236 2457 2274 20

357 2293 524 2358 enim
571 2293 776 2379 video,
818 2315 952 2357 non
994 2293 1282 2357 videmur
1330 2314 1467 2358 esse
1502 2294 1754 2381 victuri,
1800 2294 1927 2379 sed,
1973 2299 2046 2358 ut
2083 2296 2212 2359 iam
2248 2317 2373 2360 nos

355 2380 478 2445 hoc
522 2381 727 2466 fallat,
770 2380 846 2445 de
890 2380 1214 2445 Buthroto
1261 2386 1326 2445 te
1370 2403 1502 2445 non
1547 2382 1742 2447 fallet.
1818 2381 1914 2446 De
1953 2380 2179 2448 Octavi
2223 2405 2374 2449 con-

356 2470 530 2533 tione
576 2469 745 2532 idem
791 2470 1001 2534 sentio
1039 2470 1210 2553 quod
1246 2474 1340 2552 tu,
1384 2469 1808 2554 ludorumque
1845 2471 1982 2535 eius
2020 2475 2374 2555 apparatus

355 2561 420 2622 et
464 2557 704 2621 Matius
743 2579 815 2621 ac
848 2556 1194 2622 Postumus
1231 2520 1391 2621 1111111
1438 2563 1883 2640 procuratores
1919 2581 2048 2635 non
2087 2560 2374 2643 placent3

356 2643 627 2710 Saserna
671 2645 917 2730 collega
960 2646 1209 2730 dignus.
1285 2643 1409 2710 Sed
1454 2646 1565 2711 isti
1605 2668 1842 2733 omnes,
1890 2669 2081 2730 quem
2117 2647 2197 2710 ad
2233 2655 2372 2712 mo·
2406 2677 2462 2716 25

354 2733 505 2797 dum
551 2734 770 2816 sentis,
813 2755 946 2798 non
988 2733 1203 2798 minus
1251 2735 1458 2798 otium
1503 2735 1736 2799 timent
1783 2757 1975 2819 quam
2015 2757 2136 2799 nos
2175 2758 2374 2802 arma.

353 2821 629 2885 Balbum
673 2822 873 2886 levari
919 2822 1160 2886 invidia
1203 2844 1317 2904 per
1361 2843 1482 2886 nos
1527 2822 1738 2909 velim,
1785 2824 1894 2888 sed
1937 2845 2019 2887 ne
2053 2824 2194 2906 ipse
2230 2825 2377 2907 qui-

355 2910 497 2973 dem
543 2910 607 2973 id
652 2909 793 2974 fieri
837 2932 1027 2993 posse
1071 2910 1350 2974 confidit
1442 2908 1669 2994 Itaque
1715 2912 1840 2976 alia
1885 2912 2145 2996 cogita-t

486 2996 668 3072 Quod
706 2998 913 3081 prima
952 2998 1305 3081 disputatio
1335 2998 1694 3062 Tusculana
1729 3003 1794 3064 te
1832 3000 2187 3083 confirmat,
2215 3021 2375 3064 sane

354 3085 627 3170 gaudeo,
689 3107 895 3169 neque
950 3087 1118 3149 enim
1172 3086 1378 3150 ullum
1432 3091 1528 3151 est
1572 3088 1939 3173 perfugium
1984 3092 2095 3152 aut
2138 3087 2372 3152 melius
2406 3117 2466 3157 so

353 3178 465 3237 aut
519 3174 825 3257 paratius.
916 3173 1205 3238 Flamma
1260 3173 1431 3258 quod
1477 3174 1638 3238 bene
1681 3176 1999 3259 loquitur,
2053 3197 2186 3239 non
2229 3198 2375 3241 mo-

352 3262 513 3326 leste
556 3262 710 3326 fero.
784 3261 1367 3345 Tyndaritanorum
1413 3284 1620 3346 causa,
1667 3263 1743 3327 de
1788 3273 1916 3347 qua
1961 3286 2152 3328 causa
2195 3264 2378 3329 labo-

354 3353 482 3435 rat,
544 3371 706 3433 quae
772 3351 885 3433 sit,
947 3351 1194 3435 1811010.
1297 3350 1438 3415 Hos
1493 3355 1708 3415 tamen
1762 3351 1815 3416 ³¹⁸.
1919 3350 2380 3419 Πεντέλοιπον

353 3459 608 3516 movere
650 3438 780 3501 ista
825 3437 1140 3523 videntur,
1173 3439 1254 3502 111
1291 3439 1515 3522 primis
1553 3440 1841 3526 erogatio
1880 3441 2199 3524 pecuniae.
2273 3440 2378 3507 De

352 3511 666 3589 Alexione
714 3525 917 3612 doleo,
962 3527 1089 3611 sed,
1137 3527 1442 3609 quoniam
1487 3528 1851 3593 inciderat
1832 3551 1903 3593 111
1938 3533 2073 3594 tam
2109 3550 2374 3614 gravem
2406 3558 2468 3598 31»
