2642 3923
316 208 351 271 7
357 207 398 272 6
954 207 1028 263 Μ.
1067 206 1280 262 TULLI
1315 206 1691 263 CICERONIS

313 350 511 416 fundo
558 348 800 436 Siccae,
853 352 1231 436 praesertim
1284 351 1570 416 nondum
1629 352 1964 437 rogatione
2029 356 2331 439 correcta,

315 443 381 504 et
454 439 649 504 simul
718 439 1173 525 intellegebam
1237 462 1314 506 ex
1381 462 1454 505 eo
1519 441 1688 525 1000,
1761 440 1816 504 si
1880 444 1946 505 te
2008 439 2331 526 haberem,
2431 477 2435 481 -

314 549 503 612 posse
547 549 651 593 me
695 527 1113 592 Brundisium
1157 528 1413 612 referre,
1459 529 1596 594 sine
1643 532 1708 593 te
1754 532 1969 593 autem
2011 549 2145 593 non
2191 550 2330 594 esse

314 616 502 680 nobis
547 616 694 681 illas
740 620 955 699 partes
992 616 1300 681 tenendas
1337 621 1602 701 propter
1640 615 2048 681 Autronium.
2124 615 2330 703 Nunc,

317 709 388 768 ut
443 705 524 769 ad
575 708 641 770 te
698 707 885 770 antea
940 705 1195 789 scripsi,
1252 706 1306 769 si
1364 705 1444 769 ad
1494 726 1615 771 nos
1658 706 1937 790 veneris,
1989 705 2329 770 consilium
2384 731 2415 770 τ»

316 793 518 858 totius
582 792 677 858 rei
736 793 1076 877 capiemus,
1180 791 1314 858 Iter
1380 815 1518 859 esse
1582 793 1928 858 molestum
1993 794 2123 858 scio
2134 846 2152 880 ,
2221 793 2331 858 sed

317 885 456 945 tota
501 881 831 945 calamitas
879 902 1099 946 omnes
1144 882 1475 947 molestias
1520 881 1732 946 habet.
1814 880 2007 945 Plura
2053 883 2330 947 scribere

315 989 448 1035 non
485 991 779 1054 possum3
813 970 908 1033 ita
950 991 1093 1034 sum
1130 969 1345 1035 animo
1381 970 1669 1054 perculso
1709 972 1775 1034 et
1812 969 2078 1036 abiecto.
2144 968 2332 1055 Cura,

318 1061 392 1122 ut
435 1057 664 1124 valeas.
755 1056 927 1122 Data
975 1075 1047 1121 vl
1093 1055 1246 1122 Idus
1290 1056 1548 1142 Apriles
1595 1055 1816 1122 Narib.
1863 1056 2013 1123 Luc.

1266 1232 1380 1299 IH.
2363 1260 2417 1300 ιο

629 1354 743 1411 Sor.
781 1357 846 1410 in
881 1356 1072 1411 itinere
1108 1356 1233 1410 circ.
1271 1356 1421 1410 Non.
1458 1356 1599 1425 Apr.
1636 1374 1688 1411 a.
1729 1360 1841 1411 696
1877 1358 2017 1424 (58).

957 1476 1212 1534 CICERO
1250 1477 1513 1534 ATTICO
1553 1478 1695 1533 SAL

453 1584 720 1651 Utinam
764 1587 950 1651 illum
992 1586 1160 1651 diem
1196 1587 1466 1672 videam,
1509 1608 1654 1652 cum
1690 1587 1815 1652 tibi
1853 1607 2040 1672 agam
2077 1587 2339 1673 gratias,

322 1675 496 1760 quod
547 1697 650 1740 me
712 1676 926 1739 vivere
991 1675 1281 1760 coegisti!
1373 1675 1579 1740 adhuc
1651 1674 1908 1758 quidem
1979 1675 2163 1740 valde
2232 1696 2337 1740 me

322 1762 622 1847 paenitet.
715 1761 840 1828 Sed
887 1767 950 1828 te
999 1785 1140 1849 oro,
1194 1768 1268 1828 ut
1323 1764 1404 1828 ad
1448 1785 1551 1828 me
1595 1762 1918 1828 Vibonem
1966 1763 2190 1828 statim
2234 1785 2334 1829 ve·
2367 1789 2419 1829 ιε

320 1851 492 1938 nias,
555 1873 683 1935 quo
739 1873 857 1937 ego
913 1852 1138 1917 multis
1192 1852 1269 1917 de
1325 1852 1534 1917 causis
1589 1852 1875 1917 converti
1927 1851 2053 1916 iter
2107 1873 2334 1917 meum.

323 1938 476 2027 Sed,
530 1961 604 2006 eo
659 1938 716 2005 si
766 1938 1046 2027 ‘veneris,
1105 1940 1181 2006 de
1228 1945 1371 2006 toto
1417 1940 1647 2006 itinere
1692 1961 1764 2005 ac
1808 1939 1963 2025 fuga
2008 1963 2149 2004 mea
2193 1961 2338 2005 con-

323 2029 539 2094 silium
585 2051 808 2114 capere
851 2033 1095 2113 potero.
1187 2026 1258 2093 Si
1303 2029 1370 2093 id
1412 2050 1546 2093 non
1581 2029 1827 2114 feceris,
1870 2029 2183 2114 mirabor-3
2229 2028 2336 2095 sed

321 2116 572 2183 confido
619 2122 685 2182 te
730 2138 870 2183 esse
913 2117 1249 2182 facturum.

1271 2292 1383 2359 IV.
2367 2319 2423 2359 so

321 2414 436 2471 Sor.
473 2416 538 2469 m
571 2415 765 2469 etima
799 2415 944 2471 inter
972 2416 1227 2471 Vibonem
1262 2422 1314 2470 et
1340 2415 1711 2471 Brundisiwm
1741 2420 1866 2483 post
1900 2430 1980 2484 ep.
2012 2417 2048 2468 5
2083 2413 2170 2467 Id.
2200 2399 2339 2483 Apr.

1138 2520 1189 2557 a.
1230 2506 1343 2557 696
1380 2506 1520 2571 (58).

959 2624 1214 2681 CICERO
1253 2623 1515 2679 ATTICO
1555 2624 1702 2681 SAL.

454 2732 751 2800 Miserias
803 2738 1063 2799 nostrae
1116 2735 1335 2819 potius
1390 2733 1583 2800 velim
1636 2755 1827 2819 quam
1872 2732 2342 2798 inconstantiae

321 2822 600 2908 tribuas,
655 2823 827 2906 quod
874 2846 911 2887 a
954 2821 1236 2907 Vibone,
1282 2844 1411 2923 quo
1456 2826 1522 2887 te
1568 2821 2070 2906 arcessebamus,
2123 2820 2341 2886 subito
2372 2849 2424 2888 2⁵

323 2910 750 2976 discessimus.
825 2911 1045 2976 Allata
1091 2915 1188 2975 est
1227 2931 1397 2975 emm
1433 2910 1623 2974 nobis
1661 2909 1914 2995 rogatio
1953 2909 2031 2974 de
2066 2910 2344 2993 pernicie

322 3020 488 3082 mea3
550 2999 617 3063 in
680 3021 808 3083 qua
867 2999 1039 3083 quod
1098 3004 1456 3064 correctum
1516 3019 1658 3064 esse
1712 2997 2145 3083 audieramus,
2209 3004 2347 3064 erat

323 3086 460 3152 eius
512 3087 713 3172 modi,
775 3092 850 3151 ut
904 3087 1067 3152 mihi
1122 3088 1296 3152 ultra
1360 3108 1487 3170 qua
1568 3087 1581 3100 ⁰
1679 3090 1830 3151 enta
1889 3085 2067 3150 milia
2126 3085 2346 3151 liceret

324 3196 489 3259 esse,
543 3175 660 3239 ino
715 3177 1047 3259 pervenire
1105 3196 1239 3241 non
1292 3175 1531 3240 liceret.
1673 3174 1863 3239 tatim
1908 3175 2033 3239 iter
2077 3173 2346 3238 Brundi-

325 3263 493 3327 sium
531 3285 751 3327 versus
788 3264 1036 3329 contuli
1083 3268 1232 3328 ante
1278 3264 1446 3328 diem
1493 3263 1870 3348 rogationis,
1911 3284 1995 3327 ne
2042 3266 2106 3327 et
2152 3260 2348 3345 Sicca,
2376 3289 2430 3329 ω

323 3349 493 3434 apud
550 3372 740 3434 quem
797 3373 997 3437 eram,
1050 3352 1318 3437 periret,
1373 3355 1439 3418 et
1495 3351 1667 3437 quod
1711 3351 1971 3416 Melitae
2027 3372 2162 3417 esse
2216 3372 2346 3416 non

322 3437 574 3503 licebat.
684 3436 875 3504 Nunc
938 3443 1012 3505 tu
1084 3460 1385 3524 propera,
1462 3444 1537 3504 ut
1606 3460 1727 3504 nos
1803 3460 2219 3524 consequare,
2292 3442 2347 3502 si

324 3525 515 3591 modo
552 3524 950 3609 recipiemur.
1025 3525 1255 3591 Adhuc
1291 3527 1644 3592 invitamur
1679 3526 1975 3613 benigne,
2011 3527 2142 3613 sed,
2178 3527 2352 3612 quod
