2642 3923
330 223 461 289 478
968 222 1041 277 M.
1080 221 1292 276 TULLI
1328 220 1707 276 CICERONIS

331 365 697 432 cissimam‘?
759 363 890 430 Res
927 363 1386 448 Hispanienses
1423 363 1606 428 valde
1641 365 1868 450 bonae,
1902 365 2094 429 modo
2131 363 2353 429 Balbi-

330 455 493 519 lium
537 454 917 519 incolumem
953 454 1219 537 videam,
1264 452 1626 516 subsidium
1670 457 1932 517 nostrae
1975 453 2348 517 senectutis.
2461 487 2470 496 ·

332 544 379 626 †
396 542 494 607 De
538 541 837 606 Anniano
881 541 1041 605 item
1095 540 1265 625 quod
1319 563 1422 605 me
1475 541 1657 604 valde
1712 540 2011 605 observat
2055 541 2348 605 Visellia.

334 629 460 696 Sed
516 631 673 695 haec
737 630 994 714 quidem
1047 629 1343 693 humana.
1433 627 1530 692 De
1585 628 1789 693 Bruto
1845 632 1912 693 te
1962 629 2130 693 nihil
2184 630 2351 693 seire

335 719 510 803 diois,
556 718 666 782 sed
704 715 974 782 Servilia
1018 717 1267 781 venisse
1313 716 1398 780 Μ.
1438 714 1787 801 Scaptium,
1829 718 1876 797 †
1896 739 2168 800 eumque
2211 739 2350 781 non
2409 743 2438 784 ε

334 830 461 891 qua
505 829 764 893 pompa,
819 806 900 871 ad
944 826 1012 869 se
1055 810 1271 869 tamen
1316 805 1479 869 clam
1523 809 1866 869 venturum
1912 805 2352 888 sciturumque

332 917 434 960 me
499 896 739 980 omnia3
804 916 965 978 quae
1031 915 1150 978 ego
1206 894 1445 957 statim.
1544 892 1796 958 Interea
1853 898 2073 957 narrat
2129 894 2351 957 eadem

333 982 520 1047 Bassi
576 1005 831 1046 servum
884 981 1161 1066 venisse,
1216 981 1327 1065 qui
1371 982 1700 1045 nuntiaret
1742 981 2028 1064 legiones
2073 981 2350 1045 Alexan-

334 1072 549 1135 drinas
595 1072 666 1135 in
711 1071 905 1134 armis
952 1092 1107 1154 esse,
1144 1034 1425 1133 ²Bassum
1472 1091 1645 1133 arces
1648 1070 1723 1153 si,
1760 1067 2057 1133 Cassium
2093 1091 2351 1153 exspec-

334 1160 476 1225 tari.
580 1159 746 1236 Quid
810 1159 1107 1243 quaeris?
1195 1157 1449 1222 videtur
1510 1179 1611 1221 res
1676 1158 1932 1241 publica
1988 1159 2090 1221 ius
2156 1180 2349 1222 suum
2377 1183 2436 1223 10

334 1252 795 1332 recuperatura.
890 1244 1013 1310 Sed
1065 1267 1145 1309 ne
1202 1246 1356 1329 quid
1403 1250 1564 1309 ante.
1654 1244 1849 1309 Nosti
1892 1245 2128 1310 horum
2174 1268 2349 1310 exer-

334 1336 706 1400 citationem
749 1336 818 1399 in
861 1334 1200 1398 latrocinio
1248 1338 1311 1397 et
1359 1334 1716 1398 amentiam.

267 1443 295 1490 5
465 1422 829 1507 Dolabella,
891 1423 988 1486 vir
1044 1422 1356 1506 optimus,
1428 1422 1577 1506 etsi,
1638 1443 1781 1485 cum
1839 1422 2198 1486 scribebam
2254 1444 2352 1486 se—

333 1512 538 1576 cunda
574 1533 793 1576 mensa
831 1510 1140 1595 adposita,
1180 1510 1431 1574 venisse
1466 1532 1611 1574 eum
1650 1510 1729 1573 ad
1764 1508 1957 1575 Baias
1994 1510 2350 1596 audiebam,

332 1604 549 1664 tamen
593 1600 674 1664 ad
719 1621 820 1663 me
865 1620 942 1662 ex
980 1598 1323 1662 Formiano
1369 1599 1646 1682 scripsit,
1692 1619 1851 1681 quas
1887 1599 2157 1683 litteras,
2201 1621 2352 1662 cum
2379 1623 2431 1664 ιε

334 1710 368 1753 e
412 1688 666 1753 balineo
711 1688 1011 1772 exissem,
1065 1687 1304 1771 accepi,
1359 1708 1496 1750 sese
1541 1687 1617 1750 de
1662 1687 2085 1750 attributione
2131 1687 2352 1751 omnia

333 1799 584 1841 summa
626 1776 870 1841 fecisse.
933 1773 1301 1840 Vettienum
1353 1779 1606 1838 accusat
1650 1772 1951 1860 (tricatur
1995 1774 2236 1838 scilicet
2273 1779 2352 1839 ut

333 1862 731 1951 monetalis),
790 1864 902 1928 sed
948 1864 1040 1926 ait
1084 1867 1297 1926 totum
1342 1864 1676 1948 negotium
1724 1860 2004 1926 Sestium
2051 1867 2351 1927 nostrum

335 1954 719 2038 suscepisse,
791 1952 1105 2036 optimum
1180 1951 1435 2035 quidem
1496 1951 1680 2016 illum
1743 1951 1952 2015 virum
2014 1951 2351 2035 nostrique

334 2043 858 2107 amantissimum.
959 2039 1206 2115 Quaero
1267 2044 1509 2125 autem,
1576 2040 1729 2123 quid
1783 2039 2039 2103 tandem
2097 2039 2348 2105 Sestius
2378 2067 2432 2105 20

332 2132 398 2195 in
462 2131 581 2194 hac
643 2151 712 2194 re
774 2130 978 2193 facere
1032 2128 1269 2213 possit,
1333 2129 1506 2212 quod
1566 2149 1699 2191 non
1762 2128 1972 2211 quivis
2031 2133 2347 2192 nostrum.

334 2217 484 2304 Sed,
539 2220 596 2283 si
642 2217 796 2301 quid
839 2221 1093 2301 praeter
1138 2238 1316 2299 spem
1363 2217 1516 2301 erit,
1569 2217 1781 2300 facieS,
1836 2220 1910 2280 ut
1956 2217 2180 2300 sciam3
2247 2218 2351 2281 sin

333 2312 451 2393 est,
492 2311 567 2371 ut
613 2305 910 2390 arbitror,
953 2305 1284 2389 negotium
1320 2304 1659 2387 perditum,
1696 2305 1934 2368 scribes
1971 2309 2206 2389 tamen,
2241 2326 2349 2369 ne-

334 2417 457 2479 que
500 2395 627 2459 ista
673 2415 775 2458 res
821 2393 1265 2457 commovebit.

266 2503 294 2550 6
466 2482 605 2547 Nos
659 2482 763 2545 hic
821 2486 1325 2567 φιλοσοφοῦμεν
1386 2479 1573 2565 (quid
1626 2480 1793 2544 enim
1849 2478 2094 2566 aliud?)
2151 2484 2216 2543 et
2269 2483 2353 2546 τὰ
2379 2507 2432 2547 25

331 2570 483 2657 περὶ
520 2581 640 2636 τοῦ
677 2572 1089 2652 καθήκοντος
1125 2569 1463 2653 magnifice
1502 2569 1890 2652 explicamus
1920 2579 2354 2653 προσφωνοῦ-

331 2681 576 2743 μενι1110
623 2656 942 2742 Ciceroni3
1006 2679 1133 2741 qua
1186 2657 1262 2721 de
1317 2679 1387 2720 re
1443 2657 1613 2720 enim
1667 2657 1885 2740 potius
1940 2661 2124 2740 pater
2169 2657 2352 2721 filio?
2517 2682 2550 2737 ⁸

330 2746 576 2812 Deinde
622 2747 760 2811 alia.
853 2744 1020 2820 Quid
1065 2745 1363 2829 quaeris?
1428 2745 1708 2808 exstabit
1755 2767 1947 2827 opera
1989 2745 2353 2830 peregrina-

330 2836 529 2900 tionis
566 2835 772 2899 huius,
847 2832 1206 2898 Varronem
1240 2832 1434 2897 hodie
1471 2837 1584 2896 aut
1620 2855 1758 2896 cras
1794 2837 2135 2897 venturum
2168 2837 2354 2916 puta-

337 2925 519 3008 bant3
591 2945 708 3008 ego
774 2926 987 2987 autem
1049 2922 1118 2986 in
1180 2920 1647 3005 Pompeianum
1708 2921 2156 3006 properabam,
2217 2943 2352 2986 non
2380 2948 2435 2987 ω

333 3034 460 3096 quo
518 3012 641 3076 hoc
684 3012 826 3075 loco
875 3010 1216 3093 quicquam
1262 3009 1625 3094 pulchrius,
1680 3010 1790 3073 sed
1836 3010 2352 3094 interpellatores

332 3101 464 3165 illic
509 3100 720 3164 minus
765 3099 1040 3164 molesti.
1114 3096 1236 3162 Sed
1276 3098 1619 3182 perscribe,
1664 3119 1919 3183 quae80,
1964 3119 2127 3182 quae
2162 3120 2355 3162 causa

333 3191 419 3253 sit
465 3188 730 3271 Myrtilo
792 3185 1057 3273 (poenas
1115 3186 1370 3270 quidem
1435 3185 1622 3249 illum
1667 3186 2041 3269 pependisse
2087 3185 2354 3272 audivi),

333 3282 398 3342 et
444 3277 685 3341 satisne
729 3279 966 3360 pateat,
1008 3274 1176 3339 unde
1221 3277 1579 3357 corruptus,

265 3383 292 3430 7
464 3364 640 3429 Haec
684 3386 827 3427 cum
874 3364 1233 3448 scriberem,
1275 3367 1532 3426 tantum
1570 3362 1739 3447 quod
1779 3362 1968 3425 existi
1979 3361 2234 3426 mabam
2272 3362 2352 3425 ad
2378 3388 2433 3428 35

331 3457 397 3516 te
464 3454 816 3517 orationem
862 3474 999 3516 esse
1043 3452 1374 3535 perlatam.
1464 3450 1616 3536 Hui,
1664 3473 1858 3534 quam
1906 3451 2100 3515 timeo
2115 3500 2133 3533 ,
2193 3450 2346 3533 quid

332 3539 685 3604 existimes!
745 3540 893 3604 Etsi
941 3539 1093 3623 quid
1138 3540 1214 3604 ad
1251 3541 1399 3604 me?
1462 3561 1624 3623 quae
1659 3561 1794 3604 non
1836 3539 1921 3603 sit
1955 3539 2128 3603 foras
2163 3538 2348 3620 prod·
