2642 3923
355 191 447 254 20
532 268 537 277 .
997 189 1070 243 M.
1110 187 1323 242 TULLI
1359 189 1736 242 CICERONIS

352 335 649 396 suaserat
695 332 890 396 nullis
927 331 1112 394 illum
1161 330 1479 395 iudicibus
1518 330 1795 416 effugere
1831 353 2039 414 posse,
2086 332 2377 396 contraxi

357 421 500 485 vela
545 420 935 503 perspiciens
973 419 1257 503 inopiam
1303 418 1587 482 iudicum
1621 440 1827 502 neque
1865 418 1997 482 dixi
2036 419 2377 503 quicquam

358 530 476 592 pro
523 508 914 593 testimoniO,
958 508 1084 571 nisi
1133 507 1303 591 quod
1351 511 1486 570 erat
1531 507 1625 570 ita
1671 511 1896 571 notum
1944 512 2134 591 atque
2183 513 2376 572 testa·

358 601 525 680 tum,
584 600 659 660 ut
716 617 846 660 non
906 617 1161 678 possem
1221 595 1581 679 praeterire.
1683 594 1937 678 Itaque,
2004 596 2059 659 si
2119 618 2374 660 causam

356 685 615 768 quaeris
661 684 1115 768 absolutionis,
1170 689 1243 747 ut
1300 684 1427 747 iam
1471 684 1637 766 πρὸς
1681 685 1756 748 τὸ
1802 686 2127 768 πρότερον
2172 706 2369 748 rever·
2428 709 2456 750 ⁵

356 778 485 855 tar,
545 777 794 858 egestas
855 772 1134 836 iudicum
1194 771 1319 835 fuit
1366 776 1431 835 et
1476 772 1825 854 turpitudo.
1919 770 1994 834 Id
2039 777 2251 836 autem
2300 777 2375 837 ut

358 861 700 945 accideret,
756 861 1167 924 commissum
1213 865 1312 924 est
1359 859 1666 923 Hortensi
1713 860 2009 942 consili0,
2057 861 2167 943 qui
2222 861 2375 924 dum

359 950 601 1014 veritus
662 954 787 1032 est,
847 971 927 1013 ne
987 947 1207 1012 Fufius
1267 949 1324 1011 ei
1384 948 1513 1031 legi
1572 948 2018 1032 intercederet,
2077 970 2238 1031 quae
2296 971 2373 1013 ex

359 1041 617 1102 senatus
662 1037 955 1102 consulto
1001 1037 1343 1120 ferebatur,
1387 1057 1518 1099 non
1555 1036 1715 1100 vidit
1760 1036 1938 1119 illud,
1985 1036 2187 1100 satius
2236 1059 2374 1102 esse

360 1126 544 1189 illum
601 1125 671 1189 in
727 1125 993 1190 infamia
1051 1125 1326 1207 relinqui
1388 1145 1460 1187 ac
1520 1120 1817 1188 sordibus
1866 1147 2057 1208 quam
2117 1125 2372 1189 infirmo
2402 1152 2456 1190 10

360 1214 594 1278 iudicio
642 1214 985 1295 committi,
1041 1213 1150 1276 sed
1204 1213 1432 1276 ductus
1480 1212 1625 1276 odio
1672 1213 2041 1296 properavit
2093 1235 2227 1277 rem
2275 1214 2373 1277 de·

363 1302 585 1366 ducere
631 1302 699 1365 in
744 1302 1067 1383 iudicium,
1112 1322 1254 1364 cum
1300 1301 1485 1364 illum
1532 1300 1831 1383 plumbeo
1870 1300 2083 1386 gladio
2131 1302 2375 1386 iugula·

365 1395 505 1454 tum
549 1390 630 1453 iri
676 1394 887 1454 tamen
935 1389 1187 1453 diceret.

496 1476 620 1542 Sed
682 1478 987 1541 iudicium
1052 1478 1106 1540 si
1172 1476 1424 1560 quaeris
1489 1476 1675 1559 quale
1733 1476 1957 1563 fuerit,
2014 1477 2373 1542 incredibili

360 1567 564 1649 exitu,
623 1566 714 1630 sic
772 1566 870 1628 uti
926 1586 1096 1628 nunc
1150 1586 1224 1628 ex
1282 1569 1513 1628 eventu
1568 1564 1649 1628 ab
1696 1564 1868 1648 aliis,
1931 1588 1969 1629 a
2013 1587 2115 1630 me
2160 1569 2373 1629 tamen
2404 1593 2456 1632 ιδ

361 1676 437 1718 ex
474 1655 615 1738 ipso
653 1654 841 1717 initio
880 1653 1217 1717 consilium
1257 1652 1564 1716 Hortensi
1601 1651 2115 1735 reprehendatur.
2187 1652 2375 1737 Nam,

361 1746 435 1806 ut
479 1743 739 1807 reiectio
785 1743 955 1806 facta
1013 1745 1112 1805 est
1166 1741 1552 1805 clamoribus
1610 1741 1935 1827 maximis,
1994 1763 2138 1805 cum
2197 1763 2375 1806 accu-
2449 1814 2450 1817 Ἴ

363 1835 537 1895 sator
580 1835 907 1914 tamquam
953 1850 1175 1893 censor
1221 1830 1429 1893 bonus
1477 1828 1767 1893 homines
1811 1830 2241 1913 nequissimos
2281 1852 2376 1894 re-

361 1920 580 2003 iceret,
645 1940 791 1984 reus
854 1922 1182 2002 tamquam
1243 1917 1516 1983 clemens
1575 1916 1811 1982 lanista
1867 1917 2377 2004 frugalissimum

363 2030 679 2092 quemque
725 2011 1104 2090 secerneret,
1164 2010 1238 2070 ut
1296 2006 1574 2089 primum
1635 2006 1871 2071 iudices
1933 2007 2376 2092 consederunt,
2405 2035 2459 2074 20

362 2097 544 2160 valde
605 2096 891 2159 diffidere
949 2095 1104 2159 boni
1163 2099 1521 2177 coeperunt.
1626 2092 1778 2158 Non
1835 2095 2004 2159 enim
2072 2117 2379 2179 umquam

364 2184 613 2267 turpior
660 2184 727 2247 in
771 2183 923 2247 ludo
978 2183 1208 2247 talario
1257 2204 1594 2246 consessus
1637 2182 1790 2265 fuit,
1845 2183 2155 2248 maculosi
2201 2206 2378 2248 sena-

361 2276 562 2357 tores,
615 2272 771 2335 nudi
816 2271 1090 2354 equites,
1145 2270 1390 2334 tribuni
1435 2291 1566 2334 non
1610 2274 1743 2334 tam
1791 2271 1989 2335 aerati
2039 2293 2258 2355 quam,
2304 2277 2378 2336 ut

363 2359 795 2444 appellantur,
850 2359 1090 2423 aerarii.
1183 2358 1377 2422 Pauci
1422 2363 1637 2422 tamen
1682 2359 1837 2422 boni
1881 2359 2158 2443 inerant,
2214 2382 2376 2444 quos

362 2448 701 2512 reiectione
745 2448 970 2531 fugare
1029 2447 1136 2511 ille
1193 2468 1325 2509 non
1383 2451 1707 2530 potuerat,
1771 2447 1882 2530 qui
1935 2449 2164 2512 maesti
2207 2448 2378 2513 inter
2406 2476 2459 2516 25

364 2537 464 2600 sui
531 2536 871 2600 dissimiles
941 2538 1005 2599 et
1071 2538 1425 2599 maerentes
1495 2535 1801 2600 sedebant
1870 2539 1933 2600 et
1998 2538 2379 2621 contagione

363 2624 784 2709 turpitudinis
830 2622 1233 2689 vehementer
1271 2624 1821 2706 permovebantur.
1896 2623 2038 2708 Hic,
2082 2629 2156 2688 ut
2193 2646 2380 2708 quae-

366 2735 489 2797 que
533 2734 634 2777 res
683 2713 762 2776 ad
807 2712 1145 2777 consilium
1189 2712 1415 2795 primis
1470 2711 2014 2794 postulationibus
2069 2712 2379 2777 refereba-

365 2807 500 2885 tur,
564 2800 955 2866 incredibilis
1011 2804 1149 2865 erat
1196 2800 1500 2863 severitas
1556 2800 1734 2863 nulla
1779 2801 2086 2864 varietate
2132 2806 2379 2866 senten-

365 2889 618 2953 tiarum.
693 2887 877 2952 Nihil
903 2888 1291 2973 impetrabat
1319 2910 1484 2971 reuS,
1523 2888 1666 2971 plus
1697 2889 2052 2952 accusatori
2089 2889 2380 2975 dabatur,
2410 2918 2462 2957 30

367 3000 557 3061 quam
604 2977 1000 3061 postulabat3
1045 2976 1487 3059 triumphabat
1525 2976 1707 3061 (quid
1735 2977 1988 3059 quaeris
1999 2974 2062 3063 P)
2106 2976 2382 3043 Horten-

368 3065 502 3130 sius
563 3087 630 3129 se
690 3064 926 3128 vidisse
978 3068 1258 3149 tantum3
1320 3086 1508 3128 nemo
1569 3068 1730 3148 erat,
1791 3065 1903 3148 qui
1959 3064 2143 3128 illum
2201 3089 2383 3131 reum

368 3175 440 3218 ac
490 3174 624 3217 non
680 3153 935 3216 miliens
994 3153 1482 3217 condemnatum
1542 3152 1977 3216 arbitraretur.
2069 3152 2174 3218 Me
2229 3177 2382 3219 vero

366 3245 533 3306 teste
577 3242 888 3325 producto
935 3241 1118 3306 credo
1164 3245 1231 3305 te
1276 3263 1356 3305 ex
1402 3240 1851 3305 acclamatione
1887 3238 2073 3305 Clodi
2120 3242 2383 3308 advoca-

367 3334 582 3393 torum
631 3328 883 3392 audisse
929 3350 1092 3412 quae
1137 3329 1567 3393 consurrectio
1615 3329 1899 3393 iudicum
1943 3329 2115 3393 facta
2160 3330 2263 3414 sit,
2309 3337 2383 3396 ut
2410 3359 2459 3398 35

369 3438 472 3482 me
535 3417 1097 3500 circumsteterint,
1170 3421 1243 3480 ut
1316 3420 1532 3499 aperte
1595 3418 1816 3502 iugula
1880 3439 1997 3481 sua
2058 3440 2175 3502 pro
2239 3442 2381 3484 meo

371 3505 577 3587 capite
637 3504 705 3568 P.
761 3503 987 3568 Clodio
1050 3505 1452 3568 ostentarint.
1558 3503 1733 3580 Quae
1791 3504 1950 3569 mihi
2011 3527 2112 3570 res
2173 3507 2380 3571 multo
