<?xml version="1.0" encoding="UTF-8"?>
<!DOCTYPE html PUBLIC "-//W3C//DTD XHTML 1.0 Transitional//EN"
    "http://www.w3.org/TR/xhtml1/DTD/xhtml1-transitional.dtd">
<html xmlns="http://www.w3.org/1999/xhtml" xml:lang="en" lang="en">
 <head>
  <title>
</title>
<meta http-equiv="Content-Type" content="text/html;charset=utf-8" />
  <meta name='ocr-system' content='tesseract 3.04.00' />
  <meta name='ocr-capabilities' content='ocr_page ocr_carea ocr_par ocr_line ocrx_word'/>
</head>
<body>
  <div class='ocr_page' id='page_1' title='image "./scriptaquaemans00friegoog_0517.png"; bbox 0 0 2642 3923; ppageno 0'>
   <div class='ocr_carea' id='block_1_1' title="bbox 243 228 2262 295">
    <p class='ocr_par' dir='ltr' id='par_1_1' title="bbox 243 228 2262 295">
     <span class='ocr_line' id='line_1_1' title="bbox 243 228 2262 295; baseline 0.005 -11"><span class='ocrx_word' id='word_1_1' title='bbox 243 231 318 285; x_wconf 79' lang='lat' dir='ltr'>M.</span> <span class='ocrx_word' id='word_1_2' title='bbox 357 230 572 284; x_wconf 87' lang='lat' dir='ltr'>TULLI</span> <span class='ocrx_word' id='word_1_3' title='bbox 610 228 990 285; x_wconf 71' lang='lat' dir='ltr'>CICERONIS</span> <span class='ocrx_word' id='word_1_4' title='bbox 1026 230 1249 285; x_wconf 86' lang='lat' dir='ltr'><strong><em>EPIST.</em></strong></span> <span class='ocrx_word' id='word_1_5' title='bbox 1278 231 1379 284; x_wconf 88' lang='lat' dir='ltr'>AD</span> <span class='ocrx_word' id='word_1_6' title='bbox 1408 230 1735 286; x_wconf 85' lang='lat' dir='ltr'><strong><em>ATTICUM</em></strong></span> <span class='ocrx_word' id='word_1_7' title='bbox 1762 232 1864 285; x_wconf 89' lang='lat' dir='ltr'>XII</span> <span class='ocrx_word' id='word_1_8' title='bbox 1894 237 2046 285; x_wconf 83' lang='lat'><strong>1—3.</strong></span> <span class='ocrx_word' id='word_1_9' title='bbox 2133 230 2262 295; x_wconf 85' lang='lat'>353</span> 
     </span>
    </p>
   </div>
   <div class='ocr_carea' id='block_1_2' title="bbox 245 373 2264 723">
    <p class='ocr_par' dir='ltr' id='par_1_2' title="bbox 245 373 2264 723">
     <span class='ocr_line' id='line_1_2' title="bbox 245 373 2264 459; baseline 0 -21"><span class='ocrx_word' id='word_1_10' title='bbox 245 394 398 459; x_wconf 84' lang='lat' dir='ltr'>ergo</span> <span class='ocrx_word' id='word_1_11' title='bbox 447 395 608 459; x_wconf 89' lang='lat' dir='ltr'>opus</span> <span class='ocrx_word' id='word_1_12' title='bbox 657 379 794 438; x_wconf 90' lang='lat' dir='ltr'>erat</span> <span class='ocrx_word' id='word_1_13' title='bbox 840 374 1163 458; x_wconf 76' lang='lat' dir='ltr'>epistula?</span> <span class='ocrx_word' id='word_1_14' title='bbox 1228 373 1422 457; x_wconf 82' lang='lat' dir='ltr'><strong>Quid,</strong></span> <span class='ocrx_word' id='word_1_15' title='bbox 1478 396 1623 438; x_wconf 89' lang='lat' dir='ltr'>cum</span> <span class='ocrx_word' id='word_1_16' title='bbox 1668 396 1882 439; x_wconf 90' lang='lat' dir='ltr'>coram</span> <span class='ocrx_word' id='word_1_17' title='bbox 1930 396 2152 439; x_wconf 87' lang='lat' dir='ltr'>sumus</span> <span class='ocrx_word' id='word_1_18' title='bbox 2199 378 2264 439; x_wconf 91' lang='lat' dir='ltr'>et</span> 
     </span>
     <span class='ocr_line' id='line_1_3' title="bbox 246 462 2264 547; baseline 0 -21"><span class='ocrx_word' id='word_1_19' title='bbox 246 463 585 547; x_wconf 77' lang='lat' dir='ltr'>garrimus,</span> <span class='ocrx_word' id='word_1_20' title='bbox 631 462 934 547; x_wconf 91' lang='lat' dir='ltr'>quicquid</span> <span class='ocrx_word' id='word_1_21' title='bbox 978 462 1049 526; x_wconf 90' lang='lat' dir='ltr'>in</span> <span class='ocrx_word' id='word_1_22' title='bbox 1094 463 1400 527; x_wconf 78' lang='lat' dir='ltr'>buccam?</span> <span class='ocrx_word' id='word_1_23' title='bbox 1464 462 1590 526; x_wconf 87' lang='lat' dir='ltr'>Est</span> <span class='ocrx_word' id='word_1_24' title='bbox 1636 463 1922 546; x_wconf 84' lang='lat' dir='ltr'>profecto</span> <span class='ocrx_word' id='word_1_25' title='bbox 1963 463 2264 546; x_wconf 84' lang='lat' dir='ltr'><strong>quiddam</strong></span> 
     </span>
     <span class='ocr_line' id='line_1_4' title="bbox 247 550 2264 637; baseline -0 -21"><span class='ocrx_word' id='word_1_26' title='bbox 247 550 473 635; x_wconf 77' lang='grc' dir='ltr'><strong><em>λέσχη,</em></strong></span> <span class='ocrx_word' id='word_1_27' title='bbox 530 573 691 635; x_wconf 89' lang='lat' dir='ltr'>quae</span> <span class='ocrx_word' id='word_1_28' title='bbox 745 550 971 637; x_wconf 87' lang='lat' dir='ltr'>habet,</span> <span class='ocrx_word' id='word_1_29' title='bbox 1025 551 1280 615; x_wconf 88' lang='lat' dir='ltr'>etiamsi</span> <span class='ocrx_word' id='word_1_30' title='bbox 1323 550 1492 615; x_wconf 85' lang='lat' dir='ltr'>nihil</span> <span class='ocrx_word' id='word_1_31' title='bbox 1537 551 1785 635; x_wconf 90' lang='lat' dir='ltr'>subest,</span> <span class='ocrx_word' id='word_1_32' title='bbox 1840 550 2264 616; x_wconf 90' lang='lat' dir='ltr'>collocutione</span> 
     </span>
     <span class='ocr_line' id='line_1_5' title="bbox 247 639 834 723; baseline -0.002 -20"><span class='ocrx_word' id='word_1_33' title='bbox 247 639 388 723; x_wconf 89' lang='lat' dir='ltr'>ipsa</span> <span class='ocrx_word' id='word_1_34' title='bbox 434 640 834 704; x_wconf 83' lang='lat' dir='ltr'>suavitatem.</span> 
     </span>
    </p>
   </div>
   <div class='ocr_carea' id='block_1_3' title="bbox 194 796 1933 988">
    <p class='ocr_par' dir='ltr' id='par_1_3' title="bbox 194 796 1933 988">
     <span class='ocr_line' id='line_1_6' title="bbox 194 796 1291 863; baseline -0.002 0"><span class='ocrx_word' id='word_1_35' title='bbox 194 823 221 863; x_wconf 69' lang='grc' dir='ltr'>ε</span> <span class='ocrx_word' id='word_1_36' title='bbox 1209 796 1291 862; x_wconf 93' lang='lat' dir='ltr'>II.</span> 
     </span>
     <span class='ocr_line' id='line_1_7' title="bbox 585 917 1933 988; baseline 0 -14"><span class='ocrx_word' id='word_1_37' title='bbox 585 917 700 974; x_wconf 77' lang='lat' dir='ltr'>Ser.</span> <span class='ocrx_word' id='word_1_38' title='bbox 728 918 938 974; x_wconf 76' lang='lat' dir='ltr'>Romae</span> <span class='ocrx_word' id='word_1_39' title='bbox 972 924 1099 973; x_wconf 63' lang='lat' dir='ltr'>ante</span> <span class='ocrx_word' id='word_1_40' title='bbox 1132 918 1265 973; x_wconf 66' lang='lat' dir='ltr'>med.</span> <span class='ocrx_word' id='word_1_41' title='bbox 1296 935 1363 972; x_wconf 90' lang='lat' dir='ltr'>m.</span> <span class='ocrx_word' id='word_1_42' title='bbox 1394 919 1532 987; x_wconf 78' lang='lat' dir='ltr'>Apr.</span> <span class='ocrx_word' id='word_1_43' title='bbox 1563 936 1613 974; x_wconf 87' lang='lat' dir='ltr'>a.</span> <span class='ocrx_word' id='word_1_44' title='bbox 1646 922 1758 973; x_wconf 79' lang='lat'>708</span> <span class='ocrx_word' id='word_1_45' title='bbox 1795 923 1933 988; x_wconf 78' lang='lat'><em>(46).</em></span> 
     </span>
    </p>
   </div>
   <div class='ocr_carea' id='block_1_4' title="bbox 854 1040 1670 1097">
    <p class='ocr_par' dir='ltr' id='par_1_4' title="bbox 854 1040 1670 1097">
     <span class='ocr_line' id='line_1_8' title="bbox 854 1040 1670 1097; baseline 0 -1"><span class='ocrx_word' id='word_1_46' title='bbox 854 1041 1143 1096; x_wconf 77' lang='lat' dir='ltr'><strong><em>CICERO</em></strong></span> <span class='ocrx_word' id='word_1_47' title='bbox 1176 1040 1469 1096; x_wconf 77' lang='lat' dir='ltr'><strong><em>ATTICO</em></strong></span> <span class='ocrx_word' id='word_1_48' title='bbox 1504 1041 1670 1097; x_wconf 78' lang='lat' dir='ltr'><strong><em>SAL.</em></strong></span> 
     </span>
    </p>
   </div>
   <div class='ocr_carea' id='block_1_5' title="bbox 156 1148 2267 2560">
    <p class='ocr_par' dir='ltr' id='par_1_5' title="bbox 156 1148 2267 2560">
     <span class='ocr_line' id='line_1_9' title="bbox 381 1148 2265 1235; baseline 0 -21"><span class='ocrx_word' id='word_1_49' title='bbox 381 1148 507 1214; x_wconf 93' lang='lat' dir='ltr'>Hic</span> <span class='ocrx_word' id='word_1_50' title='bbox 542 1171 831 1216; x_wconf 86' lang='lat' dir='ltr'>rumores</span> <span class='ocrx_word' id='word_1_51' title='bbox 868 1155 1087 1215; x_wconf 89' lang='lat' dir='ltr'>tamen</span> <span class='ocrx_word' id='word_1_52' title='bbox 1120 1149 1417 1214; x_wconf 87' lang='lat' dir='ltr'>Murcum</span> <span class='ocrx_word' id='word_1_53' title='bbox 1451 1150 1692 1234; x_wconf 86' lang='lat' dir='ltr'>perisse</span> <span class='ocrx_word' id='word_1_54' title='bbox 1727 1150 2086 1235; x_wconf 80' lang='lat' dir='ltr'>naufragiO,</span> <span class='ocrx_word' id='word_1_55' title='bbox 2120 1148 2265 1214; x_wconf 87' lang='lat' dir='ltr'>Asi·</span> 
     </span>
     <span class='ocr_line' id='line_1_10' title="bbox 246 1237 2267 1325; baseline -0 -23"><span class='ocrx_word' id='word_1_56' title='bbox 246 1238 427 1302; x_wconf 88' lang='lat' dir='ltr'>nium</span> <span class='ocrx_word' id='word_1_57' title='bbox 483 1238 764 1304; x_wconf 90' lang='lat' dir='ltr'>delatum</span> <span class='ocrx_word' id='word_1_58' title='bbox 810 1239 1031 1303; x_wconf 83' lang='lat' dir='ltr'>vivum</span> <span class='ocrx_word' id='word_1_59' title='bbox 1083 1239 1153 1302; x_wconf 92' lang='lat' dir='ltr'>in</span> <span class='ocrx_word' id='word_1_60' title='bbox 1197 1260 1426 1302; x_wconf 88' lang='lat' dir='ltr'>manus</span> <span class='ocrx_word' id='word_1_61' title='bbox 1472 1237 1783 1325; x_wconf 91' lang='lat' dir='ltr'>militum,</span> <span class='ocrx_word' id='word_1_62' title='bbox 1845 1257 1889 1303; x_wconf 84' lang='lat' dir='ltr'>L</span> <span class='ocrx_word' id='word_1_63' title='bbox 1935 1239 2116 1302; x_wconf 81' lang='lat' dir='ltr'>navis</span> <span class='ocrx_word' id='word_1_64' title='bbox 2164 1238 2267 1302; x_wconf 91' lang='lat' dir='ltr'>de-</span> 
     </span>
     <span class='ocr_line' id='line_1_11' title="bbox 168 1325 2267 1413; baseline -0.001 -21"><span class='ocrx_word' id='word_1_65' title='bbox 168 1353 222 1392; x_wconf 84' lang='lat'>10</span> <span class='ocrx_word' id='word_1_66' title='bbox 248 1327 414 1390; x_wconf 88' lang='lat' dir='ltr'>latas</span> <span class='ocrx_word' id='word_1_67' title='bbox 468 1325 726 1392; x_wconf 78' lang='lat' dir='ltr'>Uticam</span> <span class='ocrx_word' id='word_1_68' title='bbox 789 1326 1020 1391; x_wconf 89' lang='lat' dir='ltr'>reflatu</span> <span class='ocrx_word' id='word_1_69' title='bbox 1072 1325 1223 1413; x_wconf 90' lang='lat' dir='ltr'>hoc,</span> <span class='ocrx_word' id='word_1_70' title='bbox 1285 1326 1663 1411; x_wconf 90' lang='lat' dir='ltr'>Pompeium</span> <span class='ocrx_word' id='word_1_71' title='bbox 1715 1349 1849 1391; x_wconf 93' lang='lat' dir='ltr'>non</span> <span class='ocrx_word' id='word_1_72' title='bbox 1901 1348 2267 1410; x_wconf 88' lang='lat' dir='ltr'>comparere</span> 
     </span>
     <span class='ocr_line' id='line_1_12' title="bbox 156 1413 2266 1500; baseline 0.001 -25"><span class='ocrx_word' id='word_1_73' title='bbox 156 1469 162 1475; x_wconf 90' lang='lat'><strong>.</strong></span> <span class='ocrx_word' id='word_1_74' title='bbox 249 1436 365 1479; x_wconf 92' lang='lat' dir='ltr'>nec</span> <span class='ocrx_word' id='word_1_75' title='bbox 400 1415 471 1479; x_wconf 88' lang='lat' dir='ltr'>in</span> <span class='ocrx_word' id='word_1_76' title='bbox 506 1414 884 1480; x_wconf 81' lang='lat' dir='ltr'>Balearibus</span> <span class='ocrx_word' id='word_1_77' title='bbox 923 1416 1185 1479; x_wconf 92' lang='lat' dir='ltr'>omnino</span> <span class='ocrx_word' id='word_1_78' title='bbox 1220 1415 1441 1500; x_wconf 83' lang='lat' dir='ltr'>fuisse,</span> <span class='ocrx_word' id='word_1_79' title='bbox 1467 1419 1543 1479; x_wconf 91' lang='lat' dir='ltr'>ut</span> <span class='ocrx_word' id='word_1_80' title='bbox 1577 1413 1913 1480; x_wconf 80' lang='lat' dir='ltr'>Paciaecus</span> <span class='ocrx_word' id='word_1_81' title='bbox 1952 1415 2266 1479; x_wconf 89' lang='lat' dir='ltr'>adfirmat.</span> 
     </span>
     <span class='ocr_line' id='line_1_13' title="bbox 253 1500 2265 1589; baseline 0 -22"><span class='ocrx_word' id='word_1_82' title='bbox 253 1500 380 1567; x_wconf 85' lang='lat' dir='ltr'>Sed</span> <span class='ocrx_word' id='word_1_83' title='bbox 426 1507 648 1568; x_wconf 88' lang='lat' dir='ltr'>auctor</span> <span class='ocrx_word' id='word_1_84' title='bbox 692 1503 936 1569; x_wconf 90' lang='lat' dir='ltr'>nullius</span> <span class='ocrx_word' id='word_1_85' title='bbox 982 1503 1075 1568; x_wconf 89' lang='lat' dir='ltr'>rei</span> <span class='ocrx_word' id='word_1_86' title='bbox 1123 1503 1480 1587; x_wconf 87' lang='lat' dir='ltr'>quisquam.</span> <span class='ocrx_word' id='word_1_87' title='bbox 1571 1502 1817 1588; x_wconf 89' lang='lat' dir='ltr'>Habes,</span> <span class='ocrx_word' id='word_1_88' title='bbox 1873 1525 2060 1589; x_wconf 89' lang='lat' dir='ltr'>quae,</span> <span class='ocrx_word' id='word_1_89' title='bbox 2114 1503 2265 1567; x_wconf 91' lang='lat' dir='ltr'>dum</span> 
     </span>
     <span class='ocr_line' id='line_1_14' title="bbox 251 1589 2266 1676; baseline 0 -21"><span class='ocrx_word' id='word_1_90' title='bbox 251 1595 326 1655; x_wconf 89' lang='lat' dir='ltr'>tu</span> <span class='ocrx_word' id='word_1_91' title='bbox 400 1591 552 1656; x_wconf 89' lang='lat' dir='ltr'>abes</span> <span class='ocrx_word' id='word_1_92' title='bbox 562 1642 580 1676; x_wconf 99' lang='lat'>,</span> <span class='ocrx_word' id='word_1_93' title='bbox 650 1591 852 1656; x_wconf 89' lang='lat' dir='ltr'>locuti</span> <span class='ocrx_word' id='word_1_94' title='bbox 918 1591 1065 1655; x_wconf 88' lang='lat' dir='ltr'>sint.</span> <span class='ocrx_word' id='word_1_95' title='bbox 1173 1590 1339 1654; x_wconf 91' lang='lat' dir='ltr'>Ludi</span> <span class='ocrx_word' id='word_1_96' title='bbox 1401 1591 1646 1655; x_wconf 88' lang='lat' dir='ltr'>interea</span> <span class='ocrx_word' id='word_1_97' title='bbox 1707 1590 2066 1657; x_wconf 77' lang='lat' dir='ltr'>Praeneste.</span> <span class='ocrx_word' id='word_1_98' title='bbox 2164 1589 2266 1655; x_wconf 91' lang='lat' dir='ltr'>Ibi</span> 
     </span>
     <span class='ocr_line' id='line_1_15' title="bbox 250 1677 2265 1763; baseline 0 -20"><span class='ocrx_word' id='word_1_99' title='bbox 250 1678 507 1743; x_wconf 88' lang='lat' dir='ltr'>Hirtius</span> <span class='ocrx_word' id='word_1_100' title='bbox 555 1684 620 1743; x_wconf 89' lang='lat' dir='ltr'>et</span> <span class='ocrx_word' id='word_1_101' title='bbox 656 1679 769 1743; x_wconf 90' lang='lat' dir='ltr'>isti</span> <span class='ocrx_word' id='word_1_102' title='bbox 807 1700 1041 1744; x_wconf 89' lang='lat' dir='ltr'>omnes.</span> <span class='ocrx_word' id='word_1_103' title='bbox 1106 1678 1198 1742; x_wconf 86' lang='lat' dir='ltr'>Et</span> <span class='ocrx_word' id='word_1_104' title='bbox 1236 1678 1494 1763; x_wconf 90' lang='lat' dir='ltr'>quidem</span> <span class='ocrx_word' id='word_1_105' title='bbox 1529 1679 1667 1743; x_wconf 89' lang='lat' dir='ltr'>ludi</span> <span class='ocrx_word' id='word_1_106' title='bbox 1705 1680 1838 1744; x_wconf 86' lang='lat' dir='ltr'>dies</span> <span class='ocrx_word' id='word_1_107' title='bbox 1875 1698 2016 1744; x_wconf 86' lang='lat' dir='ltr'>v111.</span> <span class='ocrx_word' id='word_1_108' title='bbox 2091 1677 2265 1755; x_wconf 81' lang='lat' dir='ltr'>Quae</span> 
     </span>
     <span class='ocr_line' id='line_1_16' title="bbox 174 1765 2266 1852; baseline -0.001 -18"><span class='ocrx_word' id='word_1_109' title='bbox 174 1794 223 1835; x_wconf 69' lang='grc' dir='ltr'>ιε</span> <span class='ocrx_word' id='word_1_110' title='bbox 252 1788 468 1852; x_wconf 91' lang='lat' dir='ltr'>cenae,</span> <span class='ocrx_word' id='word_1_111' title='bbox 532 1789 694 1851; x_wconf 92' lang='lat' dir='ltr'>quae</span> <span class='ocrx_word' id='word_1_112' title='bbox 757 1767 1042 1832; x_wconf 81' lang='lat' dir='ltr'>deliciae!</span> <span class='ocrx_word' id='word_1_113' title='bbox 1111 1765 1242 1830; x_wconf 88' lang='lat' dir='ltr'>Res</span> <span class='ocrx_word' id='word_1_114' title='bbox 1305 1767 1552 1831; x_wconf 89' lang='lat' dir='ltr'>interea</span> <span class='ocrx_word' id='word_1_115' title='bbox 1613 1768 1888 1832; x_wconf 86' lang='lat' dir='ltr'>fortasse</span> <span class='ocrx_word' id='word_1_116' title='bbox 1941 1771 2266 1832; x_wconf 86' lang='lat' dir='ltr'>transacta</span> 
     </span>
     <span class='ocr_line' id='line_1_17' title="bbox 253 1853 2264 1941; baseline 0.001 -23"><span class='ocrx_word' id='word_1_117' title='bbox 253 1858 367 1919; x_wconf 87' lang='lat' dir='ltr'>est.</span> <span class='ocrx_word' id='word_1_118' title='bbox 459 1853 513 1920; x_wconf 94' lang='grc' dir='ltr'><strong>Ο</strong></span> <span class='ocrx_word' id='word_1_119' title='bbox 567 1856 767 1919; x_wconf 84' lang='lat' dir='ltr'>miros</span> <span class='ocrx_word' id='word_1_120' title='bbox 821 1855 1138 1919; x_wconf 78' lang='lat' dir='ltr'>homines!</span> <span class='ocrx_word' id='word_1_121' title='bbox 1211 1853 1302 1918; x_wconf 82' lang='lat' dir='ltr'>At</span> <span class='ocrx_word' id='word_1_122' title='bbox 1348 1854 1591 1919; x_wconf 87' lang='lat' dir='ltr'>Balbus</span> <span class='ocrx_word' id='word_1_123' title='bbox 1650 1854 1965 1941; x_wconf 83' lang='lat' dir='ltr'>aedificat3</span> <span class='ocrx_word' id='word_1_124' title='bbox 2027 1860 2098 1921; x_wconf 85' lang='grc' dir='ltr'>τί</span> <span class='ocrx_word' id='word_1_125' title='bbox 2137 1858 2264 1939; x_wconf 78' lang='grc' dir='ltr'>γὰρ</span> 
     </span>
     <span class='ocr_line' id='line_1_18' title="bbox 254 1941 2266 2031; baseline -0 -21"><span class='ocrx_word' id='word_1_126' title='bbox 254 1943 432 2031; x_wconf 77' lang='grc' dir='ltr'><strong><em>αὐτῷ</em></strong></span> <span class='ocrx_word' id='word_1_127' title='bbox 477 1942 683 2029; x_wconf 67' lang='grc' dir='ltr'><strong><em>μέλας</em></strong></span> <span class='ocrx_word' id='word_1_128' title='bbox 743 1941 989 2009; x_wconf 92' lang='lat' dir='ltr'>Verum</span> <span class='ocrx_word' id='word_1_129' title='bbox 1034 1944 1090 2008; x_wconf 87' lang='lat' dir='ltr'>si</span> <span class='ocrx_word' id='word_1_130' title='bbox 1138 1943 1413 2029; x_wconf 71' lang='lat' dir='ltr'>quael-ie,</span> <span class='ocrx_word' id='word_1_131' title='bbox 1458 1942 1707 2008; x_wconf 87' lang='lat' dir='ltr'>homini</span> <span class='ocrx_word' id='word_1_132' title='bbox 1751 1967 1881 2010; x_wconf 90' lang='lat' dir='ltr'>non</span> <span class='ocrx_word' id='word_1_133' title='bbox 1918 1948 2110 2031; x_wconf 88' lang='lat' dir='ltr'>recta,</span> <span class='ocrx_word' id='word_1_134' title='bbox 2157 1944 2266 2009; x_wconf 88' lang='lat' dir='ltr'>sed</span> 
     </span>
     <span class='ocr_line' id='line_1_19' title="bbox 252 2032 2266 2117; baseline 0 -20"><span class='ocrx_word' id='word_1_135' title='bbox 252 2033 615 2116; x_wconf 84' lang='lat' dir='ltr'>voluptaria</span> <span class='ocrx_word' id='word_1_136' title='bbox 660 2033 991 2117; x_wconf 89' lang='lat' dir='ltr'>quaerenti</span> <span class='ocrx_word' id='word_1_137' title='bbox 1033 2053 1246 2097; x_wconf 88' lang='lat' dir='ltr'>nonne</span> <span class='ocrx_word' id='word_1_138' title='bbox 1282 2033 1637 2116; x_wconf 68' lang='lat' dir='ltr'>sssssc&#39;mvoec‘?</span> <span class='ocrx_word' id='word_1_139' title='bbox 1709 2032 1807 2098; x_wconf 82' lang='lat' dir='ltr'>&#39;ru</span> <span class='ocrx_word' id='word_1_140' title='bbox 1843 2034 2090 2098; x_wconf 87' lang='lat' dir='ltr'>interea</span> <span class='ocrx_word' id='word_1_141' title='bbox 2125 2033 2266 2098; x_wconf 89' lang='lat' dir='ltr'>dor-</span> 
     </span>
     <span class='ocr_line' id='line_1_20' title="bbox 252 2121 2265 2206; baseline 0 -21"><span class='ocrx_word' id='word_1_142' title='bbox 252 2121 393 2185; x_wconf 83' lang='lat' dir='ltr'>mis,</span> <span class='ocrx_word' id='word_1_143' title='bbox 473 2121 613 2186; x_wconf 90' lang='lat' dir='ltr'>Iam</span> <span class='ocrx_word' id='word_1_144' title='bbox 658 2121 1101 2204; x_wconf 85' lang='lat' dir='ltr'>explicandum</span> <span class='ocrx_word' id='word_1_145' title='bbox 1147 2124 1246 2185; x_wconf 91' lang='lat' dir='ltr'>est</span> <span class='ocrx_word' id='word_1_146' title='bbox 1291 2123 1659 2205; x_wconf 80' lang='grc' dir='ltr'><strong><em>πρόβλημα,</em></strong></span> <span class='ocrx_word' id='word_1_147' title='bbox 1703 2121 1761 2185; x_wconf 87' lang='lat' dir='ltr'>si</span> <span class='ocrx_word' id='word_1_148' title='bbox 1807 2122 1961 2206; x_wconf 91' lang='lat' dir='ltr'>quid</span> <span class='ocrx_word' id='word_1_149' title='bbox 2006 2126 2265 2187; x_wconf 89' lang='lat' dir='ltr'>acturus</span> 
     </span>
     <span class='ocr_line' id='line_1_21' title="bbox 171 2208 2266 2294; baseline -0.001 -18"><span class='ocrx_word' id='word_1_150' title='bbox 171 2236 226 2276; x_wconf 64' lang='grc' dir='ltr'>πο</span> <span class='ocrx_word' id='word_1_151' title='bbox 253 2232 338 2275; x_wconf 77' lang='lat' dir='ltr'>es·</span> <span class='ocrx_word' id='word_1_152' title='bbox 430 2208 500 2275; x_wconf 78' lang='lat' dir='ltr'>Si</span> <span class='ocrx_word' id='word_1_153' title='bbox 547 2210 800 2293; x_wconf 87' lang='lat' dir='ltr'>quaeris</span> <span class='ocrx_word' id='word_1_154' title='bbox 810 2260 827 2294; x_wconf 90' lang='lat'>,</span> <span class='ocrx_word' id='word_1_155' title='bbox 888 2209 1042 2293; x_wconf 89' lang='lat' dir='ltr'>quid</span> <span class='ocrx_word' id='word_1_156' title='bbox 1085 2213 1324 2294; x_wconf 91' lang='lat' dir='ltr'>putem,</span> <span class='ocrx_word' id='word_1_157' title='bbox 1382 2229 1501 2294; x_wconf 86' lang='lat' dir='ltr'>ego</span> <span class='ocrx_word' id='word_1_158' title='bbox 1547 2210 1830 2274; x_wconf 85' lang='lat' dir='ltr'>fructum</span> <span class='ocrx_word' id='word_1_159' title='bbox 1873 2214 2049 2293; x_wconf 90' lang='lat' dir='ltr'>puto.</span> <span class='ocrx_word' id='word_1_160' title='bbox 2143 2208 2266 2275; x_wconf 83' lang='lat' dir='ltr'>Sed</span> 
     </span>
     <span class='ocr_line' id='line_1_22' title="bbox 253 2295 2265 2384; baseline 0 -22"><span class='ocrx_word' id='word_1_161' title='bbox 253 2298 409 2383; x_wconf 90' lang='lat' dir='ltr'>quid</span> <span class='ocrx_word' id='word_1_162' title='bbox 452 2299 700 2363; x_wconf 78' lang='lat' dir='ltr'>multa?</span> <span class='ocrx_word' id='word_1_163' title='bbox 773 2295 912 2362; x_wconf 90' lang='lat' dir='ltr'>Iam</span> <span class='ocrx_word' id='word_1_164' title='bbox 955 2302 1020 2363; x_wconf 87' lang='lat' dir='ltr'>te</span> <span class='ocrx_word' id='word_1_165' title='bbox 1066 2297 1294 2362; x_wconf 83' lang='lat' dir='ltr'>videbo</span> <span class='ocrx_word' id='word_1_166' title='bbox 1343 2301 1409 2361; x_wconf 91' lang='lat' dir='ltr'>et</span> <span class='ocrx_word' id='word_1_167' title='bbox 1454 2298 1739 2383; x_wconf 89' lang='lat' dir='ltr'>quidem,</span> <span class='ocrx_word' id='word_1_168' title='bbox 1792 2302 1868 2362; x_wconf 91' lang='lat' dir='ltr'>ut</span> <span class='ocrx_word' id='word_1_169' title='bbox 1915 2320 2099 2382; x_wconf 90' lang='lat' dir='ltr'>spero</span> <span class='ocrx_word' id='word_1_170' title='bbox 2112 2350 2130 2384; x_wconf 99' lang='lat'>,</span> <span class='ocrx_word' id='word_1_171' title='bbox 2190 2299 2265 2363; x_wconf 91' lang='lat' dir='ltr'>de</span> 
     </span>
     <span class='ocr_line' id='line_1_23' title="bbox 252 2384 2267 2470; baseline -0 -19"><span class='ocrx_word' id='word_1_172' title='bbox 252 2387 356 2451; x_wconf 84' lang='lat' dir='ltr'>via</span> <span class='ocrx_word' id='word_1_173' title='bbox 419 2391 594 2451; x_wconf 88' lang='lat' dir='ltr'>recta</span> <span class='ocrx_word' id='word_1_174' title='bbox 657 2386 738 2450; x_wconf 90' lang='lat' dir='ltr'>ad</span> <span class='ocrx_word' id='word_1_175' title='bbox 800 2408 918 2450; x_wconf 89' lang='lat' dir='ltr'>me.</span> <span class='ocrx_word' id='word_1_176' title='bbox 1019 2384 1226 2450; x_wconf 86' lang='lat' dir='ltr'>Simul</span> <span class='ocrx_word' id='word_1_177' title='bbox 1288 2385 1460 2449; x_wconf 88' lang='lat' dir='ltr'>enim</span> <span class='ocrx_word' id='word_1_178' title='bbox 1525 2390 1591 2450; x_wconf 91' lang='lat' dir='ltr'>et</span> <span class='ocrx_word' id='word_1_179' title='bbox 1653 2387 1820 2452; x_wconf 87' lang='lat' dir='ltr'>diem</span> <span class='ocrx_word' id='word_1_180' title='bbox 1873 2385 2267 2470; x_wconf 78' lang='lat' dir='ltr'>Tyrannioni</span> 
     </span>
     <span class='ocr_line' id='line_1_24' title="bbox 250 2473 1381 2560; baseline -0.003 -20"><span class='ocrx_word' id='word_1_181' title='bbox 250 2475 736 2560; x_wconf 85' lang='lat' dir='ltr'>constituemus,</span> <span class='ocrx_word' id='word_1_182' title='bbox 780 2478 847 2538; x_wconf 91' lang='lat' dir='ltr'>et</span> <span class='ocrx_word' id='word_1_183' title='bbox 891 2474 948 2538; x_wconf 88' lang='lat' dir='ltr'>si</span> <span class='ocrx_word' id='word_1_184' title='bbox 994 2473 1150 2558; x_wconf 88' lang='lat' dir='ltr'>quid</span> <span class='ocrx_word' id='word_1_185' title='bbox 1194 2473 1381 2537; x_wconf 91' lang='lat' dir='ltr'>aliud.</span> 
     </span>
    </p>
   </div>
   <div class='ocr_carea' id='block_1_6' title="bbox 172 2665 1955 2857">
    <p class='ocr_par' dir='ltr' id='par_1_6' title="bbox 172 2665 1955 2857">
     <span class='ocr_line' id='line_1_25' title="bbox 1196 2665 1312 2732; baseline 0.017 -2"><span class='ocrx_word' id='word_1_186' title='bbox 1196 2665 1312 2732; x_wconf 92' lang='grc' dir='ltr'>ΠΙ.</span> 
     </span>
     <span class='ocr_line' id='line_1_26' title="bbox 172 2787 1955 2857; baseline 0.001 -16"><span class='ocrx_word' id='word_1_187' title='bbox 172 2802 226 2842; x_wconf 66' lang='grc' dir='ltr'>π</span> <span class='ocrx_word' id='word_1_188' title='bbox 572 2787 686 2845; x_wconf 69' lang='lat' dir='ltr'>Ser.</span> <span class='ocrx_word' id='word_1_189' title='bbox 715 2791 780 2844; x_wconf 68' lang='lat' dir='ltr'>in</span> <span class='ocrx_word' id='word_1_190' title='bbox 821 2788 1131 2844; x_wconf 69' lang='lat' dir='ltr'>Tusculum</span> <span class='ocrx_word' id='word_1_191' title='bbox 1167 2788 1281 2842; x_wconf 85' lang='lat' dir='ltr'>HI</span> <span class='ocrx_word' id='word_1_192' title='bbox 1307 2788 1395 2844; x_wconf 82' lang='lat' dir='ltr'>Id.</span> <span class='ocrx_word' id='word_1_193' title='bbox 1425 2789 1554 2845; x_wconf 69' lang='lat' dir='ltr'>Iun.</span> <span class='ocrx_word' id='word_1_194' title='bbox 1585 2808 1635 2844; x_wconf 75' lang='lat' dir='ltr'>a.</span> <span class='ocrx_word' id='word_1_195' title='bbox 1668 2792 1779 2844; x_wconf 81' lang='lat'>708</span> <span class='ocrx_word' id='word_1_196' title='bbox 1818 2791 1955 2857; x_wconf 77' lang='lat'><em>(46).</em></span> 
     </span>
    </p>
   </div>
   <div class='ocr_carea' id='block_1_7' title="bbox 859 2911 1673 2967">
    <p class='ocr_par' dir='ltr' id='par_1_7' title="bbox 859 2911 1673 2967">
     <span class='ocr_line' id='line_1_27' title="bbox 859 2911 1673 2967; baseline -0.002 -1"><span class='ocrx_word' id='word_1_197' title='bbox 859 2911 1149 2966; x_wconf 82' lang='lat' dir='ltr'><strong><em>CICERO</em></strong></span> <span class='ocrx_word' id='word_1_198' title='bbox 1183 2911 1475 2967; x_wconf 80' lang='lat' dir='ltr'><strong><em>ATTICO</em></strong></span> <span class='ocrx_word' id='word_1_199' title='bbox 1511 2911 1673 2966; x_wconf 80' lang='lat' dir='ltr'><strong><em>SAL.</em></strong></span> 
     </span>
    </p>
   </div>
   <div class='ocr_carea' id='block_1_8' title="bbox 173 3019 2268 3714">
    <p class='ocr_par' dir='ltr' id='par_1_8' title="bbox 255 3019 2268 3282">
     <span class='ocr_line' id='line_1_28' title="bbox 387 3019 2267 3106; baseline -0.001 -20"><span class='ocrx_word' id='word_1_200' title='bbox 387 3019 605 3086; x_wconf 85' lang='lat' dir='ltr'>Unum</span> <span class='ocrx_word' id='word_1_201' title='bbox 656 3025 723 3086; x_wconf 91' lang='lat' dir='ltr'>te</span> <span class='ocrx_word' id='word_1_202' title='bbox 766 3025 927 3105; x_wconf 92' lang='lat' dir='ltr'>puto</span> <span class='ocrx_word' id='word_1_203' title='bbox 971 3020 1185 3085; x_wconf 89' lang='lat' dir='ltr'>minus</span> <span class='ocrx_word' id='word_1_204' title='bbox 1232 3021 1539 3085; x_wconf 85' lang='lat' dir='ltr'>blandum</span> <span class='ocrx_word' id='word_1_205' title='bbox 1583 3041 1719 3084; x_wconf 85' lang='lat' dir='ltr'>esse</span> <span class='ocrx_word' id='word_1_206' title='bbox 1764 3041 1958 3104; x_wconf 86' lang='lat' dir='ltr'>quam</span> <span class='ocrx_word' id='word_1_207' title='bbox 2001 3042 2130 3106; x_wconf 91' lang='lat' dir='ltr'>me,</span> <span class='ocrx_word' id='word_1_208' title='bbox 2184 3024 2267 3105; x_wconf 90' lang='lat' dir='ltr'>et,</span> 
     </span>
     <span class='ocr_line' id='line_1_29' title="bbox 257 3108 2267 3194; baseline -0 -21"><span class='ocrx_word' id='word_1_209' title='bbox 257 3111 313 3174; x_wconf 88' lang='lat' dir='ltr'>si</span> <span class='ocrx_word' id='word_1_210' title='bbox 375 3113 644 3193; x_wconf 89' lang='lat' dir='ltr'>uterque</span> <span class='ocrx_word' id='word_1_211' title='bbox 705 3113 1000 3174; x_wconf 89' lang='lat' dir='ltr'>nostrum</span> <span class='ocrx_word' id='word_1_212' title='bbox 1055 3113 1152 3173; x_wconf 87' lang='lat' dir='ltr'>est</span> <span class='ocrx_word' id='word_1_213' title='bbox 1208 3108 1552 3192; x_wconf 87' lang='lat' dir='ltr'>aliquando</span> <span class='ocrx_word' id='word_1_214' title='bbox 1611 3108 1912 3173; x_wconf 86' lang='lat' dir='ltr'>adversus</span> <span class='ocrx_word' id='word_1_215' title='bbox 1972 3108 2267 3194; x_wconf 86' lang='lat' dir='ltr'>aliquem,</span> 
     </span>
     <span class='ocr_line' id='line_1_30' title="bbox 255 3195 2268 3282; baseline 0 -21"><span class='ocrx_word' id='word_1_216' title='bbox 255 3198 425 3262; x_wconf 89' lang='lat' dir='ltr'>inter</span> <span class='ocrx_word' id='word_1_217' title='bbox 467 3218 588 3261; x_wconf 86' lang='lat' dir='ltr'>nos</span> <span class='ocrx_word' id='word_1_218' title='bbox 634 3201 802 3262; x_wconf 77' lang='lat' dir='ltr'>certe</span> <span class='ocrx_word' id='word_1_219' title='bbox 845 3219 1197 3281; x_wconf 88' lang='lat' dir='ltr'>numquam</span> <span class='ocrx_word' id='word_1_220' title='bbox 1242 3219 1481 3262; x_wconf 87' lang='lat' dir='ltr'>sumus.</span> <span class='ocrx_word' id='word_1_221' title='bbox 1555 3195 1726 3261; x_wconf 88' lang='lat' dir='ltr'>Audi</span> <span class='ocrx_word' id='word_1_222' title='bbox 1770 3197 1972 3282; x_wconf 85' lang='lat' dir='ltr'>igitur</span> <span class='ocrx_word' id='word_1_223' title='bbox 2005 3218 2110 3262; x_wconf 93' lang='lat' dir='ltr'>me</span> <span class='ocrx_word' id='word_1_224' title='bbox 2142 3196 2268 3262; x_wconf 89' lang='lat' dir='ltr'>hoc</span> 
     </span>
    </p>

    <p class='ocr_par' dir='ltr' id='par_1_9' title="bbox 173 3283 2267 3372">
     <span class='ocr_line' id='line_1_31' title="bbox 173 3283 2267 3372; baseline -0.002 -18"><span class='ocrx_word' id='word_1_225' title='bbox 173 3314 227 3355; x_wconf 73' lang='lat' dir='ltr'>so</span> <span class='ocrx_word' id='word_1_226' title='bbox 255 3285 665 3370; x_wconf 75' lang='grc' dir='ltr'><em>ἆγοητεύτως</em></span> <span class='ocrx_word' id='word_1_227' title='bbox 709 3286 1037 3350; x_wconf 87' lang='lat' dir='ltr'>dicentem.</span> <span class='ocrx_word' id='word_1_228' title='bbox 1127 3283 1227 3350; x_wconf 90' lang='lat' dir='ltr'>Ne</span> <span class='ocrx_word' id='word_1_229' title='bbox 1272 3286 1514 3372; x_wconf 83' lang='lat' dir='ltr'>vivam,</span> <span class='ocrx_word' id='word_1_230' title='bbox 1564 3286 1657 3349; x_wconf 92' lang='lat' dir='ltr'>mi</span> <span class='ocrx_word' id='word_1_231' title='bbox 1699 3284 1945 3371; x_wconf 84' lang='lat' dir='ltr'>Attice,</span> <span class='ocrx_word' id='word_1_232' title='bbox 2005 3286 2062 3350; x_wconf 87' lang='lat' dir='ltr'>si</span> <span class='ocrx_word' id='word_1_233' title='bbox 2105 3286 2267 3350; x_wconf 85' lang='lat' dir='ltr'>mihi</span> 
     </span>
    </p>

    <p class='ocr_par' dir='ltr' id='par_1_10' title="bbox 253 3373 2267 3459">
     <span class='ocr_line' id='line_1_32' title="bbox 253 3373 2267 3459; baseline -0.001 -20"><span class='ocrx_word' id='word_1_234' title='bbox 253 3396 387 3439; x_wconf 92' lang='lat' dir='ltr'>non</span> <span class='ocrx_word' id='word_1_235' title='bbox 450 3374 636 3439; x_wconf 92' lang='lat' dir='ltr'>modo</span> <span class='ocrx_word' id='word_1_236' title='bbox 693 3373 1150 3457; x_wconf 78' lang='lat' dir='ltr'>Tusculanum,</span> <span class='ocrx_word' id='word_1_237' title='bbox 1213 3373 1329 3438; x_wconf 92' lang='lat' dir='ltr'>ubi</span> <span class='ocrx_word' id='word_1_238' title='bbox 1388 3374 1711 3457; x_wconf 89' lang='lat' dir='ltr'>ceteroqui</span> <span class='ocrx_word' id='word_1_239' title='bbox 1771 3395 1912 3438; x_wconf 89' lang='lat' dir='ltr'>sum</span> <span class='ocrx_word' id='word_1_240' title='bbox 1975 3374 2267 3459; x_wconf 89' lang='lat' dir='ltr'>libenter,</span> 
     </span>
    </p>

    <p class='ocr_par' dir='ltr' id='par_1_11' title="bbox 254 3461 2264 3548">
     <span class='ocr_line' id='line_1_33' title="bbox 254 3461 2264 3548; baseline -0 -21"><span class='ocrx_word' id='word_1_241' title='bbox 254 3462 363 3527; x_wconf 85' lang='lat' dir='ltr'>sed</span> <span class='ocrx_word' id='word_1_242' title='bbox 406 3464 722 3547; x_wconf 76' lang='grc' dir='ltr'><em>μακάρων</em></span> <span class='ocrx_word' id='word_1_243' title='bbox 767 3472 958 3547; x_wconf 80' lang='grc' dir='ltr'><strong><em>νῆσοι</em></strong></span> <span class='ocrx_word' id='word_1_244' title='bbox 1001 3463 1170 3526; x_wconf 87' lang='lat' dir='ltr'>tanti</span> <span class='ocrx_word' id='word_1_245' title='bbox 1215 3466 1387 3548; x_wconf 89' lang='lat' dir='ltr'>sunt,</span> <span class='ocrx_word' id='word_1_246' title='bbox 1429 3467 1504 3526; x_wconf 91' lang='lat' dir='ltr'>ut</span> <span class='ocrx_word' id='word_1_247' title='bbox 1540 3462 1678 3526; x_wconf 89' lang='lat' dir='ltr'>sine</span> <span class='ocrx_word' id='word_1_248' title='bbox 1715 3465 1779 3526; x_wconf 92' lang='lat' dir='ltr'>te</span> <span class='ocrx_word' id='word_1_249' title='bbox 1818 3462 1939 3525; x_wconf 89' lang='lat' dir='ltr'>sim</span> <span class='ocrx_word' id='word_1_250' title='bbox 1976 3465 2079 3525; x_wconf 91' lang='lat' dir='ltr'>tot</span> <span class='ocrx_word' id='word_1_251' title='bbox 2113 3461 2264 3526; x_wconf 87' lang='lat' dir='ltr'>dies.</span> 
     </span>
    </p>

    <p class='ocr_par' dir='ltr' id='par_1_12' title="bbox 255 3549 2264 3714">
     <span class='ocr_line' id='line_1_34' title="bbox 255 3549 2264 3634; baseline -0.003 -17"><span class='ocrx_word' id='word_1_252' title='bbox 255 3549 462 3629; x_wconf 83' lang='lat' dir='ltr'>Quare</span> <span class='ocrx_word' id='word_1_253' title='bbox 523 3551 876 3616; x_wconf 89' lang='lat' dir='ltr'>obduretur</span> <span class='ocrx_word' id='word_1_254' title='bbox 930 3550 1055 3614; x_wconf 92' lang='lat' dir='ltr'>hoc</span> <span class='ocrx_word' id='word_1_255' title='bbox 1107 3550 1421 3634; x_wconf 89' lang='lat' dir='ltr'>triduum,</span> <span class='ocrx_word' id='word_1_256' title='bbox 1481 3553 1555 3614; x_wconf 89' lang='lat' dir='ltr'>ut</span> <span class='ocrx_word' id='word_1_257' title='bbox 1608 3553 1675 3613; x_wconf 90' lang='lat' dir='ltr'>te</span> <span class='ocrx_word' id='word_1_258' title='bbox 1730 3570 1983 3633; x_wconf 90' lang='lat' dir='ltr'>quoque</span> <span class='ocrx_word' id='word_1_259' title='bbox 2028 3569 2264 3632; x_wconf 89' lang='lat' dir='ltr'>ponam</span> 
     </span>
     <span class='ocr_line' id='line_1_35' title="bbox 361 3656 1945 3714; baseline -0.001 -8"><span class='ocrx_word' id='word_1_260' title='bbox 361 3664 454 3706; x_wconf 73' lang='lat' dir='ltr'>cie.</span> <span class='ocrx_word' id='word_1_261' title='bbox 482 3665 614 3714; x_wconf 68' lang='lat' dir='ltr'>epi-t.</span> <span class='ocrx_word' id='word_1_262' title='bbox 642 3666 705 3707; x_wconf 87' lang='lat'>11.</span> <span class='ocrx_word' id='word_1_263' title='bbox 1878 3656 1945 3704; x_wconf 84' lang='lat'>23</span> 
     </span>
    </p>
   </div>
   <div class='ocr_carea' id='block_1_9' title="bbox 2307 3038 2334 3085">
    <p class='ocr_par' dir='ltr' id='par_1_13' title="bbox 2307 3038 2334 3085">
     <span class='ocr_line' id='line_1_36' title="bbox 2307 3038 2334 3085; baseline 0 0"><span class='ocrx_word' id='word_1_264' title='bbox 2307 3038 2334 3085; x_wconf 91' lang='lat'>1</span> 
     </span>
    </p>
   </div>
  </div>
 </body>
</html>
