2642 3923
1112 218 1191 277 P..
1205 224 1501 273 130-135.
2125 217 2298 271 XLIII

283 357 372 410 [tle
406 357 551 410 illud
587 358 802 425 quidem
839 357 990 412 labat
1024 358 1234 426 Baiter,
1276 359 1556 427 Wesenb.,
1592 359 1752 427 Boot,
1790 360 1876 413 Ac
1910 360 1975 413 de
2011 361 2129 427 illo,
2163 360 2299 413 illuc

350 428 492 481 idem
549 428 702 481 labor
753 427 1002 496 Kayser,
1065 428 1311 498 Tyn-cll,
1377 447 1443 484 ac
1495 446 1576 484 me
1629 431 1773 484 illud
1816 431 2032 499 quidem
2075 430 2300 484 delectat

328 540 339 551 .
377 497 439 552 E.
480 496 736 551 Schmidt
792 498 926 553 ‘Der
970 499 1389 554 Briefwechsel'
1443 518 1497 573 p.
1545 506 1627 554 73.
1685 531 1756 541 -
1810 507 1841 554 6
1886 518 2001 556 non
2044 518 2150 570 quo
2195 515 2292 570 per

278 568 636 693 ἓΡΟὲΞὲξΞῗῖ
680 569 982 694 1W³⁸³¹²¹16
1019 570 1328 697 ἠξῗίἓὲῗιω
1347 569 1733 696 &twa
1760 576 2036 696 ῗὲὶωῖἓῗ.
2074 572 2298 694 ἓΐιᾜΐ

277 708 563 764 Hermath.
606 716 742 764 1885
786 728 841 780 p.
883 716 1014 779 318,
1068 729 1153 767 res
1196 713 1416 766 habebis
1451 713 1793 767 mirationem
1829 712 1913 779 M,
1972 730 2096 767 cum
2135 727 2297 766 cruce

276 780 500 848 Baiter,
546 780 714 850 Boot,
759 798 845 836 res
888 783 1102 836 habebit
1145 784 1490 838 mirationem
1526 782 1767 852 Kayser,
1819 782 2105 850 Wesenb.,
2151 790 2202 838 et
2235 789 2298 837 tu

277 852 455 906 aberis
506 858 556 906 et
607 869 688 906 me
733 854 948 907 absente
992 855 1115 922 quis
1157 854 1375 908 habebit
1416 855 1522 908 mei
1563 852 1868 908 rationem?
1922 854 2064 907 coni.
2103 852 2295 921 Orelli,

275 922 432 991 prob.
462 922 632 989 Boot,
678 940 763 977 res
806 924 1025 978 habebit
1058 925 1163 978 mei
1195 922 1503 978 rationem?
1555 923 1788 993 Tyrrell.
1830 956 1900 964 —
1946 931 2012 979 12
2056 923 2297 980 Servius

275 994 399 1059 fieri
436 994 758 1062 probabilis
793 992 1028 1062 Tyrrell.
1083 1025 1154 1035 —
1211 1000 1278 1048 14
1325 1013 1442 1049 eam
1488 1012 1519 1048 c
1546 998 1602 1048 Σ
1632 995 1941 1064 (Lehmann
1978 995 2094 1050 Att.
2122 1013 2177 1065 p.
2212 1000 2295 1061 70,

279 1067 421 1134 184),
457 1065 612 1118 illam
640 1063 744 1132 Me,
783 1065 907 1118 edd.
937 1096 1009 1105 --·
1037 1070 1103 1119 16
1139 1066 1231 1119 siu
1266 1081 1451 1119 errore
1485 1065 1645 1133 Boot,
1682 1066 1900 1135 Tyrrell
1937 1081 1968 1120 e
2003 1068 2137 1120 vett.
2168 1065 2293 1120 edd.

285 1166 344 1175 ——
405 1139 470 1188 17
508 1135 736 1189 alteram
771 1137 904 1204 post
937 1142 1118 1189 tamen
1155 1136 1332 1191 adiec.
1361 1135 1596 1206 Tyrrell.
1645 1167 1715 1178 —
1769 1143 1836 1190 21
1872 1138 2045 1191 hine?
2100 1167 2170 1178 —
2226 1142 2293 1190 23

276 1207 408 1329 gnis
464 1204 726 1273 Gronov„
780 1207 927 1260 Boot
977 1205 1104 1260 fort.
1143 1209 1311 1261 recte.
1369 1237 1439 1248 —
1493 1212 1561 1261 28
1598 1207 1667 1261 L.
1708 1206 1836 1261 fort.
1865 1224 1979 1261 non
2013 1223 2289 1262 necessar.

318 1276 357 1330 f.
386 1294 443 1346 p.
477 1282 594 1331 164.
628 1282 710 1330 17.
740 1308 811 1316 -
838 1283 904 1330 31
936 1279 1077 1346 quod
1106 1278 1283 1345 codd.,
1320 1279 1455 1331 vett.
1478 1278 1622 1345 edd.,
1659 1277 1895 1347 Tyrrell,
1932 1296 2054 1333 eum
2082 1276 2291 1332 Orellio

277 1350 508 1401 auctore
543 1347 762 1414 Baiter,
809 1346 1091 1415 Wesenb„
1128 1347 1274 1401 Boot
1311 1349 1402 1402 ‘ex
1441 1351 1594 1402 certa
1631 1349 2023 1403 emendatione
2059 1347 2293 1403 Wesen-

274 1418 482 1488 bergii’
498 1460 513 1485 ,
557 1418 728 1472 immo
774 1434 887 1472 non
922 1418 1051 1488 plus
1089 1435 1261 1486 quam
1296 1418 1596 1488 probabili.
1671 1418 1903 1473 Poterat
1938 1419 2148 1475 dicere:
2213 1419 2297 1475 De

273 1491 471 1543 itinere
506 1489 640 1557 quid
674 1491 984 1556 statuerim,
1028 1491 1279 1557 scribam,
1326 1507 1447 1543 eum
1482 1496 1738 1557 statuero,
1774 1493 2024 1560 poterat:
2079 1490 2168 1544 De
2201 1493 2292 1544 iti-

273 1577 401 1614 nere
437 1576 560 1613 eum
594 1566 850 1626 statuero,
883 1560 962 1626 id,
999 1559 1143 1629 quod
1176 1567 1433 1627 statuero,
1467 1562 1713 1616 scribam.
1786 1558 1866 1615 cf.
1897 1561 1971 1614 ad
2007 1578 2059 1630 p.
2093 1566 2176 1614 32.
2208 1565 2291 1614 11.

273 1661 344 1671 -
381 1636 454 1683 34
489 1631 555 1684 de
592 1646 698 1684 om.
729 1629 1011 1697 Wesenb.,
1048 1630 1207 1684 Boot.
1282 1630 1374 1684 Ad
1408 1649 1462 1701 p.
1496 1636 1612 1685 129.
1645 1637 1728 1685 15.
1765 1662 1837 1672 -—
1873 1637 1941 1684 35
1980 1648 2144 1701 aqam
2178 1648 2292 1685 am-

265 1701 426 1770 plius
460 1699 791 1771 intellegere
820 1701 930 1754 sibi
957 1700 1217 1755 videntur
1243 1700 1454 1770 Baiter,
1491 1702 1637 1756 Boot
1660 1701 1885 1771 (Mnem.
1909 1707 2046 1756 1892
2074 1720 2127 1772 p.
2152 1704 2293 1772 118),

271 1770 513 1839 Tyr-rell,
551 1789 714 1841 aqam
740 1773 982 1840 apertius
1012 1774 1113 1824 aut
1131 1772 1365 1840 planius
1389 1771 1679 1826 Lehmann
1707 1770 1959 1836 Quaestt.
1978 1790 2033 1842 p.
2055 1777 2120 1825 31
2134 1788 2216 1840 sq.
2271 1772 2293 1845 Η

349 1842 419 1896 P.
451 1840 588 1895 134.
621 1847 651 1894 2
707 1843 880 1912 †mea
914 1841 1176 1896 Wesenb.
1208 1842 1350 1896 coni.
1381 1843 1475 1896 sed
1519 1860 1583 1897 ea
1619 1859 1737 1897 mea
1771 1845 1954 1898 cautio
1990 1849 2079 1913 est.
2128 1873 2199 1883 —
2259 1848 2290 1896 3

270 1914 556 1969 ducentas
593 1910 875 1981 Wesenb.,
912 1910 1131 1982 Tyrrell
1167 1911 1458 1967 Hermath.
1487 1911 1586 1967 vn
1628 1917 1765 1968 1890
1799 1931 1854 1983 p.
1885 1919 1953 1968 37
1983 1913 2143 1981 coni„
2181 1931 2287 1969 non

271 2002 378 2040 scr.
410 1985 472 2038 in
510 1985 597 2039 ed.
635 2015 706 2023 —
753 1993 784 2038 5
819 1983 1134 2039 Dumtaxat
1167 2001 1410 2039 rumores
1444 1984 1527 2039 vel
1563 1985 1743 2051 etiam,
1778 1983 2009 2054 Madvig
2044 1985 2181 2038 Adv.
2210 1985 2287 2038 III

269 2074 325 2126 p.
358 2060 483 2123 175,
520 2053 579 2108 L.
610 2053 830 2108 Polster
855 2053 1126 2109 Fleckeis.
1157 2054 1345 2108 annal.
1378 2059 1514 2108 1896
1550 2073 1604 2124 p.
1628 2059 1749 2122 536,
1786 2055 1919 2109 dwm
1953 2062 2079 2109 acta
2113 2061 2164 2109 et
2197 2073 2289 2109 ru-

270 2143 448 2181 mores
496 2126 662 2179 vellet.
729 2126 853 2179 Iam
900 2126 1088 2193 codd.,
1142 2125 1299 2179 Dum
1343 2132 1470 2180 aeta
1513 2131 1563 2180 et
1604 2141 1846 2180 rumores
1880 2125 1965 2179 vel
1999 2126 2188 2192 etiam,
2241 2128 2290 2180 si

271 2197 519 2264 Stinner,
554 2196 765 2263 Baiter,
801 2197 1056 2257 ducentos
1094 2197 1217 2264 (etsi
1250 2213 1424 2250 meam
1456 2197 1521 2250 in
1556 2212 1615 2250 eo
1644 2213 1797 2265 pars.
1824 2197 1875 2250 h.
1897 2213 1957 2265 p.
1996 2198 2292 2250 contractio

269 2268 573 2338 siquificat)
611 2269 742 2321 dum
778 2274 902 2321 aeta
938 2273 988 2321 et
1020 2284 1261 2321 ‘memores
1295 2268 1379 2321 vel
1411 2268 1576 2322 etiam
1609 2266 1756 2321 Boot
1790 2270 1851 2320 et
1884 2267 2006 2320 sine
2032 2267 2288 2336 parenth.

270 2339 371 2407 (ad
406 2355 459 2407 p.
493 2343 576 2392 16.
608 2340 697 2406 14)
734 2336 969 2405 Tyrrell,
1006 2338 1138 2392 dum
1175 2344 1300 2392 aeta
1335 2344 1385 2392 et
1417 2354 1658 2393 rumores
1685 2338 2015 2407 perscribere
2041 2339 2199 2392 velis.-
2244 2344 2294 2392 et

270 2410 408 2474 iam,
452 2410 502 2462 si
545 2424 702 2479 quae
736 2407 998 2462 Wesenb.
1058 2438 1128 2449 —
1182 2413 1213 2461 6
1252 2409 1409 2462 aliis
1445 2415 1503 2463 et
1539 2408 1830 2477 Pomptino
1866 2408 2033 2476 Boot,
2078 2408 2288 2475 Baiter,

270 2478 510 2548 Tyrrell,
550 2480 775 2546 litteras,
812 2485 862 2534 et
897 2480 1059 2532 alias
1096 2478 1389 2547 Pomptino
1427 2494 1457 2533 e
1495 2479 1653 2533 codd.
1685 2478 1945 2533 Wesenb.
1986 2511 2055 2519 —
2096 2485 2123 2532 7
2162 2480 2291 2533 dili-

268 2557 482 2621 yenter
517 2549 761 2618 Ernesti,
787 2549 997 2617 Baiter,
1025 2549 1186 2616 Boot,
1213 2549 1449 2618 Tyrrell,
1478 2550 1788 2621 diliqentes
1817 2550 1995 2617 codd.,
2025 2548 2287 2604 Wesenb.
2385 2603 2398 2614 ,

270 2652 339 2662 --
379 2626 413 2674 9
452 2621 566 2675 ΠΙ
594 2628 693 2676 aut
717 2621 870 2690 prid.
901 2619 1138 2674 Schiche
1172 2636 1360 2689 progr.
1390 2619 1570 2675 Berol.
1605 2625 1740 2674 1895
1777 2639 1831 2691 p.
1863 2627 1914 2687 4,
1959 2621 2048 2674 Id.
2077 2620 2287 2688 Baiter,

270 2691 536 2746 Wesenb.
559 2722 630 2732 —
649 2697 716 2745 26
745 2692 811 2745 de
840 2691 1111 2760 add.post
1125 2692 1269 2744 illud
1287 2690 1525 2745 Ernesto
1554 2693 1784 2746 auctore
1800 2693 2031 2745 recentt.
2047 2692 2171 2745 edd.
2188 2714 2201 2758 ς
2219 2690 2288 2745 cf.

268 2764 344 2816 ad
376 2769 496 2816 129.
520 2767 604 2817 15.
648 2761 874 2815 Dubito.
896 2793 964 2802 -
992 2767 1061 2815 30
1082 2761 1242 2815 XIV
1254 2760 1491 2815 Schiche
1517 2762 1895 2833 progr.Berol.
1914 2767 2047 2816 1895
2074 2768 2173 2831 Ρ.7
2188 2779 2288 2830 sq„

269 2834 332 2887 X
343 2832 620 2900 VBaiter,
639 2831 902 2886 Wesenb.
949 2835 968 2900 ΙΙ
1022 2832 1092 2886 P.
1106 2832 1242 2886 135.
1256 2838 1285 2885 7
1308 2834 1372 2885 iu
1389 2834 1667 2887 scribendo
1686 2834 1799 2888 iam
1819 2848 1850 2886 e
1868 2833 2112 2890 Ravenn.
2126 2833 2284 2887 Boot.

267 2936 338 2944 —
379 2909 449 2957 14
486 2910 536 2957 te
570 2904 703 2973 post
737 2905 918 2957 adesse
952 2905 1085 2956 vett.
1118 2903 1270 2969 edd,
1318 2905 1452 2956 ante
1487 2904 1552 2958 de
1588 2921 1635 2958 v.
1668 2909 1734 2958 15
1762 2903 1972 2971 Baiter,
2010 2906 2143 2958 ante
2178 2920 2291 2957 non

273 2974 564 3041 Wesenb.,
616 2990 720 3027 om.
763 2974 948 3040 codd.,
993 2973 1162 3041 Boot,
1208 2972 1428 3041 Tyrrell
1474 2989 1558 3043 ep.
1592 2979 1709 3028 189.
1784 2974 1874 3027 Ad
1918 2978 2053 3043 p.8.
2087 2979 2169 3028 19.
2220 3005 2289 3014 -

269 3052 335 3100 19
386 3046 560 3099 ΧΙΙΙ
606 3043 843 3098 Schiche
895 3061 1078 3115 progr.
1117 3043 1296 3098 Berol.
1340 3049 1475 3098 1895
1532 3062 1585 3114 p.
1625 3050 1683 3112 8,
1742 3044 1844 3098 XI
1883 3044 2103 3113 Baiter,
2161 3046 2297 3099 XII

266 3115 534 3170 Wesenb.
582 3146 648 3154 ——
698 3121 766 3167 24
812 3132 916 3184 quo
960 3116 1025 3170 de
1075 3115 1224 3168 ‘cum
1269 3114 1618 3169 Franckenio
1666 3116 2020 3169 scribendum
2073 3117 2284 3170 censet'

264 3187 428 3253 Boot,
468 3203 571 3240 scr.
602 3185 822 3254 Tyrrell
859 3200 942 3255 ep.
975 3190 1094 3252 190,
1130 3186 1331 3255 †quod
1366 3184 1648 3254 Wesenb.,
1685 3186 1849 3253 Bo'ot,
1886 3194 2015 3255 quot
2049 3186 2284 3255 Manat,

264 3257 465 3311 Baiter
522 3258 697 3310 ‘recte
731 3257 974 3309 mutavit
1007 3255 1239 3310 Boetius
1276 3256 1448 3311 verba
1484 3264 1613 3326 quot
1646 3263 1773 3312 aute
1806 3257 1867 3310 in
1895 3258 2039 3326 quod
2064 3258 2283 3312 dedisti’

263 3328 333 3383 H.
365 3328 431 3383 A.
461 3300 623 3381 koch
697 3342 841 3397 rogr.
871 3326 1019 3381 Port.
1053 3331 1190 3381 1868
1226 3345 1280 3396 p.
1313 3333 1399 3382 22.
1455 3359 1523 3367 -
1580 3333 1648 3381 25
1694 3330 2017 3382 vacationis
2051 3329 2287 3382 iudicia-

262 3401 403 3454 riae
437 3415 620 3453 eausa
719 3398 888 3467 advig
925 3398 1136 3451 ‘Revue
1173 3397 1242 3451 de
1269 3397 1488 3466 philol.’
1515 3403 1652 3451 1878
1680 3416 1734 3467 p.
1759 3404 1857 3452 177
1872 3414 2011 3466 sqq.,
2050 3398 2286 3467 Tyrrell,

264 3471 573 3525 vacationis
621 3469 954 3522 iudiciorum
996 3485 1166 3523 eausa
1211 3468 1296 3523 Fr.
1344 3468 1601 3523 Schmidt
1642 3485 1837 3539 progr..
1865 3468 2115 3523 Norimb.
2149 3473 2286 3522 1879

266 3557 321 3610 Ρ.
352 3547 419 3595 24
438 3558 550 3610 sq„
606 3540 913 3594 vacationes
966 3540 1324 3594 iudiciariam
1370 3557 1593 3594 causam
1638 3541 1735 3609 (ad
1769 3558 1823 3609 p.
1857 3545 1941 3593 54.
1975 3542 2062 3608 15)
2109 3539 2287 3604 codd.,
