2642 3923
691 214 1205 270 EPISTULARUM
1241 215 1341 268 AD
1377 213 1683 269 BRUTUM
1720 216 1746 268 I
1784 221 1866 270 16.
2150 214 2281 278 545

262 359 413 423 11010
466 361 531 421 et
587 358 710 421 dici
757 358 1122 423 consulares
1161 357 1484 422 volumus!
1549 355 1849 421 Ceterum
1890 357 2280 440 nequiquam

263 447 526 531 perierit
589 446 744 510 ille?
836 443 1036 516 Cuius
1098 447 1368 509 interitu
1433 445 1585 529 quid
1648 446 1855 528 gavisi
1908 467 2158 527 01110110,
2224 445 2281 508 01

263 539 520 599 mortuo
584 534 789 598 nihilo
852 534 1065 597 minus
1132 534 1433 598 servituri
1488 534 1782 598 eramus?
1836 532 2069 617 †nulla
2131 554 2282 595 cura

265 623 650 687 adhibetur?
724 620 848 685 Sed
901 622 1063 686 101111
1107 622 1288 705 prius
1346 622 1561 686 omnia
1606 620 1672 685 di
1717 622 1993 704 deaeque
2040 621 2278 704 eripue-

210 736 237 777 5
265 711 399 774 rint
446 732 637 794 quam
686 709 846 773 illud
889 710 1222 794 iudicium,
1275 731 1404 793 quo
1448 730 1583 774 non
1625 710 1816 773 modo
1862 707 2080 772 heredi
2126 709 2282 793 eius,

266 821 455 882 quem
505 799 732 881 occidi,
790 820 922 862 non
968 798 1416 883 concesserim,
1475 797 1646 880 quod
1691 798 1760 860 in
1804 797 1918 860 illo
1964 819 2097 861 non
2141 797 2282 882 tuli,

266 887 377 951 sed
428 909 509 951 ne
563 887 734 971 patri
792 885 1048 970 quidem
1102 906 1275 971 meo,
1339 886 1395 949 si
1440 886 1816 968 revivescat,
1880 889 1954 948 ut
1999 885 2281 969 patiente

264 998 366 1039 me
421 975 567 1059 plus
623 974 876 1060 legibus
931 995 1003 1037 ac
1062 978 1286 1038 senatu
1343 974 1566 1057 possit.
1657 971 1763 1036 An
1804 972 1930 1037 hoc
1975 973 2100 1037 tibi
2143 995 2281 1057 per-

267 1085 528 1127 suasum
574 1067 691 1148 est,
735 1063 873 1126 fore
910 1066 1156 1126 ceteros
1202 1059 1303 1125 ab
1332 1084 1405 1125 eo
1452 1062 1711 1145 liberos,
1755 1083 1883 1145 quo
1921 1061 2125 1125 invito
2172 1082 2282 1124 no-

183 1178 240 1218 10
267 1151 367 1215 1110
414 1152 484 1215 111
526 1151 654 1215 ista
700 1151 960 1215 civitate
1006 1150 1184 1214 locus
1220 1171 1354 1213 non
1391 1150 1519 1214 sit?
1593 1113 1717 1225 Qui
1751 1171 1945 1233 porro
1981 1149 2067 1233 id,
2112 1149 2283 1232 quod

265 1240 452 1324 petis,
496 1239 638 1303 fieri
680 1242 899 1323 potest
944 1242 1018 1301 ut
1054 1239 1403 1322 impetres?
1475 1236 1694 1321 Rogas
1740 1237 1929 1324 enim,
1973 1201 2128 1301 velit
2163 1258 2282 1301 nos

269 1328 481 1392 salvos
556 1349 709 1391 0000.
814 1325 1128 1390 Videmur
1201 1346 1354 1409 ergo
1419 1325 1543 1390 tibi
1608 1326 1881 1389 salutem
1942 1325 2283 1410 accepturi,

267 1438 412 1480 cum
459 1415 660 1479 vitam
706 1414 1177 1498 acceperimus?
1251 1412 1475 1500 Quam,
1518 1415 1645 1478 nisi
1681 1414 1860 1498 prius
1897 1413 2279 1478 dimittimus

268 1504 651 1588 dignitatem
695 1506 761 1567 et
803 1501 1189 1588 libertatem,
1234 1502 1347 1585 qui
1391 1523 1734 1586 possumus
1780 1502 2104 1586 accipere?
2177 1500 2282 1565 An

187 1620 240 1660 15
269 1597 343 1656 tu
401 1590 646 1655 Romae
696 1589 1019 1676 habitare,
1082 1591 1147 1654 id
1206 1592 1397 1674 putas
1453 1590 1836 1654 incolumem
1882 1590 2062 1654 000οῬ
2134 1588 2281 1673 Res,

267 1701 402 1744 non
445 1680 624 1744 locus
670 1682 926 1761 oportet
969 1682 1273 1780 praestet·
1291 1678 1463 1741 istuc
1505 1677 1681 1741 mihi.
1774 1676 2001 1760 Neque
2045 1678 2282 1742 incolu-

268 1768 393 1832 mis
451 1765 719 1831 Caesare
773 1766 920 1831 vivo
973 1768 1093 1850 fui,
1151 1767 1278 1830 nisi
1334 1769 1752 1850 posteaquam
1797 1765 1958 1829 illud
2004 1767 2282 1830 conscivi

269 1856 537 1941 facinuS,
578 1876 785 1938 neque
830 1876 1101 1937 usquam
1139 1854 1320 1918 exsul
1358 1875 1497 1918 esse
1530 1876 1812 1938 possum,
1857 1854 2009 1917 dum
2047 1855 2282 1918 servire

270 1949 336 2011 et
389 1944 528 2029 pati
580 1942 997 2009 contumelias
1052 1943 1235 2028 peius
1291 1942 1483 2008 odero
1542 1943 1728 2007 malis
1776 1941 2073 2007 omnibus
2121 1941 2279 2007 aliis.

188 2060 241 2100 20
271 2032 505 2097 Nonne
546 2031 673 2096 hoc
717 2037 815 2095 est
860 2034 930 2095 in
976 2032 1227 2096 easdem
1271 2032 1570 2095 tenebras
1615 2031 1933 2117 recidisse,
1976 2033 2036 2095 si
2071 2030 2151 2094 ab
2190 2052 2283 2114 00,

272 2122 386 2205 0111
430 2121 692 2204 tyranni
736 2140 972 2184 nomen
1017 2120 1286 2206 adscivit
1334 2119 1479 2205 sibi,
1524 2141 1668 2183 cum
1712 2120 1784 2183 in
1830 2117 2086 2183 Graecis
2135 2119 2281 2183 civi-

271 2209 518 2274 tatibus
577 2208 780 2272 liberi·
816 2211 1238 2291 tyrannorum
1295 2208 1619 2291 oppressis
1674 2206 1806 2271 illis
1862 2207 2083 2271 eodem
2139 2229 2281 2291 sup-

271 2297 464 2382 plicio
513 2296 910 2380 adficiantur,
962 2297 1223 2380 petitur,
1267 2299 1342 2358 ut
1387 2295 1667 2360 vindices
1714 2300 1906 2379 atque
1952 2317 2281 2379 oppresso-

272 2408 374 2451 res
410 2384 865 2449 dominationis
904 2383 1066 2448 salvi
1104 2384 1279 2448 sint?
1328 2383 1515 2447 Hanc
1549 2405 1667 2467 ego
1707 2383 2032 2447 civitatem
2068 2383 2281 2447 videre

190 2502 241 2541 25
271 2474 465 2538 velim
511 2476 624 2537 aut
667 2476 889 2556 putem
934 2472 1151 2557 ullam,
1204 2493 1367 2555 quae
1411 2494 1491 2535 ne
1536 2471 1839 2535 traditam
1886 2471 2141 2554 quidem
2186 2476 2281 2535 at-

274 2585 397 2646 que
452 2562 835 2625 inculcatam
887 2560 1251 2624 libertatem
1305 2560 1582 2643 recipere
1636 2559 1845 2644 possit
1887 2559 2160 2643 plusque
2204 2560 2280 2623 ti·

272 2653 444 2714 meat
489 2650 559 2714 in
603 2670 801 2733 puero
838 2670 1071 2712 nomen
1108 2648 1349 2712 sublati
1385 2648 1556 2733 regis
1594 2669 1785 2730 quam
1823 2648 2102 2711 confidat
2140 2648 2283 2733 sibi,

276 2760 422 2802 cum
465 2738 651 2801 illum
697 2737 926 2821 ipsum,
982 2737 1094 2819 qui
1137 2736 1450 2800 maximas
1498 2757 1651 2820 opes
1695 2735 2012 2819 habuerit,
2057 2757 2282 2820 pauco-

274 2848 421 2890 rum
479 2826 719 2890 virtute
781 2824 1109 2889 sublatum
1160 2824 1419 2888 videat?
1508 2823 1614 2888 Me
1668 2845 1818 2887 vero
1877 2824 2147 2907 posthac
2203 2846 2283 2888 ne

192 2942 246 2981 30
277 2913 812 2978 commendaveris
862 2912 1116 2977 Caesari
1169 2917 1311 2997 tuo,
1367 2933 1450 2976 ne
1507 2916 1573 2975 te
1630 2912 1885 2995 quidem
1930 2912 2174 2997 ipsum,
2228 2911 2280 2977 si

272 3025 376 3067 me
434 3002 667 3067 audies,
758 3000 962 3065 Valde
1007 3022 1149 3065 care
1196 3001 1495 3064 aestimas
1541 3002 1642 3064 tot
1688 3022 1908 3083 0111100,
1954 3005 2113 3082 quot
2159 3001 2284 3064 ista

275 3095 449 3154 aetas
495 3090 745 3175 recipit,
790 3090 847 3153 si
891 3092 1155 3173 propter
1191 3110 1332 3152 eam
1368 3110 1625 3152 causam
1661 3109 1859 3172 puero
1896 3088 2009 3151 isti
2047 3087 2282 3172 suppli-

273 3183 530 3243 caturus
577 3199 662 3244 es,
751 3177 1017 3263 Deinde,
1070 3177 1241 3260 quod
1285 3176 1707 3261 pulcherrime
1752 3176 1962 3239 fecisti
2009 3197 2081 3239 ac
2125 3177 2281 3239 facis

273 3267 339 3331 in
376 3266 681 3349 Antoni0‚
726 3265 870 3329 vide
907 3280 988 3328 00
1031 3268 1441 3329 convertatur
1486 3287 1523 3328 a
1567 3263 1752 3327 laude
1770 3264 2051 3327 'maximi
2088 3264 2285 3328 animi

190 3381 245 3423 ³⁵
273 3356 352 3420 ad
388 3355 753 3439 opinionem
791 3353 1166 3417 formidinis.
1241 3351 1430 3439 Nam,
1465 3352 1523 3417 si
1560 3349 1864 3416 Octavius
1900 3351 2025 3415 tibi
2060 3352 2287 3438 placet,

274 3466 312 3507 a
366 3465 492 3527 quo
552 3443 630 3506 de
681 3445 903 3506 nostra
963 3440 1169 3505 salute
1213 3440 1555 3525 petendum
1603 3441 1717 3525 sit,
1776 3460 1911 3504 non
1955 3440 2285 3504 dominum

272 3532 543 3615 fugisse,
609 3531 718 3594 sed
773 3530 1138 3597 amiciorem
1192 3529 1522 3592 dominum
1576 3527 1900 3611 quaesisse
1952 3528 2284 3592 videberis.

380 3644 470 3685 Cic.
500 3645 630 3692 epist.
658 3644 718 3684 11.
1894 3636 1962 3684 35
