2642 3923
306 203 438 267 310
946 202 1015 255 M.
1050 201 1265 256 TULLI
1302 198 1682 257 CICERONIS

304 366 470 432 cero,
513 346 746 432 cogita,
787 367 868 409 ne
913 349 980 409 te
1024 349 1301 429 tuosque
1341 345 1550 408 omnis
1602 344 1894 410 funditus
1934 348 2201 428 evertas,
2245 365 2326 408 ne

303 437 371 498 te
426 434 631 498 sciens
687 433 1093 519 prudensque
1136 454 1212 498 eo
1262 433 1591 518 demittas,
1646 432 1812 498 unde
1858 433 2104 496 exitum
2149 431 2325 496 vides

304 522 555 587 nullum
601 544 756 587 esse.
831 520 1072 598 Quodsi
1117 525 1184 585 te
1230 525 1343 585 aut
1380 543 1566 586 voces
1606 521 2017 604 optimatium
2054 542 2326 585 commo·

304 614 484 694 vent,
538 615 650 675 aut
702 631 834 674 non
887 610 1215 674 nullorum
1257 609 1594 674 hominum
1639 609 2051 674 insolentiam
2095 613 2160 673 et
2205 609 2326 672 iac·

304 698 615 764 tationem
660 698 826 763 ferre
868 719 1003 763 non
1046 702 1261 783 potes,
1315 696 1517 782 eligas
1564 719 1788 763 censeo
1836 697 2097 781 aliquod
2148 698 2325 780 oppi·
2353 723 2379 762 6

308 787 459 852 dum
499 808 772 851 vacuum
809 809 846 850 a
882 786 1072 870 bell0,
1117 786 1268 850 dum
1306 786 1463 850 haec
1499 786 1951 869 decernuntur3
1998 806 2161 869 quae
2195 787 2325 849 iam

307 879 496 940 erunt
541 876 842 940 confecta.
932 874 1008 938 Id
1062 875 1119 938 si
1173 874 1420 960 feceris,
1475 878 1539 938 et
1594 895 1713 959 ego
1760 878 1828 937 te
1872 874 2196 958 sapienter
2239 873 2326 938 fe·

305 964 469 1029 cisse
511 963 823 1047 iudicabO,
867 966 934 1027 et
979 960 1316 1027 Caesarem
1359 983 1495 1027 non
1540 961 1834 1027 offendes.

1275 1138 1355 1204 X.

642 1260 756 1317 Sor.
784 1261 849 1315 in
886 1260 1133 1315 Cumano
1179 1260 1235 1315 V
1262 1260 1410 1315 Non.
1444 1260 1589 1314 Mai.
1620 1277 1672 1314 a.
1705 1262 1816 1316 705
1856 1262 1995 1327 (49).
2353 1271 2427 1311 ιο·

942 1380 1197 1438 CICERO
1237 1381 1500 1437 ATTICO
1539 1381 1687 1437 SAL.

438 1491 547 1558 Me
600 1513 881 1577 caecum,
940 1492 1053 1576 qui
1105 1492 1264 1556 haec
1308 1495 1459 1556 ante
1502 1512 1635 1556 non
1680 1490 1974 1555 viderim!
2050 1488 2201 1555 Misi
2248 1489 2328 1554 ad

305 1585 373 1647 te
418 1581 760 1665 epistulam
805 1580 1067 1644 Antoni.
1140 1579 1226 1645 Ei
1270 1601 1417 1645 cum
1463 1600 1582 1664 ego
1631 1579 2002 1662 saepissime
2041 1578 2327 1661 scripsis-

303 1681 442 1735 sem
484 1668 652 1733 nihil
695 1690 797 1733 me
841 1672 1065 1733 contra
1109 1666 1402 1733 Caesaris
1439 1669 1724 1733 rationes
1761 1667 2063 1752 cogitare,
2107 1666 2326 1730 memi-

304 1759 480 1822 nisse
523 1779 626 1822 me
670 1757 890 1843 generi
933 1758 1079 1841 mei,
1122 1756 1490 1821 meminisse
1535 1756 1870 1839 amicitiae,
1913 1755 2220 1839 potuisse,
2268 1755 2326 1820 si
2355 1783 2407 1823 ιε

307 1845 495 1911 aliter
549 1846 878 1930 sentirem,
932 1866 1071 1910 esse
1124 1866 1267 1910 cum
1320 1843 1655 1929 Pompei03
1718 1865 1823 1909 me
1877 1846 2121 1928 autem,
2174 1843 2326 1927 quia

306 1956 451 2002 cum
505 1934 843 2000 lictoribus
899 1934 1143 1999 invitus
1198 1955 1548 2018 cursarem‚
1600 1932 1824 1998 abesse
1879 1931 2046 1997 velle
2097 1953 2215 1997 nec
2259 1931 2326 1996 id

306 2024 519 2109 ipsum
564 2028 809 2089 certum
855 2024 1052 2088 etiam
1096 2044 1267 2087 nunc
1312 2021 1567 2108 habere,
1608 2021 1773 2107 vide,
1820 2042 2014 2105 quam
2053 2021 2135 2084 ad
2170 2022 2326 2086 haec

305 2106 743 2197 τυραννικῶς·

441 2200 706 2265 Tuum
773 2199 1201 2265 consilium
1264 2220 1485 2283 quam
1547 2219 1808 2263 verum
1873 2201 2006 2262 est.
2107 2195 2408 2283 Nam,so

308 2289 437 2373 qui
517 2309 593 2353 se
671 2287 995 2352 medium
1068 2309 1231 2352 esse
1294 2287 1494 2371 vult,
1566 2286 1645 2351 in
1713 2286 1976 2370 patria
2047 2290 2322 2370 manet,

308 2376 437 2462 qui
481 2376 1056 2461 proficiscitur,
1111 2375 1408 2460 aliquid
1452 2375 1542 2439 de
1589 2376 1840 2439 altera
1883 2377 2058 2438 utra
2101 2378 2323 2457 parte

305 2465 648 2530 iudicare
690 2464 1024 2529 videtur.
1090 2462 1231 2530 Sed
1276 2485 1415 2549 ego
1460 2464 1530 2527 is
1574 2483 1726 2527 non
1770 2484 1958 2546 sum,
2005 2463 2134 2546 qui
2173 2467 2324 2527 sta·

306 2557 520 2618 tuere
584 2552 918 2638 debeam,
980 2553 1145 2617 iure
1204 2554 1376 2636 quis
1435 2552 1998 2635 proficiscatur
2056 2571 2323 2637 necne3

308 2645 568 2726 partes
637 2640 825 2706 mihi
897 2639 1185 2706 Caesar
1255 2640 1391 2704 has
1463 2640 1870 2723 imposuit,
1940 2661 2032 2704 ne
2107 2660 2323 2723 quem
2352 2666 2405 2706 π

310 2730 613 2795 omnino
688 2729 1080 2794 discedere
1151 2750 1242 2794 ex
1316 2726 1561 2792 Italia
1631 2731 1956 2811 paterer.
2062 2725 2324 2803 Quare

308 2818 530 2904 parvi
602 2818 847 2882 refert
910 2839 1020 2882 me
1083 2817 1408 2902 probare
1472 2816 2031 2901 cogitationem
2089 2820 2324 2902 tuam,

310 2907 380 2973 si
424 2905 624 2970 nihil
668 2911 922 2971 tamen
966 2905 1114 2970 tibi
1158 2906 1555 2970 remittere
1599 2926 1925 2988 possum.
1989 2903 2110 2968 Ad
2148 2868 2324 2970 Gae-

311 3017 557 3060 sarem
609 2994 882 3059 mittas
938 3015 1211 3059 censeo
1259 2998 1333 3058 et
1378 2993 1467 3057 ab
1515 3013 1596 3056 eo
1643 2992 1784 3056 hoc
1819 2996 2064 3075 petas.
2155 2991 2325 3058 Non

309 3082 612 3167 dubito,
668 3085 851 3166 quin
912 3083 1484 3167 impetraturus
1548 3081 1683 3164 sis,
1756 3101 1918 3145 cum
1980 3103 2324 3163 praeser-
2352 3108 2407 3148 ao

308 3172 447 3236 tim
506 3175 581 3235 te
639 3170 1023 3236 amicitiae
1077 3174 1390 3235 nostrae
1448 3169 1830 3233 rationem
1873 3167 2325 3235 habiturum

310 3280 476 3324 esse
531 3258 1021 3343 pollicearis?

443 3346 660 3410 Habes
699 3347 1030 3430 σκυταλην
1069 3348 1479 3429 Λακωνικήν.
1545 3342 1823 3410 Omnino
1863 3346 2173 3429 excipiam
2207 3346 2326 3410 ho·

307 3434 561 3498 minem.
635 3432 800 3498 Erat
846 3439 1059 3499 autem
1106 3453 1154 3498 v
1199 3432 1422 3499 Nonas
1467 3439 1777 3499 venturus
1815 3434 2083 3520 vesperi,
2126 3434 2194 3498 id
2230 3438 2327 3498 est

307 3520 514 3584 hodie.
588 3518 747 3584 Cras
773 3522 996 3606 ‘igitur
1042 3522 1122 3585 ad
1166 3545 1269 3587 me
1313 3523 1591 3587 fortasse
1634 3522 1864 3587 veniet.
1952 3521 2327 3609 Temptabo‚
2354 3548 2408 3591 ³5
