2642 3923
333 183 467 247 474
975 183 1050 239 Μ.
1080 182 1296 238 TULLI
1336 180 1716 237 CICERONIS

1310 415 1388 480 X

477 537 593 594 Ser.
622 537 687 592 in
725 536 1039 592 Tusculano
1075 536 1224 591 Non.
1254 537 1384 591 Iwn.
1415 542 1515 591 aut
1543 536 1812 606 postridie
1847 553 1899 591 a.
1930 537 2040 591 ⁷10
2075 536 2213 603 (44).

943 659 1233 715 CICERO
1267 658 1560 715 ATTICO
1596 659 1761 714 SAL.

468 766 523 834 O
569 769 759 834 Bruti
803 772 1092 833 amanter
1128 768 1403 852 scriptas
1438 767 1717 832 litteras!
1765 788 1804 832 o
1843 767 2136 851 iniquum
2172 770 2371 832 tuum

335 863 610 943 tempus,
655 858 769 942 qui
815 857 896 921 ad
941 878 1087 920 eum
1132 858 1224 921 ire
1268 879 1404 920 non
1447 857 1683 940 possis!
1757 856 1902 941 Ego
1950 861 2165 922 autem
2202 856 2369 939 quid
2427 879 2457 921 ο

337 946 658 1012 scribam?
702 950 777 1010 ut
813 944 1121 1010 beneficio
1160 945 1435 1009 istorum
1469 944 1783 1009 utantur?
1854 943 2022 1020 Quid
2055 944 2367 1028 turpius?

336 1034 429 1100 Ut
484 1035 835 1100 moliantur
891 1033 1180 1117 aliquid?
1255 1030 1394 1097 Nec
1450 1033 1685 1097 audent
1730 1054 1847 1097 nec
1890 1033 2019 1097 iam
2066 1036 2364 1116 possunt.

335 1122 496 1210 Age,
551 1125 883 1207 quiescant
937 1121 1308 1186 auctoribus
1366 1121 1585 1185 nobis·
1572 1173 1587 1204 ,
1653 1121 1797 1205 quis
1849 1119 2365 1186 incolumitatem

335 1213 668 1297 praestat?
742 1208 812 1275 Si
876 1231 1027 1275 vero
1090 1210 1333 1293 aliquid
1388 1209 1467 1274 de
1526 1208 1792 1274 Decimo
1849 1211 2135 1294 graviuS,
2196 1231 2365 1293 quae

334 1300 579 1365 nostris
632 1300 795 1385 vita,
848 1298 1102 1363 etiamsi
1154 1319 1345 1363 nemo
1400 1298 1713 1362 molestus
1770 1297 1902 1362 sit?
1965 1297 2151 1361 ludos
2205 1319 2365 1362 vero
2395 1322 2451 1360 10

334 1410 469 1453 non
511 1389 744 1452 facere!
801 1387 957 1470 quid
1002 1386 1293 1450 foedius?
1346 1385 1740 1451 frumentum
1786 1387 2140 1470 imponere!
2196 1408 2365 1469 quae

337 1481 438 1541 est
483 1476 610 1541 alia
654 1474 884 1540 Dionis
928 1475 1167 1560 legatio
1216 1478 1330 1538 aut
1377 1475 1548 1559 quod
1592 1497 1829 1539 munus
1874 1476 1943 1539 in
1987 1497 2057 1539 re
2102 1474 2365 1559 publica

337 1565 701 1630 sordidius?
771 1562 1045 1628 Prorsus
1101 1563 1362 1647 quidem
1417 1563 1686 1628 consilia
1743 1564 1863 1627 tali
1921 1564 1993 1627 in
2036 1585 2107 1627 re
2149 1585 2232 1627 ne
2276 1563 2362 1627 iis

337 1653 594 1739 quidem
637 1657 783 1717 tuta
828 1656 1013 1739 sunt,
1065 1651 1180 1736 qui
1225 1651 1405 1736 dant3
1470 1651 1579 1716 sed
1624 1652 1867 1735 possim
1912 1652 1979 1716 id
2019 1652 2364 1737 neglegere

336 1741 706 1827 proficiens3
778 1741 1022 1805 frustra
1084 1762 1235 1804 vero
1303 1741 1412 1824 qui
1478 1739 1845 1824 ingrediar?
1917 1739 2149 1804 Matris
2214 1761 2363 1804 con·
2392 1762 2444 1803 ιε

338 1830 483 1895 silio
531 1852 676 1902 cum
722 1832 947 1893 utatur
991 1828 1094 1893 vel
1139 1829 1334 1893 etiam
1379 1828 1695 1914 precibuS,
1743 1828 1898 1912 quid
1940 1850 2044 1892 me
2080 1829 2363 1913 interpo-

337 1919 534 1984 nam?
581 1916 706 1983 Sed
742 1922 962 1983 tamen
997 1917 1315 2003 cogitabo,
1347 1938 1473 2001 quo
1513 1937 1745 2002 genere
1782 1921 1932 1982 utar
1965 1917 2363 2002 litterarum3

337 2031 486 2073 nam
553 2007 739 2072 silere
803 2028 935 2070 non
996 2027 1279 2089 possum.
1374 2006 1611 2072 Statim
1674 2007 1877 2092 igitur
1938 2006 2197 2070 mittam
2256 2006 2364 2071 vel

337 2096 612 2161 Antium
655 2095 761 2160 vel
806 2092 1102 2159 Circeios,

1289 2268 1402 2336 XI.
2392 2295 2443 2333 20

630 2392 744 2448 Sor.
773 2393 838 2447 cm
872 2392 1099 2448 Antiati
1133 2409 1184 2447 a.
1214 2392 1268 2447 α.
1308 2393 1401 2447 VI
1427 2392 1515 2446 Id.
1544 2391 1674 2447 Iun.
1705 2410 1756 2448 a.
1789 2395 1899 2448 710
1937 2394 2074 2462 (44).

947 2515 1235 2572 CICERO
1268 2514 1563 2570 ATTICO
1599 2514 1763 2570 SAL.

473 2624 744 2689 Antium
788 2624 935 2689 veni
983 2647 1036 2689 a.
1075 2623 1133 2688 d.
1169 2641 1243 2687 vl
1281 2622 1453 2688 Idus.
1526 2623 1732 2688 Bruto
1779 2623 2092 2688 iucundus
2136 2627 2361 2688 noster

337 2714 666 2778 adventus.
727 2711 975 2778 Deinde
1011 2711 1235 2776 multis
1273 2712 1701 2798 audientibus,
1739 2711 2028 2797 Servilia,
2056 2711 2363 2795 Tertulla,

335 2801 589 2886 Porcia,
646 2823 979 2885 quaerere,
1044 2801 1200 2884 quid
1243 2801 1541 2884 placeret.
1633 2799 1875 2865 Aderat
1921 2801 2116 2865 etiam
2162 2799 2364 2864 Favo-
2392 2825 2445 2866 85

335 2891 501 2954 nius,
593 2889 765 2975 Ego,
829 2890 1000 2974 quod
1045 2910 1219 2952 eram
1261 2888 1610 2953 meditatus
1657 2889 1725 2953 in
1769 2889 1903 2975 via,
1959 2889 2242 2974 suadere,
2286 2892 2364 2953 ut

336 2982 628 3042 uteretur
688 2976 977 3042 Asiatica
1032 2977 1364 3041 curatione
1421 2977 1756 3061 frumenti3
1817 2977 1985 3041 nihil
2038 2998 2176 3041 esse
2230 2977 2364 3041 iam

337 3066 597 3152 reliqui,
661 3065 831 3149 quod
893 3086 1257 3150 ageremus,
1317 3064 1448 3128 nisi
1501 3068 1578 3129 ut
1632 3065 1847 3130 salvus
1902 3069 2098 3147 esset3
2160 3065 2231 3128 in
2285 3086 2362 3130 eo

339 3156 534 3220 etiam
593 3153 719 3237 ipsi
779 3154 874 3219 rei
929 3154 1221 3237 publicae
1277 3175 1415 3217 esse
1469 3154 1872 3236 praesidium.
1965 3152 2166 3228 Quam
2225 3174 2363 3218 ora-

337 3243 582 3308 tionem
628 3263 773 3305 cum
819 3243 1151 3327 ingressus
1198 3263 1421 3326 essem,
1468 3239 1730 3306 Cassius
1775 3242 2138 3306 intervenit.
2212 3241 2360 3326 Ego
2392 3268 2447 3308 so

338 3332 556 3395 eadem
619 3330 734 3394 illa
796 3331 1085 3414 repetivi.
1183 3329 1327 3395 Hoc
1388 3330 1529 3395 loco
1593 3330 1873 3395 fortibus
1940 3351 2092 3394 sane
2156 3329 2361 3394 oculis

339 3416 601 3482 Cassius
657 3416 963 3504 (Martem
1018 3419 1263 3502 spirare
1320 3417 1590 3506 diceres)
1647 3441 1715 3483 se
1774 3420 1843 3483 in
1888 3417 2171 3484 Siciliam
2226 3439 2365 3483 non

336 3507 597 3570 iturum.
700 3506 778 3569 ‘E
785 3528 950 3591 gone
1015 3510 1090 3571 ut
1153 3507 1534 3572 beneficium
1597 3508 1975 3594 accepissem
2040 3511 2364 3572 contume-
