2642 3923
320 207 453 271 430
958 164 1035 262 Μ.
1072 205 1287 261 TULLI
1323 203 1704 261 emmonis

322 350 455 415 illis
518 349 793 435 transigi
855 350 1042 414 malo.
1145 348 1370 425 Quinti
1432 349 1652 414 fratris
1719 349 2066 432 epistulam
2128 349 2207 412 ad
2277 354 2345 414 te

320 439 472 503 misi
532 460 664 502 non
719 438 877 502 satis
940 439 1216 502 humane
1280 438 1461 502 illam
1526 436 1785 522 quidem
1851 438 2343 522 respondentem

320 527 480 591 meis
516 526 771 609 litteris,
816 526 926 591 sed
962 530 1178 589 tamen
1215 526 1386 611 quod
1426 525 1550 590 tibi
1586 526 1745 590 satis
1786 525 1892 612 sit,
1937 531 2010 591 ut
2047 527 2343 610 equidem

322 614 638 679 existimo,
730 614 829 679 'Pu
873 615 1137 679 videbis».

1183 788 1481 856 XLVHI.
2405 819 2435 860 ε,

607 912 720 968 Ser.
749 913 814 967 im
855 912 1168 966 Tusculano
1204 910 1304 964 IV
1332 911 1482 965 Non.
1512 910 1656 966 Sext.
1687 928 1738 966 α.
1771 913 1883 967 709
1919 915 2059 980 (45).

927 1033 1216 1089 CICERO
1251 1033 1542 1089 ATTICO
1578 1034 1740 1089 SAL.

456 1142 617 1208 Heri
659 1144 875 1208 nescio
923 1142 1078 1227 quid
1123 1143 1191 1206 in
1234 1143 1511 1227 strepitu
1548 1142 1767 1207 videor
1805 1143 2157 1226 exaudisse,
2201 1162 2343 1206 cum

326 1232 562 1297 diceres
625 1236 689 1296 te
751 1232 820 1294 in
883 1231 1312 1295 Tusculanum
1370 1235 1729 1295 venturum.
1821 1229 2008 1306 Quod
2070 1231 2342 1294 utinam!

325 1321 561 1384 iterum
605 1320 878 1384 utinam!
953 1325 1067 1383 tuo
1114 1324 1330 1383 tamen
1374 1319 1722 1384 commodo.
2375 1348 2431 1387 ιο

460 1408 662 1492 Lepta
697 1429 799 1471 me
835 1411 1043 1492 rogat,
1080 1412 1173 1493 ut,
1210 1408 1264 1471 si
1303 1407 1457 1491 quid
1498 1406 1622 1471 sibi
1660 1428 1821 1491 opus
1862 1407 1966 1493 sit,
1995 1428 2345 1490 accurram3

326 1501 621 1561 mortuus
686 1497 855 1560 enim
909 1495 1264 1559 Babullius,
1357 1493 1619 1579 Caesar,
1684 1496 1942 1580 opinor,
2006 1517 2084 1559 ex
2141 1495 2346 1580 uncia,

313 1585 453 1659 ,etsi
487 1584 654 1649 nihil
691 1584 921 1668 adhuc;
968 1584 1077 1649 sed
1112 1582 1317 1668 Lepta
1355 1605 1432 1648 ex
1470 1585 1723 1648 triente.
1796 1582 2076 1647 Veretur
2114 1587 2347 1667 autem,

325 1693 409 1738 ne
451 1694 585 1738 non
626 1673 816 1737 liceat
861 1677 1076 1737 tenere
1119 1672 1558 1755 hereditatem,
1605 1672 1862 1755 ἀλόγως
1909 1672 2188 1750 omnine,
2238 1671 2346 1735 sed

329 1765 585 1826 veretur
654 1766 883 1825 tamen.
988 1759 1053 1826 Is
1117 1761 1319 1845 igitur
1385 1761 1441 1823 si
1505 1761 1790 1845 accierit,
1865 1781 2218 1840 accurram3
2291 1759 2346 1823 si
2374 1788 2427 1827 ιε

329 1850 562 1935 minus,
605 1871 731 1915 non
775 1853 1118 1933 antequam
1162 1870 1420 1914 necesse
1466 1849 1605 1913 erit.
1691 1848 1789 1912 'I'u
1832 1847 2158 1934 Pollicem,
2205 1870 2346 1913 cum

330 1938 591 2024 poteris.

465 2027 927 2092 Laudationem
979 2026 1245 2091 Porciae
1306 2026 1430 2090 tibi
1495 2026 1645 2089 misi
1701 2030 2069 2091 correctam.
2167 2025 2341 2088 Adeo

332 2117 697 2200 properavi,
759 2120 859 2200 ut,
920 2115 976 2179 si
1038 2116 1206 2180 forte
1270 2118 1383 2178 aut
1437 2112 1728 2178 Domitio
1783 2114 1919 2178 filio
1977 2119 2089 2177 aut
2143 2113 2343 2177 Bruto

332 2205 727 2290 mitteretur,
778 2204 935 2268 haec
987 2204 1368 2268 mitteretur.
1461 2201 1565 2285 Id,
1621 2203 1677 2267 si
1731 2202 1856 2266 tibi
1905 2203 2028 2267 erit
2074 2224 2347 2267 commo·
2375 2229 2429 2268 zo

334 2294 512 2378 dum,
573 2313 806 2377 magno
862 2314 1051 2376 opere
1104 2313 1285 2356 cures
1329 2291 1523 2356 velim
1569 2294 1633 2354 et
1677 2291 1870 2355 velim
1916 2290 2000 2355 M.
2038 2290 2348 2354 Varronis

335 2386 400 2447 et
446 2379 576 2445 Olli
629 2381 852 2445 mittas
906 2380 1367 2464 laudationem,
1431 2377 1560 2443 Olli
1616 2380 1855 2462 utique.
1948 2377 2119 2443 Nam
2173 2378 2350 2442 illam

334 2470 490 2554 legi,
544 2470 691 2534 volo
745 2473 965 2533 tamen
1007 2472 1356 2553 regustare.
1450 2466 1773 2544 Quaedam
1820 2468 1990 2531 enim
2035 2468 2144 2531 vix
2190 2467 2351 2530 mihi

335 2558 520 2623 credo
567 2558 799 2642 legisse
843 2578 962 2622 me.

1233 2729 1457 2797 XLIX.
1637 2696 1640 2698 “
2380 2757 2432 2797 2⁵

574 2854 687 2910 Ser.
716 2861 781 2909 in
822 2854 1134 2909 Tusculano
1172 2854 1295 2908 circ.
1330 2853 1430 2908 XI
1465 2853 1535 2906 K.
1568 2852 1708 2921 Sept.
1740 2870 1792 2906 a.
1824 2856 1935 2908 709
1973 2855 2109 2920 (45).

943 2976 1232 3031 CICERO
1266 2975 1559 3030 ATTICO
1594 2975 1759 3030 SAL.

469 3088 728 3152 Atticae
780 3086 1061 3170 primum
1117 3085 1391 3149 salutem
1446 3082 1670 3171 (quam
1717 3084 2007 3167 equidem
2042 3084 2179 3148 ruri
2216 3104 2353 3148 esse

339 3176 647 3261 arbitror3
699 3175 969 3239 multam
1032 3174 1236 3258 igitur
1290 3171 1593 3259 salutem)
1660 3176 1725 3235 et
1778 3170 1996 3236 Piliae.
2098 3170 2194 3234 De
2250 3171 2353 3235 Ti-

339 3265 560 3350 gellio,
625 3263 682 3327 si
744 3262 898 3346 quid
954 3261 1124 3326 novi.
1232 3258 1357 3338 Qui
1421 3260 1704 3345 quidem,
1775 3265 1849 3324 ut
1907 3260 2069 3324 mihi
2129 3256 2354 3323 Gallus
2383 3287 2437 3327 so

338 3352 573 3416 Fadius
633 3351 919 3435 scripsit,
972 3348 1221 3433 μέμψιν
1281 3347 1598 3433 ἀναφέρει
1656 3348 1817 3412 mihi
1869 3348 2188 3432 quandam
2236 3348 2355 3412 ini-

342 3441 734 3523 quissimam,
775 3461 875 3503 me
910 3437 1225 3502 Phameae
1271 3437 1563 3522 defuisse,
1600 3459 1745 3501 cum
1790 3437 1924 3501 eius
1971 3458 2227 3501 causam
2261 3458 2356 3500 re-

342 3528 665 3609 cepissem.
731 3525 935 3602 Quam
964 3526 1221 3610 quidem
1258 3547 1619 3609 receperam
1647 3529 1870 3589 contra
1905 3546 2140 3608 pueros
2170 3522 2356 3589 Octa-
