2642 3923
1054 214 1113 270 P.
1150 221 1443 269 151—160.
2192 217 2265 274 LI

240 354 520 420 Wesenb.,
557 361 702 410 certa
736 353 797 408 M
833 355 930 424 (ad
962 374 1019 438 Ρ.
1051 361 1134 410 24.
1167 358 1237 424 8),
1275 356 1484 423 Baiter,
1523 356 1682 423 Boot,
1720 355 1953 424 Tyn-eli.
1992 388 2062 399 —
2099 364 2163 412 11
2183 374 2264 425 sq.

235 428 276 497 [
271 428 365 481 sed
358 427 399 497 ]
435 399 592 480 Iu'lia
638 427 748 496 leqe
791 428 1031 481 transita
1067 457 1137 468 —
1173 427 1422 510 [praeter
1467 445 1586 481 eum
1631 428 1789 482 semel
1833 445 1986 482 nemo
2029 430 2234 498 accepit
2226 428 2268 499 J

234 498 376 565 facit
410 496 631 563 Baiter,
667 497 762 552 sed
796 498 833 567 †
867 498 1026 552 Iulia
1062 498 1171 568 leqe
1207 499 1527 563 wansitam,
1562 498 1824 552 semel—
1861 500 2020 566 vicis,
2048 506 2268 568 practer

236 567 521 635 Wesenb.,
559 568 653 622 sed
686 568 846 623 Iulia
882 569 991 638 leye
1035 569 1344 624 transitans
1386 570 1648 623 semel—
1694 569 1830 624 vicis
1864 569 2111 640 [praeter
2146 587 2268 624 eum

235 640 395 694 semel
429 638 619 709 nemo]
662 639 894 707 accepit.-
949 640 1089 704 facit
1122 639 1268 693 Boot
1310 637 1453 693 coni.
1501 640 1778 723 abstinens
1822 646 1922 706 cst,
1974 640 2069 695 sed
2109 641 2268 694 Iulia

238 712 350 780 leye
386 711 691 764 transitum
724 710 884 764 semel
928 715 1110 764 tamen
1143 710 1390 763 indidem
1423 740 1494 750 —
1530 710 1690 777 vicis,
1726 682 1958 779 accepi’t:
1992 712 2078 766 ita
2109 711 2265 778 facit,

235 781 516 835 abstinens
560 786 662 847 est,
707 780 802 834 sed
844 780 1003 833 Iulia
1048 780 1183 850 leae,
1217 780 1255 851 †
1291 781 1587 835 tran-sitam
1629 782 1666 851 †
1700 780 1973 835 semel—
2017 782 2151 836 vicis
2197 812 2267 822 —

228 858 452 921 practer
487 868 608 905 eum
642 851 799 905 semel
830 867 986 904 nemo
1029 880 1101 891 -
1144 852 1379 919 accepit.-
1413 853 1497 905 ita
1530 851 1670 916 facit
1704 850 1938 920 Tyrrell.
1974 853 2267 908 transitam

237 924 480 991 corrupt.
512 936 581 974 ex
606 922 671 974 in
699 921 980 975 transitu‘
985 936 1059 974 an
1076 920 1408 975 interlinear-
1436 921 1799 990 explanation
1828 921 1892 976 of
1914 921 1975 976 ἐν
2000 920 2261 989 παρόὸω’

234 996 396 1047 ratus
433 990 742 1060 (Hermath.
782 990 883 1045 VII
922 996 1060 1045 1890
1099 1009 1153 1060 p.
1186 995 1293 1060 38),
1340 993 1640 1058 abstinens,
1675 994 1832 1046 Iulia
1877 994 1987 1063 leye
2013 978 2268 1061 prandia

238 1096 307 1104 —-
351 1064 511 1129 vicis,
555 1064 762 1145 accepit
795 1068 847 1117 et
878 1062 1019 1129 facit
1052 1061 1284 1131 Madvig
1317 1061 1457 1116 Λᾶν.
1495 1062 1574 1115 ΠΙ
1616 1081 1671 1132 Ρ.
1713 1068 1831 1131 176,
1879 1079 1989 1132 quo
2034 1063 2266 1118 Boetius

239 1133 409 1187 nihil
444 1132 590 1186 vidit
623 1132 912 1215 ineptius’.
967 1132 1110 1185 Mihi
1144 1132 1230 1186 ita
1264 1148 1378 1187 non
1403 1133 1660 1202 ineptum
1684 1132 1922 1202 videtur,
1957 1136 2025 1189 ut
2116 1135 2265 1189 ansi-

235 1213 364 1261 tans
408 1203 749 1272 scripserim,
797 1203 950 1272 quod
993 1203 1384 1274 Peerlkampio
1419 1203 1701 1272 placuisse
1743 1205 1988 1259 testatur

237 1307 308 1316 —
339 1281 405 1328 19
441 1275 535 1329 sed
570 1274 673 1342 (sie
701 1273 884 1343 codd.)
912 1275 1139 1342 mirifice
1155 1277 1246 1328 eti
1255 1291 1355 1328 am
1381 1277 1733 1330 abstinentem
1752 1290 1784 1329 e
1810 1275 1971 1329 codd.
1990 1203 2265 1328 Malaegn·

238 1344 523 1412 Wesenb.,
569 1345 736 1412 Boot,
774 1344 915 1414 Tyn·
917 1343 1008 1399 ell.
1045 1375 1116 1385 --
1154 1350 1220 1397 33
1257 1346 1617 1415 croyabatwr
1653 1345 1727 1413 M,
1765 1344 1981 1413 Baiter,
2029 1346 2168 1415 Tyrr
2171 1362 2200 1399 e

238 1416 305 1470 V.
344 1415 634 1469 Lehmann
671 1415 791 1469 Α1313.
828 1433 882 1485 p.
821 1363 1035 1469 §tn-’1⁷4
1106 1417 1126 1484 ΙΙ
1189 1415 1260 1470 Ρ.
1302 1415 1544 1470 155.10
1579 1416 1709 1484 Apa
1712 1433 1947 1471 meense
1988 1416 2263 1484 Lambin„

239 1487 411 1543 Wes..
440 1485 672 1555 Tyrrell.
732 1485 796 1539 V.
818 1486 893 1538 ad
917 1484 1109 1555 fam.p
1113 1491 1267 1540 ,1.33
1288 1491 1373 1540 25.
1405 1517 1473 1526 -
1504 1491 1568 1539 16
1597 1486 1997 1558 [Laodiceam]
2022 1485 2261 1554 Ernesti,

237 1558 447 1611 Baiter.
504 1587 575 1598 -
631 1562 699 1609 23
746 1557 891 1611 enim
932 1558 1064 1626 post
1070 1504 1375 1611 Pheminem
1422 1557 1582 1611 codd.
1612 1560 1678 1611 ut
1714 1575 1766 1627 Ρ.
1809 1562 1927 1611 156.
1958 1563 2024 1610 22
2062 1565 2113 1613 et
2145 1564 2265 1612 erat

239 1631 398 1693 enim,
437 1627 566 1682 secl.
588 1626 754 1695 Bait„
782 1628 940 1680 Boot.
962 1658 1033 1668 —
1060 1633 1128 1681 35
1155 1628 1209 1681 si
1232 1626 1428 1681 Baiter
1455 1645 1581 1681 eum
1607 1628 1905 1698 prioribus,
1934 1643 2070 1682 corr.
2089 1626 2261 1696 Wes.,

239 1701 363 1767 (sim
397 1698 496 1767 Μ),
533 1716 581 1751 v.
604 1669 813 1751 32-’35
883 1699 996 1752 uod
1022 1728 1092 1737 —
1120 1699 1249 1752 aliis
1277 1700 1436 1751 extra
1470 1699 1728 1767 parenth.
1757 1699 1923 1766 Bait,
1959 1698 2114 1767 Tyrr.
2171 1699 2261 1753 Ad

238 1788 292 1840 p.
325 1775 525 1823 16.14.
589 1773 608 1829 11
671 1768 739 1822 Ρ.
772 1768 907 1823 15.
937 1774 968 1821 5
1007 1769 1071 1822 in
1105 1769 1178 1822 iis
1214 1768 1395 1836 codd„
1430 1768 1640 1836 Baiter,
1667 1769 1827 1836 Boot,
1863 1768 2107 1838 Tyrrell,
2143 1787 2262 1824 uma

240 1841 324 1895 ed.
363 1840 527 1906 Iena„
564 1837 828 1893 Wesenb.
875 1869 945 1878 —
982 1844 1014 1891 9
1051 1839 1175 1892 dixi
1217 1840 1449 1908 denique
1493 1839 1652 1894 codd.
1692 1842 1749 1892 Σ
1789 1812 2107 1921 (Lehmann
2140 1840 2258 1894 Att.

238 1930 291 1982 p.
321 1912 430 1980 47).
470 1940 540 1951 —
578 1914 646 1964 30
683 1911 762 1965 At
797 1909 938 1964 coni.
976 1908 1226 1977 Ernesti,
1263 1911 1300 1981 †
1337 1909 1420 1964 Et
1453 1908 1716 1965 Wesenb.
1757 1909 1897 1964 coni.
1936 1910 2065 1979 Sed,
2110 1911 2261 1983 [Et]

238 1983 448 2048 Baiter,
486 1981 646 2049 Boot,
681 1980 913 2049 Tyrrell.
942 2011 1013 2021 —
1050 1987 1115 2034 33
1138 1998 1219 2049 sq.
1256 1982 1575 2051 synyrapha
1610 1982 1699 2035 ius
1733 1981 2017 2048 diceretur,
2050 1999 2165 2037 mm
2198 1989 2263 2037 ut

239 2055 351 2109 alio
378 2054 501 2107 iure
526 2070 593 2106 ea
617 2068 861 2122 synqrap
817 2053 935 2120 ΡΙια
960 2059 1106 2117 esset,
1142 2069 1307 2120 quam
1334 2058 1534 2106 ceterae
1559 2068 1665 2122 syri
1718 2068 1766 2104 ·a
1759 2052 1904 2120 phac
1931 2052 2072 2105 coni.
2100 2051 2259 2120 Boot,

240 2142 341 2178 scr.
372 2123 529 2192 Tyrr.
567 2122 719 2176 falss
732 2153 802 2163 —-
840 2128 905 2176 37
943 2122 1137 2193 [illos]
1175 2121 1417 2189 Ernesti,
1455 2120 1624 2190 Wes.,
1709 2124 1819 2176 oot.
1891 2121 1911 2193 Η
1977 2122 2046 2177 Ρ.
2070 2122 2204 2177 157.
2225 2096 2259 2176 4

244 2195 418 2264 ‘Quid
450 2195 637 2261 potius
672 2193 789 2259 est’,
834 2194 1092 2261 inquam,
1140 2194 1327 2262 ‘quam
1362 2210 1464 2247 sor.
1501 2210 1641 2246 mus.
1679 2192 1857 2246 Rhen.
1889 2198 2026 2247 1898
2052 2211 2107 2263 Ρ.
2140 2199 2259 2262 124,

240 2282 402 2334 opus
427 2270 505 2318 est
528 2279 629 2333 pro
658 2264 841 2332 potius
868 2271 945 2318 est
975 2263 1154 2330 codd„
1195 2262 1370 2332 Quid
1396 2280 1531 2331 opus
1561 2265 1680 2330 est',
1708 2265 1952 2332 inquam,
1984 2264 2170 2334 ‘quam
2196 2271 2261 2320 ut

241 2336 409 2402 Bait„
440 2333 609 2402 Quid
638 2351 774 2403 opus
792 2333 951 2400 est?’,
975 2336 1220 2402 inquam,
1252 2335 1511 2389 ‘rationes
1529 2333 1697 2404 vulg,
1725 2333 1871 2388 Boot
1895 2336 2257 2406 (conferetis),

238 2406 384 2474 Tyrr
386 2403 462 2458 ell
498 2407 557 2459 et
589 2404 785 2458 addito
816 2405 937 2459 licet
958 2406 1092 2474 post
1117 2406 1263 2471 confi
1270 2406 1412 2459 ratis
1436 2403 1700 2459 Wesenb.
1729 2436 1800 2445 ——
1828 2411 1859 2458 9
1888 2413 1938 2459 et
1966 2405 2094 2459 add.
2126 2408 2259 2460 ante

238 2485 303 2532 ut
287 2424 592 2529 Wesenb.
623 2491 691 2529 ex
719 2475 806 2529 ed.
825 2475 967 2529 Iens.
990 2476 1050 2529 et
1075 2474 1329 2528 Lambin.
1358 2473 1424 2529 V.
1444 2474 1733 2528 Lehmann
1761 2473 2012 2539 Quaestt.
2034 2494 2085 2546 p.
2109 2482 2192 2530 25.
2245 2481 2256 2502 '²

311 2548 383 2602 P.
415 2546 611 2601 158.1
651 2564 689 2600 a
723 2562 777 2600 se
811 2547 1116 2600 sustentari
1168 2545 1361 2613 Klotz,
1398 2544 1570 2614 Wes.,
1607 2545 1764 2612 Boot,
1803 2545 2037 2615 Tyrrell,
2074 2565 2111 2601 a
2149 2564 2255 2601 οιιι.

239 2618 418 2684 codd„
447 2623 746 2672 sustentare
776 2616 861 2671 ed.
882 2615 1059 2684 Rom„
1087 2616 1232 2669 Bait.
1254 2648 1326 2657 —-
1352 2622 1383 2669 3
1412 2619 1545 2686 post
1568 2618 1775 2670 scribas
1793 2616 1992 2671 Bootio
2012 2617 2257 2671 scriben-

239 2690 374 2742 dum
393 2688 617 2741 videtur
643 2694 706 2741 ut
731 2694 934 2741 cerium
959 2688 1144 2754 sciam,
1173 2687 1326 2755 quod
1347 2687 1577 2741 ‘locutio
1605 2689 1811 2742 scribas
1838 2694 2034 2742 certum
2067 2704 2100 2740 a
2131 2704 2257 2742 con-

238 2758 538 2814 suetudine
572 2757 837 2811 Tulliana
880 2757 1146 2823 recedit',
1191 2764 1254 2812 ut
1287 2758 1458 2812 sciam
1484 2764 1607 2812 cert.
1636 2757 1790 2825 'ry-rr.
1839 2760 1858 2827 n
1921 2758 2157 2813 Ρ.159.
2191 2765 2259 2813 10

236 2829 605 2972 ἒῖιέἓύῖῗ
627 2826 1087 2967 tiissss'wleswpmffl
1088 2800 1182 2952 22’0
1187 2829 1318 2928 ῬΞ
1318 2828 1577 2953 331οέἓὸΞὲ
1608 2828 2062 2953 ῗὲᾶχῗέῖιῗὲἔέ
2070 2829 2255 2970 ..Q

236 2920 416 3026 Berol.
439 2975 579 3024 1897
613 2988 669 3040 Ρ.
691 2975 776 3024 20.
805 3000 877 3011 -
904 2974 971 3024 19
1008 2969 1342 3042 [inJAppw
1342 2971 1496 3035 ,tibi
1532 2970 1861 3024 libertatem
1897 2970 2002 3039 (sio
2026 2969 2256 3039 Victor,

236 3043 410 3111 Bait,
463 3042 627 3109 Boot)
674 3038 908 3110 Tyrrell.
981 3071 1052 3080 —
1124 3045 1188 3093 21
1221 3011 1399 3108 pau’lo
1436 3043 1541 3094 οΣ
1571 3039 1881 3109 (Lehmann
1917 3040 2032 3094 Att.
2062 3048 2179 3111 p.7
2184 3045 2255 3112 0,)

235 3112 520 3180 Wesenb.,
555 3111 724 3178 Boot,
762 3126 868 3165 om.
900 3118 966 3177 Δ,
1003 3110 1220 3177 Baiter,
1266 3108 1500 3179 Tyrrell.
1564 3113 1583 3180 [1
1646 3110 1882 3165 P.160.
1923 3117 1987 3165 11
2029 3112 2257 3183 leyatis?

236 3186 401 3239 etiam
445 3184 512 3238 de
555 3199 666 3251 rep.
704 3154 925 3248 Baiter,
953 3153 1220 3250 'f'l'yrrell
1243 3212 1313 3221 —
1360 3187 1426 3235 15
1464 3181 1636 3235 Hanc
1679 3181 1971 3235 Lehmann
2010 3182 2255 3238 ‘-Jahres

232 3254 455 3310 berioht
483 3253 582 3307 des
609 3251 805 3322 hilpol.
834 3250 1089 3306 Vereins’
1122 3256 1260 3306 1888
1287 3269 1343 3321 Ρ.
1374 3257 1494 3306 257.
1524 3282 1594 3293 —-
1624 3257 1688 3304 16
1712 3259 1935 3320 putarit
1962 3252 2255 3309 Schuetzio

234 3329 464 3380 auctore
502 3325 659 3377 Boot.
720 3321 801 3377 Cf.
832 3322 980 3392 adp
983 3327 1147 3377 ..136
1170 3328 1254 3376 34.
1284 3353 1356 3363 --
1383 3328 1451 3376 25
1487 3323 1661 3377 illico
1698 3321 1847 3377 Wes.
1854 3322 2125 3393 ,Tyrrell
2161 3326 2256 3396 (ad

233 3395 363 3451 fam.
383 3415 440 3467 p.
465 3401 587 3449 211.
607 3397 680 3464 8),
717 3394 840 3448 dico
877 3393 1065 3462 codd„
1103 3410 1230 3447 cum
1267 3409 1430 3449 cruce
1457 3393 1601 3447 Boot
1635 3393 1882 3463 probans
1908 3395 2029 3449 ideo
2057 3393 2144 3449 vel
2171 3397 2254 3450 id-

233 3470 372 3523 circo
410 3465 502 3521 vel
538 3468 603 3519 in
639 3481 713 3519 eo,
753 3494 824 3505 --
857 3463 938 3519 Ib.
977 3481 1058 3518 me
1092 3466 1342 3518 revocavi
1368 3467 1424 3517 Σ
1456 3464 1766 3533 (Lehmann
1802 3464 1918 3519 Att.
1947 3483 2001 3535 p.
2023 3471 2108 3533 47,
2150 3469 2255 3535 70),

232 3540 478 3594 revocavi
515 3554 597 3591 me
632 3534 710 3602 Μ,
749 3534 874 3589 edd.
904 3566 975 3576 -
1004 3539 1070 3589 26
1108 3536 1388 3590 mandatis
1412 3536 1549 3591 satis
1575 3536 1807 3602 facerem
1833 3534 1935 3602 Μ’,
1972 3534 2255 3601 Wesenb.,

1866 3622 1940 3674 d*
