2642 3923
564 235 1074 293 EPISTULARUM
1109 237 1209 291 AD
1250 236 1573 292 ATTIGUM
1609 237 1713 291 XII
1749 242 1888 291 3-5
1900 253 1950 292 a.
2136 235 2266 300 355

1218 468 1296 534 V.

565 591 680 648 Ser.
707 591 770 645 in
804 592 1116 647 Tusculano
1151 593 1230 646 in.
1268 608 1336 644 m.
1371 589 1557 660 Quint.
1587 609 1638 645 a.
1671 594 1782 647 708
1820 594 1959 659 (46).

849 713 1134 770 CICERO
1171 712 1462 769 ATTICO
1497 712 1664 768 SAL.

381 822 659 900 Quintus
695 827 877 907 pater
914 826 1216 908 quartum
1252 822 1358 887 vel
1392 822 1611 905 potius
1646 822 2061 887 millesimum
2093 823 2260 887 nihil
2299 836 2328 885 1

192 937 220 979 s
247 912 439 996 sapit,
495 912 605 997 qui
658 911 934 977 laetetur
978 909 1266 995 Luperco
1327 910 1462 974 filio
1520 914 1584 975 et
1631 908 1868 998 Stati0,
1922 915 1998 975 ut
2043 916 2261 976 cernat

245 1000 483 1085 duplici
527 999 826 1066 dedecore
872 1001 1259 1064 cumulatam
1306 998 1585 1065 domum.
1658 998 1843 1065 Addo
1882 998 2078 1063 etiam
2113 998 2261 1064 Phi-

244 1089 543 1153 lotimum
587 1088 867 1153 tertium.
958 1086 1013 1153 Ο
1059 1087 1425 1172 stultitiam,
1468 1088 1596 1151 nisi
1640 1108 1782 1152 mea
1824 1088 2030 1152 maior
2077 1092 2261 1172 esset,

246 1177 661 1262 singularem!
726 1177 898 1261 quod
942 1179 1158 1240 autem
1205 1197 1276 1240 os
1321 1175 1391 1240 in
1435 1175 1601 1241 hanc
1643 1197 1778 1240 rem
1816 1179 2058 1261 ἔρανον
2094 1198 2132 1240 a
2167 1178 2258 1241 te!

246 1263 370 1329 Fac
412 1285 547 1331 non
592 1264 671 1329 ad
717 1266 1044 1343 ε(ἳιηινιῖόυόιν
1087 1264 1385 1377 κρήνην’,
1445 1265 1555 1329 sed
1599 1264 1679 1329 ad
1726 1267 2070 1350 Πειρήνην
2115 1283 2261 1329 eum

167 1379 217 1419 ιο
246 1354 507 1438 venisse,
552 1354 925 1438 ’ἄμπνευμα
970 1354 1215 1437 σεμνὸν
1257 1350 1596 1436 Ἀλφειοῦ’
1639 1353 1710 1417 in
1754 1357 1819 1417 te
1866 1352 2140 1438 upvan',
2185 1356 2259 1417 ut

244 1442 487 1528 scribis,
530 1440 807 1526 haurire,
851 1441 921 1505 in
955 1442 1155 1505 tantis
1192 1441 1325 1504 suis
1362 1441 1737 1524 praesertim
1776 1441 2107 1526 angustiis,
2144 1451 2260 1506 ποῖ

242 1538 446 1596 ταῦτα
491 1531 619 1614 ἄρα
663 1529 1054 1613 ἀποσκήψει;
1101 1527 1226 1594 Sed
1268 1529 1407 1613 ipse
1452 1529 1700 1594 viderit.
1774 1527 1936 1595 Cato
1981 1551 2085 1594 me
2123 1529 2258 1614 qui·
2295 1531 2327 1580 2

245 1620 387 1683 dem
437 1617 726 1702 delectat,
771 1618 881 1682 sed
923 1618 1118 1681 etiam
1163 1617 1437 1681 Bassum
1481 1614 1799 1681 Lucilium
1847 1639 1977 1683 sua.

1193 1792 1316 1858 Va.

164 1924 213 1965 15
550 1913 663 1971 Ser.
694 1914 757 1970 in
790 1914 1098 1970 Tusculano
1127 1914 1278 1984 prid.
1310 1913 1385 1969 K.
1414 1913 1543 1970 Iun.
1574 1932 1627 1969 a.
1658 1918 1769 1971 708
1807 1918 1945 1985 (46).

845 2036 1132 2094 CICERO
1168 2037 1460 2094 ATTICO
1495 2038 1660 2093 SAL.

374 2145 472 2212 De
518 2145 734 2214 Caelio
794 2151 869 2212 tu
914 2167 1200 2232 quaeres,
1256 2151 1331 2210 ut
1385 2146 1637 2232 scribis3
1701 2167 1819 2232 ego
1873 2147 2040 2211 nihil
2085 2151 2252 2214 novi.

242 2232 306 2300 N
310 2237 578 2301 oscenda
632 2240 846 2301 autem
900 2241 996 2300 est
1047 2239 1306 2321 natura,
1367 2256 1498 2299 non
1542 2235 1813 2299 facultas
1858 2237 2065 2301 mode.
2156 2236 2254 2302 De

241 2321 593 2389 Hortensio
657 2327 724 2389 et
785 2323 1094 2409 Verginio
1157 2328 1259 2408 tu,
1325 2323 1381 2388 si
1444 2324 1601 2408 quid
1654 2324 1996 2390 dubitabis.
2086 2325 2255 2412 Etsi,
2362 2356 2365 2359 ·

160 2438 214 2478 20
242 2411 416 2496 quod
466 2413 672 2515 magis
717 2412 991 2497 placeat,
1051 2432 1169 2497 ego
1218 2415 1533 2496 quantum
1578 2412 1845 2498 aspicio,
1897 2434 2031 2478 non
2064 2412 2253 2480 facile

241 2501 576 2566 inveneris.
651 2497 813 2566 Cum
848 2499 1144 2586 Mustela,
1190 2521 1380 2584 quem
1416 2500 1497 2564 ad
1531 2500 1792 2565 modum
1831 2502 2075 2586 scribiS,
2106 2523 2252 2567 cum

242 2589 486 2654 venerit
532 2586 811 2672 Crispus.
900 2588 1005 2653 Ad
1047 2587 1286 2653 Avium
1330 2588 1576 2675 scripsi,
1618 2593 1695 2653 ut
1740 2611 1833 2674 ea,
1882 2611 2044 2674 quae
2089 2589 2251 2656 bene

239 2680 460 2742 nosset
503 2677 580 2742 de
625 2699 799 2762 auro,
854 2676 1075 2742 Pisoni
1120 2676 1606 2742 demonstraret.
1687 2675 1834 2741 Tibi
1881 2679 2052 2742 enim
2099 2700 2250 2744 sane

240 2764 561 2829 adsentior
605 2770 672 2831 et
714 2765 890 2829 istud
931 2765 1202 2829 nimium
1247 2764 1358 2828 diu
1393 2764 1538 2828 duci
1575 2769 1639 2829 et
1675 2766 1891 2830 omnia
1923 2787 2096 2831 nunc
2131 2789 2250 2832 un-

156 2878 210 2920 25
240 2853 431 2936 dique
484 2853 929 2918 contrahenda.
1019 2851 1109 2917 Te
1165 2853 1422 2937 quidem
1464 2852 1632 2916 nihil
1675 2873 1891 2940 agere,
1942 2854 2108 2919 nihil
2151 2877 2250 2920 co·

240 2941 448 3027 gitare
484 2940 675 3025 aliud,
718 2941 845 3005 nisi
882 2941 1053 3025 quod
1089 2941 1168 3004 ad
1203 2962 1305 3006 me
1341 2941 1677 3025 pertineat,
1711 2941 1895 3008 facile
1932 2944 2248 3027 perspicio

237 3030 522 3113 meisque
564 3029 842 3114 negotiis
886 3030 1181 3113 impediri
1226 3028 1641 3112 cupiditatem
1678 3033 1857 3094 tuam
1894 3031 1974 3095 ad
2009 3053 2111 3096 me
2147 3055 2249 3097 ve-

235 3118 466 3182 niendi.
560 3114 684 3183 Sed
742 3139 993 3182 mecum
1057 3138 1193 3182 esse
1255 3122 1320 3181 te
1374 3121 1560 3202 put0,
1623 3139 1754 3182 non
1808 3118 2016 3184 solum
2077 3121 2286 3214 quod

235 3227 442 3271 meam
486 3226 623 3270 rem
667 3206 824 3292 agis,
869 3227 1087 3270 verum
1133 3206 1326 3270 etiam
1374 3205 1545 3289 quod
1589 3205 1802 3271 videre
1836 3208 2072 3294 videor,
2119 3230 2245 3292 quo

154 3321 207 3362 so
234 3288 428 3447 Πιοᾶΐ
473 3315 642 3380 agas.
715 3292 941 3379 Neque
986 3294 1157 3359 enim
1203 3294 1337 3358 ulla
1372 3293 1533 3358 hora
1568 3294 1667 3359 tui
1703 3294 1863 3359 mihi
1900 3300 1998 3361 est
2035 3298 2246 3380 operis

234 3404 387 3469 igno
422 3406 476 3449 a.

1822 3662 1927 3715 23·
