2642 3923
342 214 474 279 446
981 214 1056 269 Μ.
1089 214 1302 268 TULLI
1341 211 1722 268 CICERONIS

342 380 520 422 mum
557 380 659 422 me
697 357 978 441 praebui.
1062 356 1327 421 Etenim
1364 356 1492 442 ille,
1540 357 1843 440 quoniam
1884 357 2078 420 semel
2113 357 2382 421 induxit

345 448 630 509 animum
677 446 801 510 sibi
848 446 1063 528 licere,
1111 446 1282 529 quod
1328 445 1548 528 vellet,
1603 445 1859 508 fecisset
1903 444 2108 508 nihilo
2155 445 2381 510 minus

343 556 444 598 me
509 534 733 599 invit0.
836 531 1065 617 Itaque
1121 555 1408 598 mearum
1476 554 1730 616 quoque
1794 533 2154 597 litterarum
2215 534 2378 597 misi

344 622 468 687 tibi
515 621 893 705 exemplum.

1319 796 1398 862 A.
2437 825 2469 865 ⁶

487 918 600 974 Ser.
641 919 848 973 Romae
884 920 1025 972 inter
1061 935 1112 973 a.
1150 919 1203 972 α.
1234 918 1298 971 Χ
1332 924 1383 973 et
1428 918 1553 972 VII
1581 918 1655 972 K.
1687 918 1832 971 Mai.
1865 936 1914 971 a.
1950 921 2056 972 710
2097 921 2228 985 (44).

726 1022 1095 1079 ANTONIUS
1134 1020 1280 1078 cos
1323 1022 1374 1076 s,
1413 1022 1478 1078 D.
1517 1023 1590 1078 M.
1632 1022 1984 1078 CICERONI.

479 1149 1030 1235 Occupationibus
1076 1152 1175 1212 est
1210 1148 1454 1212 factum
1499 1149 1658 1214 meis
1704 1153 1768 1213 et
1816 1150 2032 1213 subita
2065 1153 2180 1214 tua
2223 1171 2375 1233 pro-

345 1239 619 1303 sectione
627 1290 646 1323 ,
706 1260 787 1302 ne
840 1242 1050 1301 tecum
1106 1258 1320 1302 coram
1374 1237 1451 1300 de
1494 1237 1615 1301 hac
1677 1259 1747 1301 re
1801 1258 2071 1323 agerem.
2164 1235 2372 1312 Quam

348 1328 428 1391 ob
478 1349 734 1391 causam
771 1347 1011 1411 vereor,
1055 1347 1137 1389 ne
1184 1325 1476 1388 absentia
1522 1348 1663 1389 mea
1698 1325 1901 1390 levior
1947 1327 2033 1390 sit
2070 1327 2238 1410 apud
2285 1331 2371 1392 te.
2406 1354 2460 1392 10

348 1414 591 1490 Quodsi
661 1413 918 1478 bonitas
986 1418 1100 1477 tua
1180 1414 1582 1496 responderit
1648 1414 1882 1478 iudicio
1952 1436 2123 1498 meo,
2196 1416 2372 1497 quod

348 1525 596 1587 semper
640 1502 839 1566 habui
887 1502 963 1565 de
1008 1506 1090 1585 te,
1137 1501 1445 1586 gaudebo

479 1590 541 1655 A
587 1588 853 1655 Caesare
897 1591 1082 1675 petii,
1136 1593 1210 1653 ut
1257 1587 1400 1653 Sex.
1448 1588 1744 1654 Clodium
1799 1590 2194 1674 restitueret3
2253 1589 2373 1653 im-

346 1679 611 1764 petravi.
702 1678 864 1742 Erat
909 1678 1070 1741 mihi
1107 1679 1176 1741 in
1223 1678 1437 1742 animo
1485 1678 1678 1741 etiam
1713 1681 1855 1741 tum
1901 1678 1993 1741 sic
2036 1678 2135 1741 uti
2181 1679 2372 1742 bene-

347 1768 494 1831 ficio
550 1768 715 1852 eius,
771 1767 826 1830 si
880 1770 954 1830 tu
1009 1767 1443 1830 concessisses.
1545 1765 1683 1841 Quo
1736 1767 1943 1850 magis
1997 1766 2249 1849 laboro,
2297 1772 2374 1831 ut
2401 1794 2454 1833 ιε.

347 1860 461 1920 tua
513 1857 847 1920 voluntate
904 1855 971 1918 id
1023 1876 1137 1938 per
1193 1876 1295 1918 me
1349 1854 1555 1918 facere
1611 1876 1782 1918 nunc
1837 1854 2027 1918 liceat.
2128 1853 2372 1929 Quodsi

349 1944 670 2010 duriorem
715 1948 780 2008 te
827 1943 963 2009 eius
1010 1943 1279 2007 miserae
1325 1946 1390 2008 et
1413 1942 1710 2008 adflictae
1741 1943 2038 2009 fortunae
2081 1943 2373 2028 praebes,

349 2055 481 2098 non
542 2033 921 2098 contendam
986 2052 1105 2116 ego
1172 2031 1474 2095 adversus
1539 2035 1631 2113 te,
1696 2054 2080 2115 quamquam
2149 2032 2370 2096 videor

349 2122 576 2186 debere
622 2122 791 2186 tueri
836 2120 1364 2185 commentarium
1417 2117 1722 2183 Caesaris,
1815 2119 1940 2184 Sed
1993 2117 2369 2205 mehercule,

350 2212 404 2274 si
442 2210 807 2274 humaniter
852 2212 915 2272 et
962 2209 1283 2291 sapienter
1320 2212 1386 2271 et
1424 2208 1784 2271 amabiliter
1829 2208 1900 2272 in
1935 2230 2036 2272 me
2082 2209 2366 2293 cogitare
2399 2236 2453 2275 ao

350 2299 466 2381 vis,
510 2297 761 2362 facilem
807 2297 1093 2380 profecto
1138 2299 1205 2359 te
1241 2296 1576 2379 praebebis
1622 2300 1688 2360 et
1722 2296 1899 2360 voles
1945 2295 2013 2359 P.
2053 2294 2370 2382 Clodium,

349 2388 418 2450 in
474 2386 719 2470 optima
772 2406 883 2468 spe
938 2406 1210 2469 puerum
1263 2384 1646 2485 repositum,
1710 2385 2077 2448 existimare
2127 2406 2259 2448 non
2304 2390 2369 2449 te

351 2476 736 2539 insectatum
771 2494 929 2558 csse,
956 2494 1100 2537 cum
1126 2473 1433 2558 potueriS‚
1461 2472 1696 2536 amicos
1725 2476 2041 2574 paternos.
2125 2472 2367 2556 Patere,

351 2565 641 2646 obsecro,
686 2565 752 2625 te
797 2584 913 2663 pro
960 2583 1029 2625 re
1082 2560 1342 2644 publica
1386 2561 1587 2625 videri
1642 2561 1919 2645 gessisse
1974 2561 2367 2625 simultatem

349 2674 495 2716 cum
540 2655 723 2734 patre
769 2651 923 2751 eius,
965 2670 1099 2713 non
1142 2650 1305 2730 quod
1346 2645 1802 2732 contempseris
1838 2647 2003 2713 hanc
2037 2649 2366 2714 familiam.
2397 2677 2453 2714 ιε,

348 2739 704 2804 Honestius
750 2739 919 2802 enim
967 2742 1032 2802 et
1074 2737 1384 2801 libentius
1437 2736 1813 2821 deponimus
1858 2737 2229 2801 inimicitias
2274 2739 2368 2801 rei

350 2827 642 2912 publicae
713 2827 972 2891 nomine
1051 2829 1381 2909 susceptas
1450 2847 1642 2909 quam
1704 2825 2153 2889 contumaciae.
2261 2825 2367 2890 Me

351 2915 574 2980 deinde
633 2915 768 2979 sine
841 2915 921 2978 ad
986 2914 1152 2978 hanc
1222 2913 1587 2998 opinionem
1651 2914 1782 2978 iam
1850 2935 2019 2977 nunc
2095 2913 2368 2999 dirigere

350 3026 620 3088 puerum
684 3007 750 3068 et
811 3007 1030 3067 tenero
1097 3002 1311 3066 animo
1377 3001 1513 3065 eius
1586 3003 1966 3085 persuadere
2029 3023 2163 3065 non
2229 3023 2370 3066 csse

352 3092 688 3157 tradendas
722 3092 1001 3175 posteris
1039 3090 1425 3155 inimicitias.
1516 3087 1915 3173 Quamquam
1953 3094 2131 3153 tuam
2166 3090 2369 3154 fortu-
2398 3117 2460 3158 so

350 3203 527 3267 nam,
580 3178 830 3263 CicerO,
887 3179 967 3243 ab
1016 3179 1190 3242 omni
1244 3178 1527 3262 periculo
1586 3179 1807 3242 abesse
1852 3181 2097 3241 certum
2142 3178 2371 3263 habe0‚

352 3274 567 3333 tamen
614 3268 893 3332 arbitror
937 3266 1127 3331 malle
1174 3270 1240 3330 te
1285 3267 1568 3350 quietam
1625 3269 2016 3330 senectutem
2061 3270 2126 3331 et
2170 3267 2371 3331 hono·

352 3358 597 3420 rificam
648 3356 865 3440 potius
912 3376 1100 3439 agere
1155 3376 1349 3438 quam
1404 3354 1756 3418 sollicitam.
1846 3354 2178 3418 Postremo
2223 3377 2370 3419 meo

354 3446 491 3508 iure
553 3448 620 3507 te
673 3443 797 3508 hoc
859 3443 1238 3507 beneficium
1296 3463 1474 3527 rogo.
1571 3439 1759 3507 Nihil
1830 3444 1999 3506 enim
2062 3464 2193 3507 non
2254 3446 2370 3507 tua

356 3553 544 3595 causa
579 3531 717 3595 feci.
792 3530 1031 3606 Quodsi
1067 3552 1199 3594 non
1233 3531 1528 3615 impetr0,
1554 3553 1668 3614 per
1704 3552 1806 3595 me
1838 3528 2060 3594 Clodio
2099 3530 2367 3595 daturus
2397 3558 2459 3598 ss
