2642 3923
341 200 472 265 116
982 197 1057 252 Μ.
1096 196 1308 251 TULLI
1344 195 1720 251 CICERONIS
2606 47 2615 488 l

330 343 498 408 :scire
540 341 669 405 ista
714 341 944 405 omnia.
1036 340 1254 405 Etiam
1311 340 1472 404 illud
1526 340 1707 404 cuius
1762 340 1938 403 modi
1984 339 2098 422 sit,
2160 340 2355 405 velim

337 431 713 515 perspicias3
776 434 961 513 potes
1017 452 1054 493 a
1110 427 1456 492 Demetrio.
1549 426 1733 491 Dixit
1794 428 1955 491 mihi
2007 426 2357 512 Pompeius

333 517 644 584 Crassum
680 540 718 581 a
755 540 821 581 se
857 517 927 581 in
962 516 1217 581 Albano
1265 517 1621 599 exspectari
1664 519 1811 580 ante
1848 516 2016 579 diem
2053 533 2158 579 1111
2185 515 2356 602 Κεὶς

338 607 394 671 is
440 629 586 671 cum
630 606 938 691 venisset,
991 604 1266 669 Romam
1320 626 1459 669 eum
1514 608 1578 668 et
1632 625 1700 668 se
1753 603 1977 668 statim
2032 608 2355 688 venturos,

339 698 412 758 ut
457 695 737 758 rationes
773 716 915 758 cum
962 693 1320 777 publicanis
1368 696 1685 776 putarent.
1760 690 2074 775 Quaesivi,
2119 692 2355 777 gladia·
2411 718 2439 759 5

338 784 687 846 toribusne.
747 780 1122 865 Respondit,
1167 786 1512 864 antequam
1550 781 2016 844 inducerentur.
2070 779 2146 844 Id
2173 782 2355 845 cuius

339 871 513 935 modi
561 872 665 953 sit,
711 876 822 934 aut
868 891 1056 953 nunc,
1103 869 1157 933 si
1206 869 1383 953 scieS,
1431 872 1542 933 aut
1588 890 1733 933 cum
1780 869 1837 932 is
1864 868 2139 932 Romam
2175 890 2355 933 vene-

342 959 446 1045 rit,
491 959 569 1022 ad
614 979 717 1022 mc
763 959 986 1022 mittas
1034 958 1244 1021 velim.

271 1066 302 1114 2
470 1044 611 1110 Nos
681 1046 788 1111 hic
859 1068 1158 1111 voramus
1231 1047 1483 1110 litteras
1549 1066 1696 1109 cum
1756 1044 2017 1109 homine
2083 1045 2353 1109 mirifico

340 1132 463 1287 (intla
482 1134 864 1286 tulehemffle
910 1132 1167 1222 sentio),
1211 1131 1548 1219 Dionysio,
1595 1134 1707 1217 qui
1752 1137 1817 1196 te
1860 1154 2205 1216 omnesque
2239 1154 2356 1197 vos
2384 1161 2437 1199 ιο

342 1245 372 1286 s
438 1246 480 1286 u
514 1246 550 1286 a
583 1274 594 1286 .

670 1323 915 1392 (Οὐδὲν
959 1327 1368 1413 γλυκύτερον
1411 1325 1452 1410 ἢ
1496 1324 1688 1392 πάντ’
1741 1325 2028 1393 εἰδέναι.’

343 1468 550 1545 Quare
602 1472 676 1533 ut
729 1468 978 1532 homini
1033 1469 1283 1532 curioso
1339 1468 1433 1531 ita
1485 1467 1805 1550 perscribe
1868 1467 1948 1531 ad
2009 1489 2139 1553 me,
2202 1468 2356 1551 quid

343 1558 587 1640 primus
616 1557 768 1640 dies,
816 1556 968 1640 quid
997 1556 1330 1638 secunduS,
1376 1555 1531 1639 quid
1558 1577 1866 1638 censore8‚
1905 1555 2059 1639 quid
2086 1554 2354 1639 AppiuS‚

345 1645 495 1728 quid
547 1645 660 1708 illa
718 1645 943 1727 populi
983 1643 1327 1729 Appuleia3
1390 1644 1660 1727 denique
1715 1645 1935 1727 etiam,
1990 1644 2146 1727 quid
2199 1666 2236 1707 a
2290 1649 2354 1707 te
2386 1673 2435 1712 15

343 1733 473 1816 fiat,
518 1733 598 1796 ad
640 1754 744 1797 me
788 1731 980 1796 velim
1026 1732 1283 1796 scribas,
1375 1729 1528 1796 Non
1573 1733 1770 1815 enim,
1825 1736 1900 1795 ut
1946 1753 2093 1795 vere
2134 1730 2354 1815 loqua-

343 1844 528 1974 muriss
548 1825 684 1885 tam
728 1821 921 1884 rebus
965 1821 1150 1972 novsss
1196 1842 1389 1972 qlgam
1437 1821 1568 1921 tuis
1615 1820 1852 1973 litgeris
1898 1819 2192 1921 delector.

582 1931 619 1974 o
654 1930 902 1974 mecum
938 1931 1089 1993 prae
1123 1930 1190 1973 er
1288 1930 1612 1992 lonyslum
1649 1930 1682 1972 e
1726 1930 1835 1972 uxl
1879 1930 2202 1973 neminem
2237 1929 2354 1973 nec

342 1931 580 2062 metuog
618 2006 858 2080 tamen,
921 2020 1002 2062 ne
1046 1997 1207 2061 mihi
1263 2018 1470 2061 sermo
1526 1997 1707 2062 desit.
1797 1996 1935 2061 Abs
1981 2002 2046 2061 te
2094 1998 2355 2081 opipare

343 2088 636 2151 delector.
710 2085 808 2149 Tu
852 2084 1120 2150 Lucceio
1164 2089 1463 2149 nostrum
1507 2085 1747 2149 librum
1793 2085 1992 2149 dabis,
2066 2084 2355 2150 Demetri
2383 2114 2437 2153 20

344 2174 662 2260 Magnetis
709 2174 832 2237 tibi
877 2174 1087 2257 mitto,
1134 2174 1356 2237 statim
1404 2178 1478 2237 ut
1524 2173 1642 2256 sit.
1676 2173 1786 2258 qui
1829 2196 1868 2238 a
1911 2179 1976 2237 te
2020 2173 2180 2237 mihi
2227 2175 2356 2259 epi·

345 2264 575 2327 stulam
625 2263 875 2327 referat.

1277 2436 1420 2501 XII.

936 2576 1050 2631 Ser.
1086 2594 1156 2632 m.
1197 2576 1342 2630 Mai.
1381 2594 1433 2630 a.
1473 2579 1584 2630 699
1622 2579 1761 2644 (55).

973 2698 1228 2754 CICERO
1266 2696 1529 2754 ATTICO
1570 2698 1717 2753 SAL.
2384 2714 2436 2754 25

474 2805 792 2891 Egnatius
827 2805 1070 2871 Romae
1115 2811 1229 2871 est.
1306 2806 1428 2872 Sed
1475 2828 1592 2892 ego
1639 2830 1784 2872 cum
1832 2830 1906 2873 eo
1953 2808 2029 2871 de
2075 2830 2143 2873 re
2180 2807 2357 2873 Hali·

345 2895 503 2959 meti
545 2893 950 2959 vehementer
994 2895 1152 2959 Anti
1206 2896 1325 2979 egi.
1420 2894 1716 2960 Graviter
1760 2918 1827 2960 se
1874 2900 2164 2961 acturum
2211 2918 2356 2961 cum

346 2982 609 3067 Aquilio
656 2982 1074 3047 confirmavit.
1165 2982 1429 3047 Videbis
1475 3004 1627 3068 ergo
1672 2984 2015 3068 hominem,
2063 2985 2119 3049 si
2164 2985 2354 3049 voles

347 3070 634 3135 Macroni
692 3071 799 3135 vix
863 3072 1080 3136 videor
1136 3075 1393 3154 praesto
1450 3092 1588 3135 csse
1640 3093 1846 3157 possea
1908 3071 2131 3137 Idibus
2187 3074 2354 3137 enim

349 3159 706 3223 auctionem
750 3157 971 3223 Larini
1024 3159 1206 3224 video
1262 3164 1328 3224 et
1381 3159 1648 3225 biduum
1703 3165 2045 3244 praeterea.
2135 3160 2212 3225 Id
2266 3166 2358 3245 tn,
2387 3190 2437 3228 30

349 3247 650 3330 quoniam
704 3245 1069 3312 Macronem
1122 3248 1290 3311 tanti
1345 3247 1528 3330 faciS‚
1582 3249 1879 3333 ignoscas
1935 3249 2095 3313 mihi
2149 3249 2357 3315 velim.

351 3334 496 3417 Sed,
553 3335 610 3398 si
654 3356 755 3399 me
802 3335 1044 3420 diligis,
1099 3336 1409 3419 postridie
1454 3335 1595 3399 Kal.
1643 3358 1796 3401 cena
1841 3337 2010 3420 apud
2068 3359 2170 3402 me
2215 3359 2360 3402 cum

348 3421 529 3486 Pilia.
616 3420 890 3486 Prorsus
942 3424 1011 3487 id
1064 3424 1272 3487 facies,
1371 3423 1677 3489 Kalendis
1742 3427 1957 3511 cogito
2021 3426 2091 3490 in
2152 3426 2361 3490 hortis

352 3507 742 3592 Crassipedis
790 3511 974 3594 quasi
1019 3512 1087 3574 in
1123 3511 1485 3577 deversorio
1532 3533 1770 3579 cenare.
1842 3512 2034 3578 Facio
2072 3514 2361 3579 fraudem
