2642 3923
375 194 597 251 CXXVI
1055 194 1478 250 ADNOTATIO
1517 193 1801 251 ORITIGA

376 339 540 393 biduo
568 354 747 408 posco.
803 335 872 391 V.
907 354 1048 392 mue.
1077 336 1253 391 Rhen.
1276 340 1416 391 1898
1433 355 1488 407 p.
1503 342 1605 391 128
1617 355 1697 405 sq.
1739 336 2025 392 Omittunt
2051 354 2082 390 o
2109 336 2396 406 Wesenb„

373 409 584 475 Baiter,
614 408 883 464 Schmidt.
911 437 983 451 --
1009 407 1088 462 Ib.
1112 424 1191 475 sq.
1222 408 1323 463 etsi
1348 436 1419 451 --
1449 408 1604 462 Cotta
1630 408 1964 477 inparenth.
1986 407 2205 476 Tyrrell
2225 407 2395 464 solus.

374 480 465 533 Ad
483 499 534 550 p.
550 486 631 534 16.
652 486 733 533 14.
765 510 835 520 -
869 484 937 532 30
949 495 1205 548 pompam
1224 495 1353 533 aveo
1371 479 1550 533 videre
1565 478 1717 547 Bury
1735 478 2023 533 Hei-math.
2048 484 2186 533 1885
2204 497 2258 548 p.
2271 485 2395 548 276,

375 567 504 605 nam
534 550 594 605 Μ
615 550 791 604 habet
808 551 1026 617 videret,
1058 551 1284 605 deterret
1302 547 1358 604 C.
1380 581 1446 590 —
1468 554 1535 604 32
1552 552 1724 618 probe
1743 548 1876 605 Otto
1894 568 2033 604 mus,
2054 549 2231 606 Rhen.
2255 556 2396 604 1886

374 640 428 692 p.
445 627 547 675 373
569 622 636 676 cf.
649 640 703 691 p.
718 626 837 676 133.
850 626 918 674 20
929 622 1033 675 etc.
1055 620 1152 689 (ad
1159 639 1214 691 p.
1225 625 1346 674 410.
1361 622 1431 690 3),
1454 623 1521 674 ut
1540 619 1680 675 alibi
1699 622 1842 687 bene,
1862 623 2073 690 optime,
2092 622 2230 676 male
2248 622 2328 675 de.
2378 622 2400 693 Η

446 691 666 747 Ρ.427.
680 698 747 745 10
766 710 813 746 v,
836 690 1070 746 Schiche
1083 689 1269 746 Herm.
1280 690 1737 760 Xfflp.612,616,
1757 690 2012 746 Schmidt
2026 709 2079 761 p.
2094 697 2214 758 525,
2235 691 2393 760 Tyrr.

378 780 461 834 ep.
475 769 596 831 662,
614 781 790 818 mense
803 764 987 833 Quint.
1000 762 1209 829 Baiter,
1233 766 1383 829 (aute
1392 780 1478 831 pr.
1493 763 1561 817 N
1556 779 1640 817 on.
1654 762 1796 832 Sept.
1817 780 1895 817 an
1903 762 2116 832 Seaetil.)
2129 760 2395 817 Wesenb.

377 866 447 877 -
503 840 567 888 31
617 852 724 889 esee
775 850 879 889 om.
912 833 1167 888 Schmidt
1203 848 1363 900 casn,
1417 834 1484 887 ut
1518 832 1754 888 videtur.
1827 835 1848 904 ss
1922 833 1994 888 Ρ.
2026 833 2162 888 428.
2187 839 2214 886 1
2264 834 2400 904 [nec

376 906 666 959 mehercule
701 906 877 960 nostri
911 904 1320 974 studiosiorem]
1355 903 1515 970 Boot,
1551 903 1787 973 'Pyt-rell,
1824 921 1930 959 om.
1955 907 2057 958 ΣΔ
2085 903 2396 973 (Lehmann

375 976 493 1030 Att.
515 994 566 1045 p.
582 981 725 1041 124),
747 975 955 1041 Baiter,
977 974 1245 1042 Schmidt,
1272 973 1448 1028 habet
1467 992 1509 1029 c.
1532 1006 1602 1015 —
1622 979 1653 1029 8
1686 992 1734 1030 v,
1757 975 1991 1029 Schiche
2010 974 2193 1028 Herm.
2214 974 2395 1028 XVIH

374 1065 429 1117 p.
453 1052 575 1114 610,
603 1052 724 1112 612,
764 1046 1019 1100 Schmidt
1043 1064 1098 1115 p.
1121 1052 1241 1113 526,
1270 1045 1489 1114 Tyrrell
1515 1061 1601 1115 ep.
1623 1051 1745 1113 663,
1773 1063 1949 1101 mense
1979 1047 2162 1116 Quint.
2184 1046 2396 1114 Baiter,

379 1122 483 1186 (pr.
514 1118 601 1172 Id.
632 1117 843 1185 Sexte)
899 1116 1161 1171 Wesenb.
1219 1147 1285 1156 -
1345 1122 1412 1169 10
1456 1118 1567 1187 [ad
1609 1117 1750 1171 Idus
1794 1117 2050 1187 Semilis]
2097 1116 2396 1171 Schuetzio

378 1191 605 1242 auctore
640 1188 847 1242 Baiter.
896 1186 961 1240 V.
994 1187 1230 1242 Schiche
1264 1185 1350 1241 1.1.
1379 1192 1568 1257 Ρ.610,
1606 1187 1862 1241 Schmidt
1896 1206 1948 1257 p.
1971 1194 2090 1240 343.
2122 1219 2189 1228 —
2230 1193 2295 1240 13
2308 1205 2388 1255 sq.

377 1260 556 1328 Lepta
584 1291 651 1299 -
672 1261 1009 1328 perduxerat
1032 1259 1093 1312 in
1119 1258 1376 1328 parenth.
1396 1257 1603 1325 Baiter,
1631 1257 1913 1326 Wesenb.,
1941 1257 2101 1326 Boot,
2121 1258 2392 1312 Schmidt.

375 1330 466 1385 Ad
479 1336 725 1400 p.16.14.
756 1361 825 1371 -—
853 1329 931 1383 Ib.
970 1330 1027 1383 vi
1060 1330 1123 1382 in
1150 1330 1430 1383 curatione
1458 1328 1713 1383 defendit
1735 1328 2024 1384 Lehmann
2055 1328 2393 1383 ‘Jahresben

379 1401 476 1454 des
505 1400 699 1470 philol.
719 1400 976 1454 Vereins'
1018 1404 1156 1453 1888
1193 1418 1247 1470 p.
1269 1405 1390 1466 258,
1426 1401 1546 1454 vini
1571 1401 1852 1454 cue-atione
1880 1401 1965 1454 ed.
1985 1399 2145 1465 Iena,
2181 1400 2394 1468 Baiter,

379 1471 637 1526 Wesenb.
656 1516 668 1539 ,
723 1469 967 1539 Tyrrell,
1024 1487 1151 1524 cum
1205 1486 1367 1524 cruce
1415 1469 1559 1524 Boot
1611 1470 1763 1524 laud.
1804 1470 2047 1525 Gronovi
2093 1471 2392 1525 coniectur.

378 1544 718 1614 liquo-itione,
771 1559 1055 1595 mwnerum
1100 1543 1380 1595 curatione
1419 1540 1685 1595 Schmidt.
1757 1572 1829 1583 —
1902 1547 1969 1596 15
2014 1543 2273 1608 tradidit,
2326 1559 2397 1597 ex

378 1613 610 1683 Tyn-eli.
663 1612 743 1654 -‘
789 1618 855 1666 18
893 1628 998 1681 quo
1034 1614 1186 1678 vett,
1231 1610 1521 1679 Wesenb.,
1549 1612 1709 1677 Boot,
1747 1629 1847 1681 que
1883 1611 1960 1680 M,
1996 1630 2149 1682 quem
2182 1613 2394 1681 Baiter,

380 1685 648 1749 Schmidt,
668 1683 822 1752 Tyrr.
853 1699 963 1736 non
989 1682 1148 1737 bene.
1169 1713 1239 1723 ·—
1267 1687 1336 1736 20
1356 1700 1436 1751 sq.
1469 1699 1502 1735 a
1520 1682 1792 1737 vocabulo
1812 1685 2096 1738 cretionem
2116 1684 2189 1737 ad
2207 1685 2394 1739 cretio-

377 1774 499 1810 nem
520 1754 708 1808 media
726 1757 792 1807 ut
807 1769 1079 1824 persaepe
1098 1769 1203 1807 om.
1220 1752 1279 1806 M
1295 1771 1422 1806 cum
1437 1753 1670 1822 reliquis
1691 1754 1868 1821 codd,
1886 1753 2157 1823 Schmidt,
2171 1754 2346 1808 habet
2364 1772 2395 1808 c

379 1829 437 1880 et
463 1826 534 1879 Zb
563 1826 872 1894 (Lehmann
900 1826 1015 1878 Att.
1034 1842 1088 1894 p.
1103 1827 1245 1894 124),
1272 1824 1486 1891 Lamb.,
1513 1824 1802 1878 inclinatis
1828 1824 2038 1878 litteris
2067 1842 2168 1879 scr.
2199 1825 2396 1879 Baiter

380 1900 438 1951 et
475 1896 671 1950 seclus.
702 1894 935 1966 Tyrrell.
992 1895 1103 1950 Sed
1128 1913 1176 1950 v.
1199 1895 1386 1966 ipsum
1413 1895 1787 1950 Schmidtium
1813 1895 2013 1950 Philol.
2047 1901 2183 1951 1896
2210 1914 2266 1968 p.
2291 1901 2393 1951 709

380 1972 438 2023 et
468 1974 587 2036 717,
614 1968 915 2023 Rothstein
937 1967 1414 2024 ‘Wochenschrift
1441 1968 1478 2021 f.
1499 1966 1668 2021 klasS.
1691 1967 1914 2022 Philol.’
1945 1973 2084 2021 1894
2108 1986 2161 2038 p.
2177 1974 2278 2022 297
2291 1986 2394 2037 sq„

381 2039 595 2094 Gurlitt
634 2039 859 2094 ‘Berlin
890 2038 1084 2108 philol.
1114 2037 1588 2092 Wochenschrift’
1632 2044 1786 2093 1897.
1827 2043 1965 2093 1106
1984 2056 2066 2107 sq.
2112 2068 2184 2080 --
2230 2044 2298 2092 25
2335 2043 2396 2093 et

381 2118 448 2165 34
487 2114 546 2164 et
580 2117 649 2165 35
685 2111 829 2164 nihil
864 2109 1147 2176 Wesenb.,
1182 2110 1343 2163 Boot.
1397 2109 1488 2162 Ad
1521 2128 1576 2179 p.
1600 2115 1719 2164 173.
1742 2116 1826 2164 26.
1855 2138 1925 2150 -—
1953 2114 2020 2162 30
2058 2110 2117 2162 et
2152 2114 2219 2161 33
2257 2111 2396 2163 mihi

380 2183 504 2236 edd.
534 2185 760 2251 praeter
793 2179 1028 2248 Tyrrell.
1083 2179 1172 2232 Ad
1200 2198 1255 2250 p.
1278 2186 1326 2234 9.
1350 2185 1432 2234 19.
1479 2181 1499 2248 ΙΙ
1559 2180 1631 2234 Ρ.
1653 2178 1790 2235 429.
1812 2186 1843 2233 5
1869 2197 1920 2233 v.
1941 2179 2174 2234 Schiche
2199 2178 2392 2235 Herm.

379 2253 558 2306 XVIII
583 2271 638 2322 p.
661 2257 782 2318 612,
811 2256 932 2316 615,
971 2249 1227 2305 Schmidt
1251 2269 1304 2320 p.
1330 2256 1450 2319 527,
1487 2249 1708 2319 Tyrrell
1733 2267 1820 2321 ep.
1843 2255 1962 2316 664,
1999 2267 2173 2305 meme
2202 2249 2391 2319 Quint.

378 2323 588 2390 Baiter,
628 2324 846 2391 (Idibus
881 2320 1136 2389 Sextil.?)
1174 2320 1437 2375 Wesenb.
1466 2352 1538 2362 —
1574 2328 1605 2375 9
1627 2339 1708 2390 sq.
1740 2321 1961 2376 omissis
1997 2321 2181 2376 verbis
2217 2323 2397 2392 tetiyit

380 2411 541 2449 aures
573 2395 823 2461 numtiuS,
869 2393 1130 2461 extemplo
1166 2393 1422 2447 instituta
1455 2394 1747 2459 tamquam
1787 2393 1878 2446 ‘ex
1915 2395 2112 2462 aperta
2145 2392 2393 2463 interpo-

378 2465 612 2519 latione’
654 2465 715 2518 in
744 2462 785 2518 C
803 2464 842 2517 Z
880 2464 1018 2518 ortis
1057 2462 1313 2518 Schmidt
1350 2481 1450 2545 scr.
1479 2464 1778 2529 scriberem,
1806 2465 2019 2534 pepigit
2048 2464 2274 2532 OppiuS,
2309 2482 2396 2530 ea,

380 2534 1375 2662 {ffg‘istuffiussoffiiffa}.nssssaffia
1438 2550 1680 2659 2113&ss
1706 2534 2393 2659 essfflfiessffiqffiassf

379 2679 602 2733 Philol.'
646 2683 787 2732 1894
820 2696 875 2748 Ρ.
898 2683 1094 2744 29889.
1149 2706 1220 2717 -
1276 2681 1345 2731 10
1381 2677 1669 2748 [instituta
1705 2677 1897 2800 ωηιῗ]
1937 2676 2182 2730 ‘secutus
2221 2675 2394 2730 Grae-

378 2751 550 2804 vium'
593 2749 751 2802 Boot.
807 2777 876 2790 ·—
932 2753 998 2803 11
1041 2748 1207 2817 ‘quod
1240 2748 1506 2813 iusseras,
1551 2747 1782 2801 edolavi’
1869 2746 2056 2816 yrrell.
2113 2777 2182 2788 -—
2237 2754 2305 2801 20
2341 2765 2390 2801 v.

380 2820 615 2876 Schiche
641 2818 829 2873 Herm.
849 2817 1029 2872 XVIII
1054 2837 1108 2888 p.
1129 2823 1251 2885 611,
1271 2823 1392 2884 615,
1421 2816 1678 2872 Schmidt
1700 2835 1754 2888 p.
1776 2823 1898 2884 527,
1936 2817 2152 2886 Tyrrell
2173 2834 2257 2888 ep.
2271 2823 2392 2884 654,

379 2898 602 2947 eoeewntc
646 2906 822 2944 mense
869 2889 1058 2959 Quint.
1083 2888 1301 2956 Baiter,
1350 2893 1502 2957 (wnte
1537 2889 1670 2942 Kal.
1705 2889 1842 2957 Oct.)
1879 2888 2143 2943 Wesenb.
2199 2919 2269 2929 —
2325 2895 2394 2942 23

379 2979 510 3017 nam
558 2991 629 3002 —
676 2961 1021 3015 vendidimus
1054 2960 1114 3014 in
1149 2958 1408 3029 parenth.
1437 2958 1719 3026 Wesenb.,
1754 2961 1913 3014 habet
1946 2990 2016 3000 --
2050 2960 2395 3015 vendidimus

379 3032 588 3097 Baiter,
624 3030 786 3097 Boot,
822 3030 1091 3098 Schmidt,
1129 3048 1177 3085 v.
1209 3036 1275 3085 26
1296 3047 1380 3099 sq.
1409 3031 1722 3085 dixisset—
1739 3048 1897 3101 aeyer
1922 3028 2203 3097 Wesenb.,
2232 3029 2392 3085 Boot.

379 3104 482 3157 Ad
514 3120 567 3171 p.
600 3108 779 3157 16.14.
854 3132 924 3142 -
997 3108 1063 3156 29
1111 3108 1265 3169 esset,
1320 3108 1381 3157 et
1424 3102 1634 3156 moleste
1676 3103 1834 3169 ferre
1889 3099 2178 3168 Wesenb.,
2232 3101 2393 3169 Boot,

376 3176 535 3243 ferre.
575 3174 775 3228 Postea
807 3172 868 3225 M
914 3172 1010 3240 (ad
1046 3191 1098 3242 p.
1130 3175 1333 3241 54.15).
1416 3174 1435 3240 ΙΙ
1514 3173 1586 3227 Ρ.
1615 3170 1754 3227 430.
1784 3177 1815 3226 6
1853 3189 1901 3226 v.
1933 3171 2168 3227 Schiche
2204 3170 2393 3227 Herm.

379 3244 560 3297 XVIII
604 3262 658 3314 p.
690 3249 819 3311 615,
867 3242 1123 3298 Schmidt
1163 3260 1218 3312 p.
1250 3249 1380 3310 528,
1425 3242 1646 3312 Tyrrell
1690 3258 1760 3313 ep
1806 3248 1935 3310 656,
1980 3260 2156 3298 meme
2201 3243 2396 3298 Sextili

379 3316 596 3383 Baiter,
650 3315 806 3382 (Kal.
842 3314 1018 3382 Oete)
1057 3313 1317 3368 Wesenb.
1375 3344 1446 3355 -
1501 3320 1568 3367 12
1614 3321 1858 3368 mortuus
1893 3321 1989 3369 eet
2021 3315 2166 3369 enim
2201 3312 2398 3382 Orelli,

379 3384 907 3454 Baiter,.Wesenb.,
943 3385 1101 3439 Boot.
1131 3415 1201 3425 —
1232 3390 1298 3438 16
1328 3401 1443 3439 non
1477 3387 1759 3452 veniam,
1795 3391 2085 3454 antequam
2110 3384 2393 3452 Wesenb„

378 3464 415 3525 †
435 3465 560 3513 amte
588 3475 752 3527 quam
777 3456 923 3512 Boot
954 3455 1112 3527 prob.
1145 3455 1548 3525 Stuerenburgi
1586 3456 1816 3510 coniect.
1853 3458 2007 3511 neut'
2116 3472 2184 3522 m,
2221 3470 2397 3523 quam

381 3529 601 3599 accepit
634 3525 867 3597 Tyrrell.
914 3556 985 3568 —
1042 3531 1109 3581 18
1146 3526 1299 3582 Adeo
1334 3526 1502 3593 Boot,
1553 3527 1771 3595 Baiter,
1817 3526 2006 3581 Schmi
2046 3528 2088 3595 t,
2125 3542 2255 3581 aveo
2290 3525 2396 3595 Μ’,
