2642 3923
550 210 1061 266 EPISTULARUM
1099 212 1196 265 AD
1232 211 1557 266 ATTICUM
1593 212 1696 266 XV
1735 217 1941 265 14-16
1953 229 2001 267 a.
2151 211 2274 275 481

267 356 549 440 impedit.
642 353 839 440 Nam,
894 376 1034 418 cum
1094 377 1172 418 ex
1225 355 1520 440 reliquis,
1566 375 1728 438 quae
1781 353 1989 419 Nonis
2044 353 2281 436 Aprili-

267 445 390 509 bus
435 444 612 523 fecit,
671 443 991 506 abundare
1036 442 1326 527 debeam,
1381 463 1575 527 cogor
1620 443 1929 527 mutuari,
1984 443 2281 525 quodque

268 555 347 597 ex
393 533 538 595 istis
584 531 932 595 fructuosis
979 530 1170 594 rebus
1218 535 1544 613 receptum
1582 536 1699 615 est,
1742 530 1810 593 id
1849 551 1965 614 ego
2004 532 2086 594 ad
2121 529 2281 594 illud

267 621 490 684 fanum
537 619 890 702 sepositum
934 618 1257 701 putabam.
1335 617 1459 683 Sed
1503 619 1658 682 haec
1702 618 1924 682 Tironi
1968 617 2282 704 mandavi,

217 733 243 775 5
272 731 461 792 quem
509 708 590 771 ob
639 730 779 771 eam
824 728 1080 771 causam
1126 705 1403 770 Romam
1447 707 1623 790 misi3
1686 711 1753 771 te
1797 707 1977 770 nolui
2021 706 2280 789 impedi-

270 800 409 860 tum
465 796 785 878 impedire.
877 792 1098 859 Cicero
1152 799 1375 858 noster
1431 816 1557 878 quo
1612 794 1961 858 modestior
2016 799 2141 878 est,
2204 815 2277 856 eo
2315 812 2362 858 4-

270 906 371 947 me
432 884 638 968 magis
692 886 1063 947 commovet.
1154 881 1256 945 Ad
1309 905 1413 947 me
1468 884 1638 946 enim
1692 883 1769 946 de
1821 882 1940 946 hac
1993 904 2060 946 re
2114 881 2279 945 nihil

272 972 545 1055 scripsit,
583 971 662 1034 ad
709 992 897 1054 quem
943 970 1248 1035 nimirum
1284 971 1692 1053 potissimum
1729 970 1976 1053 deb'uit3
2022 969 2279 1053 scripsit

270 1059 393 1123 hoc
437 1064 651 1124 autem
696 1058 776 1122 ad
820 1058 1139 1144 Tironem,
1190 1059 1315 1123 sibi
1360 1062 1511 1142 post
1555 1058 1817 1123 Kalend.
1854 1057 2111 1141 Apriles
2158 1056 2279 1143 (sic

193 1173 244 1212 ιο
272 1148 442 1211 enim
488 1169 771 1211 annuum
817 1151 1070 1230 tempus
1108 1145 1364 1232 confici)
1409 1146 1575 1211 nihil
1621 1147 1840 1210 datum
1886 1168 2038 1210 esse.
2130 1145 2278 1208 Tibi

269 1257 386 1319 pro
433 1240 546 1299 tua
589 1239 821 1298 natura
861 1256 1108 1318 semper
1144 1235 1458 1319 placuisse
1494 1239 1684 1318 teque
1722 1234 2122 1298 existimasse
2157 1234 2279 1315 †id

268 1324 463 1387 etiam
521 1323 602 1387 ad
657 1323 1039 1407 dignitatem
1091 1345 1297 1387 meam
1353 1324 1669 1407 pertinere
1724 1344 1867 1386 eum
1910 1343 2044 1386 non
2087 1321 2278 1385 modo

264 1412 620 1477 liberaliter
687 1434 725 1475 a
793 1410 1009 1495 nobiS,
1088 1411 1197 1474 sed
1270 1412 1465 1474 etiam
1535 1415 1755 1475 ornate
1836 1411 2279 1493 cumulateque

267 1500 547 1564 tractari.
630 1496 839 1573 Quare
883 1498 1077 1561 velim
1121 1520 1302 1564 cures
1349 1497 1492 1584 (nec
1537 1499 1660 1563 tibi
1704 1520 1909 1562 essem
1955 1498 2281 1582 molestus,

191 1612 242 1653 ιε
270 1588 327 1651 si
370 1609 487 1672 per
531 1587 743 1687 alium·
772 1586 895 1688 hoc
941 1607 1128 1669 agere
1172 1584 1477 1673 possem),
1523 1591 1596 1649 ut
1642 1590 2040 1688 permutetur
2084 1584 2280 1649 Athe-

267 1675 650 1826 33303513‘3.
693 1678 910 1825 ⁸¹35}ss
945 1672 2280 1826 fflufflsssunssffissssss13¹'m{i?¹¹02tussffiss

269 1851 472 1935 igitur
517 1855 581 1914 et
629 1850 708 1914 ad
751 1871 885 1935 me,
930 1850 987 1913 si
1032 1850 1186 1932 quid
1230 1850 1353 1913 tibi
1399 1850 1475 1913 de
1520 1870 1595 1914 eo
1641 1849 1981 1933 videbitur,
2026 1849 2280 1913 scribes.

1186 2007 1360 2072 XVI.

189 2139 244 2180 20
483 2128 598 2185 Ser.
625 2131 690 2184 in
724 2130 948 2185 Antiati
979 2130 1092 2184 III
1119 2135 1218 2184 aut
1247 2131 1397 2197 prid.
1425 2129 1514 2183 Id.
1540 2130 1671 2183 Ima.
1701 2146 1754 2184 a.
1785 2133 1895 2185 710
1931 2131 2067 2197 (44).

870 2252 1158 2307 CICERO
1194 2251 1482 2306 ATTICO
1518 2252 1684 2307 SAL.

405 2359 684 2424 Tandem
729 2382 768 2424 a
812 2358 1114 2424 Cicerone
1158 2359 1553 2444 tabellarius,
1598 2364 1664 2424 et
1709 2360 2067 2425 mehercule
2112 2360 2279 2424 litte·

271 2470 378 2512 rae
430 2447 896 2532 πεπινωμένως
951 2449 1250 2532 scriptae,
1306 2448 1478 2531 quod
1530 2449 1741 2531 ipsum
1784 2451 2127 2533 προκοπὴν
2172 2448 2282 2512 ali-

273 2559 464 2620 quam
536 2537 883 2622 significat,
952 2537 1233 2619 itemque
1305 2535 1501 2600 ceteri
1571 2536 1892 2618 praeclara
1964 2537 2282 2622 scribunt3

189 2648 244 2689 π
271 2623 584 2688 Leonides
641 2628 856 2688 tamen
913 2625 1146 2688 retinet
1205 2645 1395 2687 suum
1456 2623 1615 2687 illud
1677 2624 1952 2710 ‘adhuc-f,
2012 2625 2280 2688 summis

272 2734 421 2776 vero
465 2712 762 2776 laudibus
808 2710 1112 2777 Herodes
1177 2711 1345 2787 Quid
1392 2713 1688 2795 quaeris?
1751 2712 1854 2777 vel
1888 2713 2084 2776 verba
2120 2712 2281 2776 mihi

273 2799 409 2863 dari
461 2800 646 2865 facile
699 2801 913 2884 patior
957 2801 1026 2864 in
1068 2800 1192 2865 hoc
1236 2821 1465 2884 meque
1510 2800 1784 2864 libenter
1828 2801 2107 2884 praebeo
2153 2823 2281 2864 cre·

272 2888 509 2953 dulum.
599 2888 696 2952 Tu
743 2888 951 2974 velim,
997 2889 1053 2952 si
1099 2888 1252 2972 quid
1297 2887 1422 2951 tibi
1468 2893 1565 2952 est
1612 2911 1649 2952 a
1695 2886 1904 2953 Statio
1953 2889 2282 2975 scriptum,

273 2976 443 3059 quod
488 2977 806 3060 pertineat
851 2977 928 3040 ad
973 2998 1094 3061 me,
1139 2976 1478 3040 certiorem
1523 2997 1624 3040 me
1669 2976 1883 3041 faciaS.

188 3157 243 3199 ao
1170 3134 1230 3198 X
1379 3186 1390 3198 .

425 3237 536 3294 Ser.
566 3239 631 3293 im
665 3238 934 3307 Arpinati
972 3238 1128 3293 XIV
1158 3133 1466 3294 autVZH
1496 3237 1569 3291 K.
1598 3239 1730 3292 Iwn.
1760 3254 1810 3292 a.
1844 3241 1953 3293 710
1989 3240 2125 3306 (44).

874 3342 1163 3399 CICERO
1198 3342 1489 3399 ATTICO
1524 3341 1690 3398 SAL.

401 3432 612 3498 Narro
668 3434 817 3516 tibi,
876 3433 1035 3498 haec
1088 3434 1229 3499 loca
1282 3436 1554 3497 venusta
1609 3436 1786 3515 sunt,
1842 3432 2060 3495 abdita
2113 3434 2283 3496 certe

267 3526 353 3608 et,
390 3519 447 3586 si
485 3521 638 3606 quid
674 3521 946 3587 scribere
984 3523 1161 3609 velis,
1198 3522 1278 3587 ab
1317 3520 1579 3586 arbitris
1615 3520 1833 3585 libera.
1910 3518 2034 3584 Sed
2066 3519 2281 3583 nescio

379 3633 470 3676 010.
491 3634 621 3684 epist.
640 3635 702 3676 Π.
1896 3626 1960 3673 31
