2642 3923
307 189 344 265 8
947 192 1018 256 M.
1059 202 1270 257 TULLI
1306 201 1683 258 memnonis

301 330 507 431 volui,
560 333 618 409 si
665 344 816 429 quid
863 344 1030 410 forte
1075 367 1150 409 ea
1193 368 1295 410 res
1344 346 1423 409 ad
1468 344 1892 430 cogitationes
1936 348 2085 407 tuas
2132 343 2327 427 perti-⁷

233 451 264 500 2
301 438 499 498 neret.
590 431 868 509 Quintus
914 433 1139 519 frater,
1193 438 1267 498 ut
1311 434 1472 498 mihi
1516 433 1796 518 videtur,
1850 454 1978 517 quo
2027 431 2327 496 volumus

249 3187 271 3232 l

304 522 544 608 animo,
582 526 681 586 est
725 521 794 585 in
839 520 1259 606 Pomponiam
1305 526 1371 586 et
1416 543 1561 586 cum
1605 543 1680 585 ea
1721 542 1893 585 nunc
1936 520 2008 584 in
2052 519 2324 604 Arpina-

303 610 481 675 tibus
535 609 810 694 praediis
866 613 1006 674 erat
1060 615 1124 673 et
1179 631 1392 675 secum
1447 609 1727 674 habebat
1788 609 2116 673 hominem
2175 632 2325 693 χρη-

303 696 778 850 ῗῖἶορὶἕὲἧᾝῡ.
834 697 1235 762 Turranium.
1338 697 1532 762 Pater
1582 698 1772 762 nobis
1831 698 2100 762 decessit
2154 719 2207 761 a.
2263 696 2321 760 d.
2379 722 2404 762 ε

574 838 585 849 .
695 807 779 850 60.

437 873 613 939 Haec
655 873 973 938 habebam
1017 874 1189 961 feres
1215 897 1378 959 quae
1422 880 1489 939 te
1535 875 1697 939 scire
1741 832 1987 939 vellem.
2079 873 2177 938 Tu
2222 895 2322 937 ve-

292 963 449 1049 lim,
513 963 569 1027 si
632 983 758 1046 qua
814 966 1189 1027 ornamenta
1242 964 1671 1064 γυμνασιώᾷη
1726 962 2004 1047 reperire
2060 962 2323 1046 poteriS‚

308 1072 469 1135 (11186
513 1051 639 1115 1001
684 1050 817 1114 sint
861 1051 1016 1133 eius,
1063 1072 1254 1134 quem
1298 1056 1374 1115 tu
1418 1073 1551 1116 non
1596 1053 1877 1137 ignoras,
1919 1072 2003 1115 116
2046 1054 2325 1135 praeter-

306 1140 546 1203 mittas.
647 1136 786 1202 Nos
839 1137 1202 1203 Tusculano
1259 1140 1352 1203 ita
1408 1139 1819 1225 delectamur,
1874 1143 1948 1203 ut
2001 1139 2324 1203 nobismet
2352 1165 2410 1204 10

307 1227 465 1312 ipsis
508 1231 648 1291 tum
685 1226 974 1311 denique,
1019 1249 1164 1290 cum
1200 1227 1314 1291 1110
1355 1229 1660 1313 venimus,
1706 1228 2084 1312 placeamus.
2159 1225 2324 1302 Quid

309 1337 461 1401 agas
517 1315 816 1380 omnibus
871 1314 947 1378 de
999 1314 1193 1379 rebus
1248 1319 1312 1380 et
1368 1316 1522 1400 quid
1577 1320 1836 1380 acturus
1891 1317 2008 1403 sis,
2061 1316 2162 1423 fac
2204 1335 2326 1378 nos

309 1425 500 1488 quam
548 1403 1038 1487 diligentissime
1085 1403 1403 1468 certiores.

1241 1612 1387 1680 VII.
2300 1673 2305 1678 .

729 1734 859 1797 Sor„
883 1735 1090 1791 Romae
1125 1742 1252 1790 ante
1288 1737 1375 1790 Id.
1414 1735 1575 1791 Febr.
1616 1740 1731 1791 687
1767 1740 1909 1806 (67).
2205 1738 2213 1747 ’
2357 1747 2414 1788 16

947 1856 1201 1913 CICERO
1240 1856 1504 1913 ATTICO
1544 1858 1693 1914 SAL.

443 1967 636 2052 Apud
706 1972 974 2032 matrem
1062 1972 1231 2033 recte
1304 1972 1430 2052 est,
1521 1990 1717 2052 eaque
1797 1969 1986 2034 nobis
2060 1975 2327 2035 curaest.

310 2056 379 2121 L.
438 2054 659 2121 Cincio
714 2054 826 2121 HS
882 2061 1071 2120 2(ch
1137 2056 1446 2120 constitui
1515 2079 1617 2120 me
1681 2062 2052 2121 curaturum
2107 2056 2329 2123 Idibus

311 2144 495 2210 Febr.
596 2144 695 2209 Tu
749 2145 943 2210 velim
1006 2165 1079 2208 ea
1081 2192 1120 2230 1
1177 2166 1338 2228 quae
1401 2144 1590 2208 nobis
1654 2145 1883 2210 emisse
1948 2150 2013 2210 et
2070 2168 2329 2230 parasse

314 2233 580 2319 80111118
632 2233 740 2296 des
808 2233 1066 2316 operam
1128 2236 1203 2296 ut
1267 2254 1460 2315 quam
1513 2232 1794 2315 primum
1851 2234 2201 2299 habeamus
2210 2282 2228 2317 ,
2265 2240 2332 2300 et
2360 2262 2415 2300 20

315 2321 503 2385 velim
558 2320 832 2405 cogites,
895 2319 961 2383 id
1015 2319 1187 2404 quod
1241 2319 1400 2383 mihi
1455 2321 1783 2403 pollicitus
1838 2343 1934 2407 68,
1998 2345 2187 2407 (1116111
2253 2324 2332 2388 ad

313 2409 574 2474 modum
627 2408 1082 2473 bibliothecam
1137 2408 1325 2471 nobis
1382 2409 1688 2473 conficere
1741 2410 1968 2493 possis.
2062 2410 2329 2477 Omnem

314 2520 493 2582 spem
546 2497 986 2562 delectationis
1041 2501 1329 2582 nostrae,
1384 2519 1604 2583 quam,
1659 2520 1801 2561 cum
1857 2499 1923 2562 in
1981 2501 2187 2564 otium
2231 2523 2332 2565 ve-

312 2586 623 2673 nerimus,
666 2585 903 2650 habere
949 2585 1275 2669 volumus,
1330 2583 1399 2648 in
1449 2588 1563 2649 tua
1605 2584 2007 2652 humanitate
2053 2590 2331 2671 positam

311 2674 638 2739 habemus.
2362 2702 2416 2743 26

1237 2811 1410 2877 VIII.

693 2934 807 2991 Ser.
849 2935 1056 2989 Romae
1083 2940 1210 3003 post
1243 2935 1333 2988 Id.
1372 2934 1534 2989 Febr.
1574 2952 1624 2988 a.
1666 2939 1779 2990 687
1817 2939 1957 3004 (67).

952 3055 1205 3112 CICERO
1244 3056 1507 3112 ATTICO
1547 3056 1692 3113 SAL.

447 3167 640 3251 Apud
693 3171 759 3232 te
814 3170 937 3250 est,
991 3170 1066 3230 ut
1121 3167 1432 3231 volumus.
1527 3166 1735 3231 Mater
1788 3173 1902 3232 tua
1956 3172 2021 3232 et
2068 3190 2251 3234 soror
2296 3193 2333 3235 a

318 3278 419 3321 me
465 3254 831 3339 Quintoque
875 3254 1074 3318 fratre
1121 3254 1430 3339 diligitur.
1515 3252 1677 3319 Cum
1722 3254 2006 3320 Acutilio
2055 3279 2198 3321 sum
2240 3257 2330 3323 lo·
2362 3286 2415 3324 30

317 3348 520 3409 cutus.
631 3341 696 3406 Is
762 3343 888 3407 sibi
951 3347 1146 3427 negat
1211 3366 1247 3406 a
1312 3365 1429 3407 suo
1502 3348 1917 3427 procuratore
1990 3346 2332 3429 quicquam

319 3432 630 3515 scriptum
684 3453 821 3495 esse
875 3434 940 3494 et
994 3431 1265 3494 miratur
1321 3432 1514 3495 istam
1568 3432 2094 3497 controversiam
2115 3434 2336 3520 fuisse,

320 3520 489 3604 quod
553 3519 661 3583 ille
725 3522 1047 3583 recusaret
1121 3518 1325 3582 satis
1345 3519 1492 3583 dare
1557 3521 1831 3604 amplius
1896 3522 2012 3586 abs
2053 3525 2140 3586 te
2201 3544 2330 3587 non
