2642 3923
587 208 1101 263 EPISTULARUM
1136 209 1236 262 AD
1275 209 1603 264 ATTIGUM
1638 209 1767 264 XIV
1806 216 2029 264 14—-16,
2188 211 2316 276 451

1213 440 1388 506 XVI.

358 563 469 618 Ser.
510 563 753 617 Puteolis
788 563 852 616 in
886 562 1059 616 hortis
1096 560 1386 617 Cluvianis
1431 562 1485 616 V
1515 563 1663 617 Non.
1695 562 1841 618 Mai.
1879 580 1931 618 a.
1973 567 2081 618 710
2119 567 2254 632 (44).

891 684 1179 739 CICERO
1215 685 1507 740 ATTICO
1543 686 1705 740 SAL.

425 812 475 858 v
545 791 769 858 Nonas
824 793 1248 857 conscendens
1294 794 1375 857 ab
1420 794 1630 857 hortis
1677 792 2006 858 Cluvianis
2051 794 2122 858 in
2165 795 2319 878 pha·
2357 811 2386 859 1

242 908 269 949 5
297 882 501 947 selum
548 883 882 965 epicopum
936 881 1053 944 has
1099 881 1242 944 dedi
1286 882 1568 967 litterae,
1623 903 1769 947 cum
1813 882 2014 946 Piliae
2057 888 2317 948 nostrae

293 970 513 1035 villam
558 971 638 1033 ad
682 969 1057 1053 Lucrinum,
1101 970 1327 1034 vilicos
1343 1022 1361 1055 ,
1406 974 1852 1053 procuratores
1896 972 2316 1036 tradidissem.

293 1059 438 1142 Ipse
494 1062 708 1123 autem
766 1080 841 1122 eo
898 1058 998 1122 die
1042 1059 1113 1121 in
1164 1056 1347 1121 Paeti
1405 1059 1614 1122 nostri
1678 1059 2146 1142 tyrotarichum
2204 1060 2318 1124 im·

293 1148 639 1233 minebam3
692 1147 1089 1230 †perpaucis
1137 1146 1362 1211 diebus
1408 1147 1477 1210 in
1522 1146 2007 1232 Pompeianum,
2051 1151 2202 1231 post
2247 1149 2317 1212 in

293 1233 449 1300 haec
492 1234 846 1299 Puteolana
901 1239 966 1299 et
1015 1232 1301 1299 Cumana
1346 1256 1544 1320 regna
1589 1237 1977 1320 renavigare.
2072 1235 2126 1300 Ο
2173 1237 2315 1300 loca

215 1351 267 1390 ιο
293 1324 615 1407 ceteroqui
645 1324 829 1396 valde
867 1323 1232 1408 expetenda,
1261 1286 1850 1406 interpellantium„
1856 1328 2072 1388 autem
2098 1325 2315 1389 multi-

293 1412 514 1476 tudine
558 1433 758 1495 paene
803 1412 1131 1496 fugienda!

428 1499 551 1564 Sed
590 1500 669 1563 ad
703 1522 839 1563 rem
876 1504 950 1563 ut
978 1500 1249 1585 veniam,
1295 1522 1333 1563 o
1361 1498 1736 1564 Dolabellae
1772 1501 1979 1564 nostri
2015 1522 2314 1585 magnam
2351 1517 2382 1564 2

296 1589 657 1673 o'cotovsc'ocv!
733 1585 985 1661 Quanta
1026 1591 1121 1651 est
1169 1587 1653 1672 ἀναθεώρησιςῐ
1708 1588 2025 1672 Equidem
2056 1590 2315 1654 laudare

295 1698 441 1740 eum
496 1680 560 1740 et
612 1675 860 1739 hortari
913 1697 1046 1739 non
1108 1675 1365 1739 desisto,
1456 1675 1652 1740 Recte
1715 1681 1790 1740 tu
1844 1678 2142 1741 omnibus
2189 1679 2316 1762 epi-

216 1789 268 1829 15
297 1764 487 1827 stulis
552 1764 904 1848 significas,
976 1763 1129 1846 quid
1189 1763 1265 1827 de
1329 1786 1422 1845 re,
1497 1764 1650 1846 quid
1714 1764 1790 1828 de
1853 1766 1992 1829 viro
2055 1767 2308 1830 sentias

242 1908 245 1910 ,
295 1851 459 1916 Mihi
505 1851 761 1935 quidem
814 1850 1067 1915 videtur
1119 1849 1363 1915 Brutus
1408 1856 1630 1915 noster
1683 1851 1812 1916 iam
1857 1854 1961 1917 vel
2014 1875 2315 1918 coronam

296 1961 553 2005 auream
616 1963 731 2024 per
799 1940 1012 2004 forum
1075 1939 1242 2004 ferre
1286 1961 1518 2024 posse.
1628 1938 1785 2017 Quis
1852 1941 2022 2006 enim
2086 1943 2314 2007 audeat

293 2029 542 2093 laedere
598 2029 932 2112 proposita
1003 2049 1184 2092 cruce
1249 2033 1362 2092 aut
1421 2051 1603 2114 saxo,
1676 2031 2053 2113 praesertim
2114 2032 2315 2095 tantis

295 2117 648 2201 plausibus,
691 2121 875 2181 tanta
920 2116 1385 2200 approbatione
1429 2117 1797 2182 infimorum
1812 2119 1845 2182 ‘3

216 2234 269 2271 20
474 2204 689 2290 Nunc,
751 2206 843 2269 mi
904 2205 1148 2289 Attice,
1210 2227 1311 2269 me
1374 2206 1475 2269 fac
1536 2209 1611 2269 ut
1682 2205 1996 2289 expedias.
2089 2204 2317 2309 Cupio,
2351 2222 2385 2271 3
2437 2282 2443 2288 ‚

296 2316 491 2377 quom
527 2257 732 2358 Bruto
777 2297 1003 2358 nostro
1050 2256 1315 2358 ad'fatim
1363 2294 1521 2357 satis
1557 2294 1834 2379 fecerim,
1871 2316 2202 2359 excurrere
2245 2296 2311 2361 in

297 2380 670 2447 Graeciam.
741 2382 964 2467 Magni
1026 2383 1295 2446 interest
1350 2380 1674 2446 Ciceronis
1738 2347 1840 2447 vel
1902 2406 2044 2447 mea
2095 2384 2314 2467 potius

295 2472 398 2536 vel
442 2470 798 2535 mehercule
835 2470 1172 2553 utriusque
1207 2492 1310 2534 me
1347 2470 1731 2535 intervenire
1770 2472 2054 2535 discenti.
2145 2470 2315 2536 Nam

296 2559 572 2642 epistula
623 2557 967 2643 Leonidae,
1027 2580 1220 2641 quam
1279 2558 1360 2621 ad
1413 2581 1515 2622 me
1577 2559 1840 2643 misisti,
1906 2560 2059 2643 quid
2103 2560 2317 2646 habet,

215 2674 268 2713 25
298 2669 564 2730 quaes0,
636 2648 706 2711 in
764 2668 891 2730 quo
947 2667 1182 2731 magno
1249 2668 1440 2730 opere
1500 2635 1855 2711 laetemur?
1945 2609 2369 2732 Numquam

296 2735 405 2798 ille
450 2734 611 2798 mihi
657 2737 815 2799 satis
869 2734 1116 2798 laudari
1161 2734 1512 2820 videbitur,
1572 2757 1717 2799 cum
1769 2735 1865 2800 ita
1921 2736 2314 2802 laudabitur:

300 2821 461 2897 Quo
508 2822 699 2887 modo
744 2845 916 2887 nunc
961 2822 1099 2887 est'.
1190 2820 1344 2887 Non
1397 2827 1497 2887 est
1549 2823 1805 2888 fidentis
1859 2823 1984 2889 hoc
2026 2826 2317 2890 testimo-

295 2912 497 2993 nium,
547 2911 657 2975 sed
701 2911 920 2994 potius
969 2901 1277 2975 timentis,
1367 2910 1614 2975 Herodi
1668 2917 1882 2976 autem
1927 2914 2317 2998 mandaram,

296 3005 371 3062 ut
433 2999 593 3063 mihi
655 3001 819 3064 κατὰ
882 3002 1075 3082 μίτον
1138 2999 1461 3063 scriberet.
1551 2999 1613 3063 A
1677 3022 1804 3083 quo
1870 3000 2076 3065 adhuc
2137 3002 2316 3066 nulla
2378 3066 2382 3070 ⁴

216 3114 269 3155 30
295 3087 515 3151 littera
552 3091 667 3153 est.
756 3086 1018 3172 Vereor,
1062 3109 1143 3151 ne
1179 3086 1345 3151 nihil
1379 3085 1695 3172 habuerit,
1741 3089 1914 3173 quod
1948 3089 2128 3174 mihi,
2172 3111 2317 3154 cum

296 3196 692 3262 cognossem,
734 3175 1083 3240 iucundum
1128 3179 1386 3259 putaret
1430 3176 1581 3240 fore.

430 3262 610 3339 Quod
666 3264 747 3328 ad
798 3263 1131 3329 Xenonem
1194 3264 1539 3349 scripsisti,
1596 3264 1779 3328 valde
1841 3264 2004 3328 mihi
2057 3269 2317 3349 gratum
2352 3281 2388 3329 4

295 3356 428 3437 est3
477 3352 643 3416 1111111
696 3353 867 3416 6111111
912 3352 1127 3417 deesse
1183 3349 1475 3416 Ciceroni
1531 3373 1675 3416 cum
1721 3352 1800 3415 ad
1847 3352 2130 3416 officium
2176 3357 2317 3416 tum

296 3441 375 3505 ad
429 3441 972 3505 existimationem
1022 3462 1230 3505 meam
1289 3440 1586 3524 pertinet.
1678 3438 2032 3504 Flammam
2085 3438 2317 3504 Flami-

215 3554 267 3596 85
293 3530 475 3595 nium
539 3530 726 3595 audio
789 3527 1034 3594 Romae
1094 3550 1246 3594 esse.
1357 3527 1459 3591 Ad
1525 3550 1666 3591 eum
1734 3527 1962 3610 scripsi
2024 3549 2125 3592 me
2190 3528 2316 3592 tibi

1891 3629 1996 3681 29*
