2642 3923
333 181 466 246 300
976 181 1050 237 Μ.
1089 182 1304 237 TULLI
1339 180 1717 237 CICERONIS

1306 340 1385 406 V.

680 461 793 518 Ser.
823 463 886 516 in
924 421 1184 518 Cumano*
1209 462 1332 516 XV
1365 462 1436 515 K.
1468 462 1614 517 Mai.
1645 481 1696 516 a.
1730 467 1836 517 705
1878 466 2014 531 (49).

940 585 1232 641 CICERO
1266 585 1558 641 ATTICO
1594 584 1757 641 SAL.

467 693 565 760 De
618 699 761 761 tota
804 718 949 761 mea
992 695 1384 780 cogitatione
1432 695 1659 779 scripsi
1705 694 1785 758 ad
1830 698 1895 758 te
1943 698 2131 759 antea
2177 696 2355 781 satis,

335 787 410 847 ut
454 783 616 847 mihi
661 784 837 848 visus
886 806 1046 868 sum,
1094 783 1451 868 diligenter.
1523 781 1622 847 De
1669 783 1770 846 die
1814 782 1981 846 nihil
2027 805 2176 847 sane
2213 788 2353 867 pot-
2410 812 2440 851 5

336 876 435 935 est
493 870 685 936 scribi
732 873 890 937 certi
938 876 1189 956 praeter
1241 871 1393 956 hoc,
1451 892 1584 935 non
1642 875 1790 934 ante
1833 871 2057 935 lunam
2101 892 2352 936 novam.

339 957 637 1024 Curionis
687 982 895 1025 sermo
942 959 1252 1044 postridie
1290 959 1553 1023 eandem
1587 959 1817 1023 habuit
1853 960 1984 1023 fere
2023 981 2356 1045 summam,

335 1049 465 1112 nisi
512 1048 684 1131 quod
729 1049 1014 1134 apertius
1062 1048 1452 1133 significavit
1489 1069 1558 1112 se
1592 1046 1824 1111 harum
1861 1069 2075 1111 rerum
2112 1049 2356 1112 exitum

335 1158 469 1201 non
515 1137 745 1200 videre.

471 1222 656 1299 Quod
701 1224 876 1288 mihi·
898 1224 1162 1288 mandas
1203 1224 1279 1287 de
1317 1222 1556 1299 Quinto
1593 1223 1891 1308 regend0,
1928 1221 2355 1306 ‘'Apxocd't'oev'.
2384 1253 2440 1291 ιο

339 1312 580 1376 Tamen
623 1312 789 1376 nihil
832 1312 1355 1396 praetermittam.
1432 1311 1649 1394 Atque
1696 1311 1946 1376 utinam
1991 1315 2066 1375 tu
2105 1348 2209 1396 —,
2246 1312 2357 1376 sed

337 1400 670 1464 molestior
729 1422 862 1464 non
917 1421 1043 1465 er0.
1141 1399 1513 1484 Epistulam
1568 1400 1647 1462 ad
1701 1399 2076 1464 Vestorium
2133 1400 2356 1464 statim

340 1487 557 1573 detuli,
613 1510 684 1552 ac
728 1489 912 1553 valde
956 1488 1279 1572 requirere
1328 1488 1591 1552 solebat.
1685 1485 2101 1552 Commodius
2148 1492 2357 1552 tecum

338 1576 681 1641 Vettienus
747 1581 847 1641 est
900 1577 1184 1661 locutus,
1249 1598 1441 1660 quam
1497 1576 1575 1639 ad
1630 1597 1733 1639 me
1779 1577 2139 1659 scripserat.
2233 1574 2358 1641 Sed

337 1664 558 1729 mirari
626 1666 783 1729 satis
848 1664 1127 1729 hominis
1189 1664 1661 1749 neglegentiam
1724 1685 1856 1729 non
1910 1686 2090 1749 queo,
2193 1662 2357 1729 Cum
2385 1691 2439 1733 15

340 1754 511 1817 enim
558 1752 719 1817 mihi
762 1752 1152 1817 Philotimus
1200 1754 1466 1817 dixisset
1512 1773 1579 1816 se
1624 1752 1735 1817 HS
1781 1757 1833 1814 ῖ
1878 1774 2084 1817 0111010
2128 1753 2205 1817 de
2245 1751 2377 1817 Ga·

290 1902 297 1909 ,
339 1842 555 1905 11111010
602 1842 1036 1905 deversorium
1084 1841 1245 1905 illud
1291 1863 1500 1925 posse,
1555 1840 1825 1904 minoris
1872 1841 2066 1904 etiam
2113 1846 2358 1925 emptu-

339 1953 502 2015 rum,
540 1929 597 1994 si
623 1929 1000 1995 Vettienum
1038 1951 1385 2015 rogassem,
1430 1929 1673 2016 rogavi,
1707 1932 1801 2015 ut,
1838 1929 1893 1993 si
1932 1930 2086 2013 quid
2123 1934 2359 2017 posset,

341 2041 418 2083 ex
482 2041 555 2084 ea
618 2040 868 2083 summa
925 2018 1304 2083 detraheret.
1404 2017 1727 2082 Promisit.
1820 2016 1923 2081 Ad
1986 2040 2086 2082 me
2149 2041 2358 2102 nuper

342 2130 409 2172 se
454 2105 565 2172 HS
613 2111 760 2171 x'xx
814 2108 1068 2191 emisse3
1132 2111 1207 2171 ut
1263 2106 1635 2191 scriberem,
1689 2107 1791 2170 cui
1846 2107 2075 2170 vellem
2122 2107 2358 2193 addici,
2386 2137 2441 2175 20

341 2197 508 2259 diem
562 2196 867 2278 pecuniae
912 2194 1063 2259 Idus
1108 2193 1455 2260 Novembr.
1503 2216 1657 2258 0000.
1748 2193 2071 2278 Rescripsi
2122 2196 2181 2260 ei
2228 2199 2358 2259 sto·

338 2283 719 2367 machosius,
763 2306 907 2347 cum
951 2284 1092 2347 ioco
1139 2287 1357 2347 tamen
1401 2282 1717 2347 familiari.
1801 2281 2008 2368 Nunc,
2055 2284 2357 2384 quoniam

341 2373 477 2456 agit
538 2371 920 2457 liberaliter,
976 2371 1141 2436 nihil
1206 2392 1433 2436 accuso
1489 2370 1813 2435 hominem
1869 2372 2222 2455 scripsique
2279 2371 2357 2436 ad

340 2482 486 2524 eum
530 2482 632 2523 me
678 2482 716 2524 a
760 2464 827 2523 te
871 2462 1209 2524 certiorem
1255 2480 1395 2523 esse
1441 2459 1697 2523 factum.
1789 2458 1915 2543 Tu,
1969 2460 2047 2523 de
2092 2464 2208 2524 tuo
2253 2460 2355 2523 iti-

338 2570 488 2612 nere
544 2548 697 2631 quid
751 2551 816 2612 et
875 2547 1128 2632 quando
1176 2548 1448 2632 cogites,
1501 2547 1695 2612 velim
1737 2569 1840 2612 me
1886 2547 2225 2613 certiorem
2269 2548 2359 2611 fa·
2388 2577 2440 2617 ιε

340 2637 486 2700 cias,
577 2635 654 2700 A.
694 2636 749 2700 d
788 2654 885 2700 xv
930 2635 1008 2700 Κ.
1047 2635 1270 2700 Μο100.

1296 2792 1409 2858 VI.

666 2915 780 2971 Scr.
809 2916 873 2969 in
911 2913 1157 2970 Cumano
1191 2915 1366 2970 medio
1401 2932 1471 2969 m.
1500 2915 1636 2983 Apr.
1668 2933 1719 2968 a.
1751 2918 1860 2970 705
1900 2918 2035 2984 (49).

939 3038 1226 3094 CICERO
1261 3037 1553 3093 ATTICO
1590 3037 1751 3093 SAL.

473 3146 578 3211 Me
660 3146 866 3211 adhuc
945 3146 1111 3210 nihil
1193 3150 1448 3230 praeter
1528 3150 1978 3229 tempestatem
2050 3153 2357 3213 moratur.
2385 3176 2441 3217 so

339 3234 576 3299 Astute
619 3234 785 3298 nihil
832 3257 974 3298 sum
1021 3238 1294 3300 acturus,
1375 3233 1522 3299 Fiat
1566 3234 1636 3299 in
1680 3234 1997 3318 Hispania
2041 3237 2359 3321 quidlibet

341 3323 387 3401 †
410 3327 475 3385 et
538 3326 753 3386 tamen
811 3324 1036 3386 recitet
1095 3326 1173 3387 et.
1265 3322 1444 3387 Meas
1504 3324 1928 3408 cogitationes
1990 3326 2198 3389 omnis
2255 3347 2357 3390 ex-

341 3409 574 3491 plicavi
637 3410 761 3473 tibi
816 3410 1254 3493 superioribus
1308 3411 1564 3476 litteris.
1666 3410 1975 3487 Quocirca
2025 3411 2146 3477 hae
2203 3419 2358 3478 sunt

344 3495 587 3581 breveS,
611 3497 735 3578 †et
771 3501 987 3562 tamen
1024 3499 1176 3580 quia
1209 3499 1596 3564 festinabam
1632 3522 1931 3583 eramque
1970 3502 2356 3585 occupatior.
