2642 3923
299 127 428 192 296
924 127 1000 183 M.
1039 127 1252 183 TULLI
1290 126 1667 183 CICERONIS

301 294 494 356 quam
541 271 909 355 saepissime
956 272 1182 355 faciaS,
1239 276 1302 336 te
1349 271 1755 336 vehementer
1809 292 1987 355 rogo,
2079 269 2174 336 Ac
2219 271 2321 336 de-

300 361 593 445 plorandi
640 360 926 444 quidem,
981 360 1152 443 quod
1198 359 1431 424 cotidie
1475 360 1769 446 facimuS,
1823 360 1910 423 sit
1955 361 2084 423 iam
2129 360 2319 424 nobis

301 453 414 513 aut
458 450 605 512 finis
665 449 926 512 omnino
937 499 955 533 ,
1010 449 1066 512 si
1119 451 1362 532 potest,
1418 453 1529 512 aut
1585 448 1936 512 moderatio
1994 449 2320 534 quaedam,

303 537 473 621 quod
518 537 805 620 profecto
852 540 1083 620 potest.
1175 534 1327 599 Non
1374 536 1544 600 enim
1599 537 1753 622 iam,
1809 557 2000 619 quam
2047 537 2319 621 dignita·

302 630 460 710 tem,
517 647 677 709 quos
724 625 1028 709 honoreS,
1082 646 1271 707 quem
1317 625 1487 689 vitae
1536 629 1778 688 statum
1823 625 2173 709 amiserim,
2219 646 2319 688 co-
2375 650 2403 690 5

303 715 462 799 gito,
508 714 617 778 scd
665 714 819 797 quid
864 716 1242 777 consecutus
1292 713 1443 798 sim,
1489 713 1641 796 quid
1687 713 2148 797 praestiterim,
2193 735 2320 797 qua

304 804 372 866 in
425 802 611 866 laude
655 802 954 884 vixerim,
1007 800 1109 864 his
1167 801 1438 884 denique
1491 802 1561 864 in
1614 802 1799 865 malis
1855 802 2010 902 quid
2062 802 2319 865 intersit

303 891 471 953 inter
517 911 619 954 me
665 895 729 953 et
775 890 965 972 istos,
1011 910 1172 973 quos
1217 893 1484 974 propter
1531 890 1744 954 omnia
1789 890 2137 953 amisimus
2228 888 2314 953 Hi

307 982 475 1062 sunt,
521 979 651 1062 qui,
694 977 822 1042 nisi
858 1000 960 1041 me
998 978 1258 1041 civitate
1297 978 1713 1063 expulissent,
1758 979 2046 1042 obtinere
2085 1000 2151 1041 se
2187 999 2318 1041 non

304 1070 692 1150 putaverunt
737 1088 924 1150 posse
969 1065 1294 1130 licentiam
1341 1066 1766 1149 cupiditatum
1811 1088 2088 1130 suarum.
2152 1064 2318 1141 Quo·
2345 1092 2401 1131 10

305 1177 449 1218 rum
494 1154 818 1219 societatis
867 1158 931 1218 et
968 1155 1306 1218 sceleratae
1345 1155 1781 1218 consensionis
1818 1154 1976 1218 fides
2015 1175 2142 1237 quo
2181 1176 2317 1218 eru-

235 1261 266 1307 2
305 1244 489 1326 perit,
533 1243 726 1307 vides,
800 1242 986 1306 Alter
1033 1243 1209 1305 ardet
1247 1243 1463 1306 furore
1511 1247 1575 1306 et
1614 1243 1846 1307 scelere
1881 1264 1998 1307 nec
2042 1243 2317 1306 remittit

306 1330 575 1416 aliquid,
630 1331 737 1394 sed
790 1331 860 1393 in
913 1330 1045 1394 dies
1101 1332 1514 1415 ingravescit3
1567 1331 1756 1395 modo
1811 1329 2001 1395 Italia
2055 1332 2319 1415 expulit,

304 1440 473 1483 nunc
519 1418 644 1483 alia
690 1441 769 1482 cx
812 1422 994 1502 parte
1039 1418 1363 1503 persequi,
1418 1441 1494 1483 cx
1551 1419 1677 1483 alia
1722 1419 2050 1503 provincia
2095 1440 2317 1501 exspo-

305 1508 461 1570 liare
506 1510 774 1571 conatur
816 1528 932 1571 nec
977 1508 1107 1570 iam
1151 1510 1432 1591 recusat,
1487 1508 1597 1571 scd
1644 1508 1918 1591 quodam
1973 1507 2161 1571 modo
2206 1528 2320 1590 po·
2347 1533 2399 1573 ιε

307 1596 534 1680 stulat,
592 1599 694 1681 ut,
748 1616 935 1678 quem
980 1595 1060 1658 ad
1103 1596 1365 1660 modum
1412 1599 1538 1678 est,
1583 1595 1673 1660 sic
1719 1596 1914 1680 etiam
1960 1595 2319 1678 appelletur

235 1700 267 1748 3
305 1687 635 1766 tyrannus.
724 1683 938 1767 Alter,
991 1683 1047 1747 is
1104 1685 1217 1767 qui
1268 1705 1388 1747 nos
1445 1683 1569 1747 sibi
1624 1685 1943 1767 quondam
1997 1684 2076 1748 ad
2127 1684 2316 1766 pedes

309 1776 547 1835 stratos
610 1793 691 1835 ne
756 1772 1132 1835 sublevabat
1197 1772 1451 1855 quidem
1470 1825 1487 1857 ,
1551 1773 1662 1855 qui
1728 1794 1794 1837 se
1866 1771 2033 1836 nihil
2094 1775 2318 1836 contra

303 1859 497 1924 huius
543 1860 938 1924 voluntatem
984 1859 1189 1924 facere
1233 1882 1422 1943 posse
1433 1914 1450 1945 ,
1495 1860 1747 1944 elapsus
1795 1883 1829 1924 e
1875 1860 2075 1924 soceri
2118 1861 2317 1923 mani·

305 1949 427 2012 bus
475 1971 546 2013 ac
591 1949 761 2013 ferro
809 1948 1049 2013 bellum
1101 1952 1274 2013 terra
1329 1952 1393 2012 et
1438 1950 1600 2013 mari
1659 1953 1984 2033 comparat
2036 1970 2170 2013 non
2224 1949 2316 2012 in·
2346 1976 2398 2014 20

306 2038 548 2101 iustum
593 2037 702 2101 ille
752 2038 1034 2122 quidem,
1089 2037 1198 2100 sed
1251 2059 1395 2101 cum
1450 2038 1630 2121 pium
1674 2041 1814 2101 tum
1867 2038 2060 2102 ctiam
2105 2058 2317 2101 ncces·

307 2126 576 2209 sarium,
650 2125 784 2190 suis
856 2129 1073 2189 tamen
1144 2126 1390 2189 civibus
1463 2125 1817 2211 exitiabile,
1886 2126 2013 2190 nisi
2076 2126 2317 2210 vicerit,

236 2231 269 2278 4
307 2214 775 2299 calamitosum,
827 2214 1077 2277 etiamsi
1123 2214 1363 2278 vicerit.
1453 2212 1702 2277 Horum
1751 2235 1868 2298 ego
1924 2235 2317 2277 summorum

307 2303 765 2385 imperatorum
809 2324 941 2366 non
981 2302 1171 2365 modo
1208 2322 1308 2365 res
1355 2306 1570 2386 gestas
1605 2324 1737 2366 non
1783 2306 2100 2385 antepono
2138 2303 2317 2385 meiS,

308 2391 418 2454 sed
461 2411 542 2455 ne
586 2390 911 2454 fortunam
960 2391 1215 2473 quidem
1251 2390 1487 2476 ipsam3
1533 2411 1659 2473 qua
1703 2390 1800 2454 illi
1845 2390 2315 2472 florentissima,
2345 2416 2396 2456 25

304 2500 425 2543 nos
473 2478 727 2543 duriore
772 2478 1121 2542 conflictati
1157 2479 1462 2542 videmur.
1535 2477 1690 2554 Quis
1737 2479 1905 2542 enim
1950 2482 2168 2562 potest
2205 2483 2316 2541 aut

309 2568 558 2631 deserta
601 2587 716 2651 per
762 2586 831 2630 se
874 2567 1084 2650 patria
1129 2571 1240 2630 aut
1297 2588 1602 2651 oppressa
1656 2566 1882 2630 beatus
1940 2567 2120 2630 esse?
2210 2566 2316 2649 Et,

309 2656 394 2741 si,
436 2659 510 2718 ut
553 2676 673 2718 nos
721 2676 758 2718 a
801 2658 866 2718 tc
913 2655 1351 2737 admonemur,
1410 2659 1578 2718 recte
1632 2655 1702 2718 in
1754 2655 1884 2718 illis
1932 2654 2116 2718 libris
2163 2654 2316 2717 dixi·

307 2766 448 2807 mus
494 2742 660 2807 nihil
705 2764 842 2808 esse
886 2743 1146 2829 bonum,
1188 2743 1316 2807 nisi
1362 2744 1533 2826 quod
1576 2742 1937 2825 honestum,
1981 2742 2145 2806 nihil
2188 2765 2316 2806 ma-

305 2832 467 2916 lum,
522 2832 652 2895 nisi
706 2831 877 2915 quod
930 2835 1118 2914 turpe
1174 2831 1288 2915 sit,
1345 2836 1514 2895 certe
1568 2835 1837 2915 uterque
1890 2832 2161 2895 istorum
2219 2836 2316 2894 est
2344 2857 2396 2896 30

307 2921 700 2983 miserrimus
711 2973 728 3006 ,
782 2941 1055 3003 quorum
1109 2919 1367 3002 utrique
1421 2941 1668 3002 semper
1721 2919 1967 3003 patriae
2023 2919 2195 2983 salus
2252 2923 2317 2983 ct

308 3009 588 3093 dignitas
624 3009 944 3092 posterior
982 3029 1097 3072 sua
1142 3008 1575 3072 dominatione
1625 3012 1688 3071 et
1734 3008 2094 3071 domesticis
2150 3028 2316 3071 com-

238 3114 268 3162 5
309 3096 515 3160 modis
551 3097 698 3160 fuit.
767 3095 1100 3160 Praeclara
1135 3096 1337 3181 igitur
1371 3096 1759 3160 conscicntia
1796 3100 2138 3179 sustentor,
2173 3118 2317 3159 cum

309 3186 524 3269 cogito
571 3206 672 3248 mc
718 3184 795 3248 de
831 3206 901 3249 re
936 3184 1195 3267 publica
1231 3188 1344 3248 aut
1378 3185 1687 3248 meruisse
1726 3185 1984 3269 optime,
2029 3206 2172 3248 cum
2208 3205 2317 3267 po·

307 3273 568 3356 tuerim,
622 3276 734 3336 aut
779 3276 947 3336 certe
1002 3293 1352 3355 numquam
1396 3272 1524 3336 nisi
1577 3273 1680 3355 pie
1727 3273 2069 3358 cogitasse,
2122 3293 2317 3355 eaque
2345 3297 2397 3338 35

306 3362 447 3441 ipsa
492 3364 871 3442 tempestate
910 3380 1195 3424 eversam
1232 3382 1368 3425 esse
1405 3382 1540 3424 rem
1573 3361 1915 3445 publicam,
1961 3383 2152 3444 quam
2197 3380 2316 3445 ego

303 3464 459 3509 xlm
505 3449 689 3510 annis
737 3451 884 3510 ante
928 3449 1383 3532 prospexerim.
1476 3448 1614 3513 Hac
1674 3450 1875 3533 igitur
1930 3449 2319 3513 conscientia
