2642 3923
592 221 1105 277 EPISTULARUM
1140 223 1242 277 AD
1281 223 1607 279 ATTIOUM
1642 223 1722 278 III
1757 230 1843 294 23,
1882 230 1966 279 24.
2058 229 2060 232 ⁴
2205 221 2288 287 97

270 365 370 430 Tu
416 365 494 429 ad
538 387 642 431 me
687 367 881 431 velim
934 367 1247 451 proximis
1302 367 1570 451 litteris,
1622 369 1698 430 ut
1752 388 1821 430 30
1872 366 2061 431 initia
2116 366 2294 431 dede·

270 454 419 537 rint,
466 455 842 538 perscribas,
933 454 1104 520 Data
1157 455 1364 539 pridie
1409 453 1551 520 Kal.
1599 453 1926 520 Decembr.

1163 629 1400 695 XXIV.

640 749 754 806 Sor.
793 751 1080 823 Dyrrachi
1113 750 1217 805 IV
1243 752 1333 806 Id.
1372 752 1504 807 Dec.
1543 771 1594 806 a.
1635 755 1749 807 696
1785 755 1927 820 (58).
1981 797 1987 804 .

216 887 240 926 5
814 894 822 903 ·
907 873 1163 929 CICERO
1201 872 1466 930 ATTICO
1507 874 1657 929 SAL.

400 982 640 1068 Antea,
699 1004 895 1067 quom
953 983 1034 1047 ad
1087 1005 1192 1048 me
1247 983 1666 1067 scripsissetis
1711 986 1929 1048 vestro
1974 1003 2291 1047 consensu

271 1071 604 1136 consulum
647 1070 1008 1154 provincias
1057 1075 1316 1136 ornatas
1362 1093 1527 1158 esse,
1582 1072 1705 1136 etsi
1759 1071 2049 1156 verebar,
2104 1092 2292 1156 quor-

273 1181 415 1224 sum
472 1158 537 1222 id
597 1181 893 1223 casurum
952 1164 1121 1224 03301,
1129 1212 1147 1246 ,
1205 1163 1424 1224 tamen
1482 1160 1817 1244 sperabam
1875 1181 1991 1224 vos
2049 1159 2293 1243 aliquid

273 1247 614 1332 aliquando
663 1247 897 1312 vidisse
940 1248 1343 1333 prudentius3
1387 1253 1807 1333 posteaquam
1850 1247 2010 1312 mihi
2057 1250 2122 1311 et
2167 1247 2290 1312 dic-

196 1364 246 1404 10
274 1340 414 1401 tum
473 1339 574 1400 est
633 1340 700 1400 et
768 1336 1072 1419 scriptum
1133 1336 1542 1401 vehementer
1608 1336 1947 1402 consilium
2005 1340 2290 1401 vestrum

272 1423 667 1525 reprehendi,
705 1446 847 1488 sum
883 1424 1166 1510 graviter
1202 1429 1581 1512 commotus,
1616 1425 1788 1509 quod
1824 1425 1991 1489 illa
1972 1446 2115 1508 ipsa
2144 1445 2288 1508 spes

273 1513 535 1598 exigua,
593 1533 754 1596 quae
810 1517 972 1600 erat,
1031 1512 1356 1577 videretur
1416 1534 1554 1578 esse
1612 1513 1883 1577 sublata.
1980 1511 2178 1599 Nam,
2235 1512 2288 1576 si

275 1601 521 1665 tribuni
573 1601 659 1684 pl.
704 1600 894 1665 nobis
954 1605 1351 1686 suscensent,
1412 1622 1574 1685 quae
1632 1604 1850 1684 potest
1906 1623 2050 1685 spes
2110 1565 2289 1666 esse?

273 1688 371 1754 Ac
413 1688 714 1755 videntur
756 1689 896 1754 iure
939 1710 1336 1773 suscensere,
1387 1711 1530 1753 cum
1586 1692 1652 1754 et
1697 1693 1990 1774 expertes
2036 1687 2291 1754 consilii

196 1805 247 1845 15
273 1776 517 1842 fuerint
562 1778 643 1861 ei,
686 1777 799 1861 qui
843 1798 1100 1842 causam
1143 1781 1433 1842 nostram
1479 1781 1914 1862 susceperant,
1960 1782 2025 1842 et
2067 1781 2296 1841 nostra

275 1865 683 1931 concessione
731 1886 983 1931 omnem
1019 1865 1151 1929 vim
1189 1864 1290 1929 sui
1324 1865 1485 1930 iuris
1522 1865 1871 1950 amiserint,
1915 1865 2293 1948 praesertim

274 1977 422 2019 cum
465 1953 561 2018 ita
605 1953 839 2041 dicant,
884 1965 952 2020 s'e
994 1958 1221 2019 nostra
1257 1976 1447 2018 causa
1480 1953 1760 2019 voluisse
1798 1976 1981 2018 suam
2015 1957 2294 2038 potesta·

273 2047 409 2108 tem
454 2064 591 2107 esse
636 2043 712 2107 de
758 2043 1128 2107 consulibus
1175 2042 1502 2129 ornandis,
1552 2064 1686 2108 non
1737 2047 1814 2106 ut
1866 2064 1977 2107 eos
2030 2042 2293 2126 impedi·

275 2135 450 2218 rent,
514 2131 622 2195 sed
676 2135 753 2195 ut
806 2132 886 2195 ad
936 2136 1229 2195 nostram
1282 2152 1540 2195 causam
1594 2131 2036 2217 adiungerent3
2106 2152 2293 2215 nunc,

195 2248 250 2287 20
277 2219 334 2284 si
393 2219 684 2284 consules
743 2242 783 2283 a
835 2219 1026 2284 nobis
1095 2219 1431 2284 alieniores
1498 2241 1638 2285 esse
1696 2219 1923 2304 velint,
1982 2240 2170 2303 posse
2227 2219 2294 2282 id

273 2307 478 2372 libere
524 2308 756 2391 facere3
817 2308 919 2372 sin
955 2307 1156 2373 velint
1212 2312 1439 2372 nostra
1496 2329 1687 2372 causa
1693 2357 1716 2391 ,
1767 2270 1936 2372 nihil
1991 2329 2181 2392 posse
2224 2329 2292 2372 se

274 2394 516 2459 invitis.
605 2394 806 2481 Nam,
870 2395 1042 2480 quod
1099 2396 1353 2483 scribis„
1407 2395 1479 2460 ni
1536 2396 1629 2460 ita
1686 2396 1872 2461 vobis
1929 2396 2296 2482 placuisset,

274 2484 426 2548 11103
469 2482 593 2548 hoc
636 2483 804 2549 idem
850 2507 965 2568 per
1009 2484 1320 2568 populum
1362 2484 1774 2549 adsecuturos
1809 2483 2027 2570 fuisse,
2069 2484 2292 2549 invitis
2328 2564 2330 2568 ¹

276 2571 557 2636 tribunis
600 2573 685 2656 pl.
732 2572 873 2637 fieri
916 2572 1095 2637 nullo
1142 2573 1332 2637 modo
1380 2572 1610 2656 potuit.
1698 2571 1803 2637 Ita
1838 2594 2060 2639 vereor
2102 2594 2183 2637 ne
2228 2576 2294 2637 et

196 2686 250 2726 25
279 2660 493 2724 studia
550 2660 961 2725 tribunorum
1021 2661 1421 2725 amiserimus
1467 2664 1533 2725 et
1546 2713 1564 2747 ,
1620 2661 1676 2725 si
1721 2661 1933 2725 studia
1976 2666 2295 2748 maneant,

275 2748 561 2813 vinclum
613 2749 773 2812 illud
832 2748 1381 2834 adiungendorum
1438 2749 1774 2814 consulum
1829 2748 2136 2813 amissum
2191 2749 2292 2813 sit.

410 2835 673 2901 Accedit
719 2837 893 2901 aliud
928 2859 1060 2901 non
1096 2852 1368 2921 parvum
1405 2837 1898 2924 incommodum,
1945 2837 2118 2921 quod
2154 2858 2293 2923 gra-

275 2924 375 2988 vis
419 2925 534 2989 illa
579 2926 826 3011 opini0,
879 2928 956 2990 ut
1001 2925 1258 3010 quidem
1304 2924 1385 2989 ad
1427 2947 1547 2990 nos
1591 2926 2061 3011 perferebatur,
2120 2948 2295 2991 sena-

274 3016 419 3076 tum
461 3013 627 3076 nihil
670 3013 1030 3100 decernere,
1084 3017 1428 3097 antequam
1485 3014 1562 3078 de
1606 3013 1796 3079 nobis
1850 3018 2066 3078 actum
2110 3018 2296 3101 esset,

194 3128 250 3166 so
278 3102 512 3165 amissa
558 3105 683 3187 est,
740 3101 1117 3184 praesertim
1160 3102 1230 3166 in
1283 3123 1359 3165 ea
1416 3123 1635 3185 causa,
1694 3123 1857 3186 quae
1914 3123 2047 3167 non
2103 3102 2294 3167 modo

275 3190 630 3253 necessaria
663 3211 798 3262 11011
832 3190 976 3273 fuit,
1023 3191 1135 3255 sed
1171 3190 1367 3254 etiam
1399 3190 1713 3254 inusitata
1748 3212 1821 3255 ac
1855 3212 2024 3255 nova
2060 3187 2296 3277 (neque

277 3276 451 3341 enim
486 3300 793 3361 umquam
829 3241 1109 3343 arbitror
1146 3281 1406 3343 ornatas
1444 3300 1578 3343 esse
1615 3277 1977 3362 provincias
2012 3279 2297 3364 designa·

276 3363 545 3453 torum),
590 3370 682 3452 ut,
726 3387 873 3431 cum
915 3366 988 3431 in
1030 3366 1154 3431 hoc
1189 3366 1304 3430 illa
1340 3367 1720 3453 constantia,
1765 3388 1927 3451 quae
1974 3371 2111 3431 erat
2156 3389 2298 3432 mea

276 3474 469 3518 causa
515 3459 829 3541 suscepta,
872 3454 1216 3519 imminuta
1260 3453 1363 3541 sit,
1407 3454 1634 3519 nihil
1615 3478 1745 3519 lam
1787 3453 1994 3539 possit
2028 3476 2162 3519 non
2197 3454 2297 3519 de·

195 3565 250 3607 ⁸5
277 3543 470 3607 cerni.
560 3540 670 3629 Iis,
714 3542 794 3607 ad
840 3565 1002 3627 quos
1047 3544 1324 3609 relatum
1370 3547 1497 3630 est,
1540 3543 1760 3608 amicis
1804 3542 2121 3628 placuisse
2163 3563 2297 3606 non

387 3654 480 3698 010.
508 3655 642 3706 epist.
667 3656 731 3697 11.
1945 3649 1976 3696 ’1
