2642 3923
368 234 499 297 564
1044 233 1705 288 PSEUDOCICERONIS

367 375 637 439 randum
682 379 745 439 et
789 375 1045 441 hostem
1090 377 1576 460 opprimendum
1610 376 1992 460 hostemque
2027 397 2066 439 a
2104 379 2165 441 te
2201 376 2385 460 fuga-

368 468 508 527 tum
573 467 637 527 et
698 465 1024 529 consulem
1089 464 1423 529 obsidione
1475 464 1846 549 liberatum,
1909 465 2132 529 deinde
2185 465 2382 547 paulo

366 555 517 636 post
567 552 861 637 fugatum
916 554 1102 617 illum
1153 552 1411 617 hostem
1464 553 1841 617 arcessitum
1897 557 2225 636 tamquam
2280 574 2384 616 co-

367 640 661 704 heredem
719 646 976 705 mortua
1025 661 1096 705 re
1152 640 1411 724 publica
1464 641 1545 705 ad
1599 641 1770 706 bona
1820 642 2048 725 populi
2101 640 2382 721 Romani

367 729 693 813 capienda,
764 728 1091 795 consulem
1151 729 1556 813 designatum
1616 751 1840 793 rursus
1903 729 2221 793 inclusum
2284 751 2383 814 ec,
2440 756 2466 797 5

367 818 542 882 ubi·
553 839 621 881 se
684 840 816 882 non
876 818 1237 901 moenibus,
1310 817 1422 881 sed
1478 816 1856 883 fluminibus
1919 823 1984 882 et
2044 817 2379 882 montibus

365 909 669 970 tueretur.
741 905 917 970 Haec
953 905 1098 990 quis
1134 905 1474 970 conabitur
1510 907 1871 988 exponere?
1946 906 2089 989 quis
2125 906 2380 970 credere

366 985 667 1058 audebit?
747 993 963 1058 Liceat
1025 994 1222 1059 semel
1284 994 1546 1077 impune
1607 1015 1923 1079 peccasse,
1988 994 2075 1058 sit
2136 994 2380 1059 erranti

366 1083 677 1146 medicina
729 1081 1062 1146 confessio.
1151 1080 1396 1146 Verum
1447 1081 1618 1145 enim
1674 1082 1896 1146 dicam.
1986 1079 2255 1146 Utinam
2311 1087 2379 1145 te

366 1172 601 1255 potius,
644 1171 911 1255 Antoni,
944 1170 1272 1234 dominum
1306 1191 1440 1233 11011
1474 1169 1939 1253 expulissemus
1978 1191 2171 1253 quam
2204 1170 2378 1234 hunc
2408 1199 2461 1236 ιο

364 1258 810 1343 reciperemus!
873 1280 1006 1322 non
1058 1279 1185 1341 quo
1240 1258 1375 1322 ulla
1431 1258 1520 1321 sit
1572 1258 1853 1341 optanda
1875 1259 2199 1340 servitus,
2263 1259 2377 1322 sed

364 1348 517 1431 quia
568 1347 882 1431 dignitate
937 1346 1180 1410 domini
1224 1345 1439 1410 minus
1485 1347 1694 1429 turpis
1741 1352 1838 1410 est
1882 1346 2145 1410 fortuna
2189 1347 2372 1411 servi.

361 1434 441 1500 In
491 1434 739 1500 duobus
783 1439 996 1499 autem
1040 1434 1227 1498 malis
1272 1455 1418 1498 cum
1462 1434 1837 1519 fugiendum
1881 1434 2090 1498 maius
2136 1435 2238 1518 sit,
2283 1435 2374 1498 le-

362 1525 504 1588 vius
569 1527 669 1588 est
727 1522 1105 1607 eligendum.
1208 1521 1329 1586 Ille
1390 1544 1466 1586 ea
1524 1527 1744 1588 tamen
1804 1523 2139 1607 exorabat,
2211 1545 2375 1606 quae

362 1612 620 1677 volebat
664 1611 930 1695 auferre,
980 1615 1054 1674 tu
1101 1614 1461 1694 extorques,
1548 1608 1669 1674 1116
1712 1609 1936 1675 consul
1979 1610 2374 1694 provinciam
2402 1637 2455 1678 15

361 1700 639 1785 petebat,
682 1704 758 1764 tu
802 1699 1092 1783 privatus
1137 1698 1547 1783 concupiscis,
1627 1696 1747 1762 Ille
1791 1698 1872 1762 ad
1916 1698 2233 1763 malorum
2279 1722 2373 1763 sa-

361 1789 563 1852 lutem
607 1787 845 1852 iudicia
889 1786 1324 1851 constituebat
1370 1790 1434 1850 et
1479 1787 1654 1871 leges
1698 1786 1963 1872 ferebat,
2007 1790 2081 1850 tu
2119 1787 2200 1850 ad
2235 1810 2370 1870 per

362 1876 592 1942 niciem
637 1876 1045 1959 optimorum.
1116 1872 1237 1938 Ille
1282 1897 1320 1938 a
1366 1874 1675 1959 sanguine
1721 1879 1786 1938 et
1828 1875 2123 1939 incendio
2162 1897 2370 1939 servo·
2597 1883 2598 1930 ¹

360 1989 504 2030 rum
549 1964 943 2049 Capitolium
985 1963 1308 2048 tuebatur,
1349 1968 1425 2027 tu
1470 1985 1696 2028 cruore
1740 1967 1805 2028 et
1850 1963 2106 2028 flamma
2141 1969 2368 2029 cuncta

360 2055 568 2119 delere
612 2054 726 2117 vis.
818 2050 908 2136 Si,
961 2051 1073 2135 qui
1118 2051 1313 2115 dabat
1356 2051 1718 2135 provincias
1765 2049 1989 2116 Cassio
2036 2057 2101 2118 et
2145 2052 2365 2116 Brutis
2393 2081 2449 2118 20

360 2148 425 2207 et
459 2143 590 2206 illis
627 2141 1001 2206 custodibus
1036 2140 1315 2204 nominis
1350 2140 1586 2222 nostri,
1602 2140 1930 2225 regnabat,
1966 2140 2124 2223 quid
2159 2141 2367 2223 faciet,

359 2232 472 2315 qui
515 2231 715 2295 vitam
762 2229 1033 2293 adimit?
1105 2227 1193 2308 Si,
1229 2228 1341 2312 qui
1387 2249 1465 2292 ex
1510 2228 1671 2292 urbe
1714 2228 2001 2314 eiciebat,
2055 2232 2367 2311 tyrannus

358 2324 512 2403 erat,
539 2340 728 2402 quem
753 2317 926 2381 hunc
950 2311 1266 2401 vocemus,
1293 2316 1406 2401 qui
1431 2337 1513 2380 ne
1537 2316 1750 2380 locum
1778 2316 2029 2400 quidem
2059 2316 2367 2400 relinquit

359 2369 627 2472 exsilio?
697 2405 950 2489 Itaque,
1006 2404 1063 2468 si
1107 2404 1264 2488 quid
1305 2404 1455 2469 illae
1498 2405 1815 2469 maiorum
1855 2408 2227 2470 nostrorum
2273 2426 2365 2468 se-

356 2496 576 2579 pultae
620 2493 927 2577 reliquiae
972 2492 1249 2576 sapiunt,
1300 2492 1357 2556 si
1402 2514 1535 2557 non
1578 2514 1706 2556 una
1749 2514 1895 2557 cum
1928 2513 2192 2576 corpore
2227 2514 2361 2556 sen·
2391 2522 2446 2561 25

358 2606 468 2647 sus
515 2582 723 2647 omnis
769 2602 899 2645 uno
936 2584 1130 2665 atque
1165 2580 1386 2645 eodem
1420 2584 1839 2664 consumptus
1876 2584 1974 2644 est
2009 2580 2165 2664 igni,
2210 2580 2363 2664 quid

354 2672 486 2736 illis
520 2669 1088 2755 interrogantibus,
1122 2668 1277 2752 quid
1314 2673 1466 2754 agat
1500 2690 1671 2733 nunc
1704 2668 1980 2752 populus
2018 2667 2364 2750 RomanuS,

355 2758 767 2843 respondebit
829 2757 1063 2840 aliquis
1124 2762 1447 2841 nostrum,
1509 2755 1622 2840 qui
1675 2756 2005 2840 proximus
2057 2757 2130 2820 in
2187 2757 2362 2820 illam

356 2852 672 2912 aeternam
731 2845 990 2910 domum
1043 2843 1405 2910 discesserit
1422 2845 1455 2909 ‘?
1520 2849 1633 2909 aut
1687 2866 1876 2929 quem
1929 2844 2243 2928 accipient
2286 2844 2363 2908 de

354 2937 487 3001 suis
547 2935 821 3019 posteris
882 2932 1183 2998 nuntium
1243 2933 1343 2997 illi
1397 2937 1644 2998 veteres
1700 2931 2015 3016 Africani,
2077 2931 2363 3018 Maximi,
2390 2962 2447 3002 so

353 3023 565 3109 Pauli,
620 3022 948 3106 Scipiones
962 3023 995 3085 Ῥ
1058 3021 1215 3105 quid
1266 3021 1346 3086 de
1400 3043 1516 3085 sua
1566 3021 1779 3104 patria
1831 3020 2117 3105 audient,
2169 3042 2364 3104 quam

355 3111 578 3197 spoliis
648 3109 1122 3194 triumphisque
1193 3108 1615 3174 decorarunt?
1696 3131 1780 3173 an
1844 3130 1984 3173 esse
2047 3109 2363 3192 quendam

354 3222 555 3266 annos
600 3216 775 3265 xvnl
819 3202 1063 3280 natum,
1120 3197 1301 3262 cuius
1349 3219 1505 3262 avus
1549 3197 1746 3261 fuerit
1791 3196 2213 3281 argentarius,
2259 3197 2362 3261 ad-

353 3289 698 3375 stipulator
742 3291 944 3372 pater,
988 3291 1256 3370 uterque
1300 3307 1460 3350 vero
1490 3285 1847 3369 precarium
1891 3289 2229 3368 quaestum
2272 3285 2361 3349 fe·

352 3378 536 3459 cerit,
591 3375 700 3440 sed
745 3375 908 3438 alter
951 3395 1156 3457 usque
1201 3374 1280 3438 ad
1326 3377 1733 3456 senectutem,
1786 3378 1861 3437 ut
1903 3394 2038 3437 non
2079 3377 2360 3459 negaret,
2386 3401 2439 3443 οε

351 3464 514 3528 alter
550 3486 589 3527 a
614 3462 906 3547 pueritia,
932 3467 1006 3526 ut
1041 3483 1175 3526 non
1200 3465 1419 3546 posset
1454 3483 1586 3527 non
1623 3461 1938 3547 confiteri3
1974 3483 2120 3525 eum
2155 3482 2364 3547 agere,

349 3572 570 3634 rapere
631 3572 765 3614 rem
828 3550 1178 3634 publicam,
1239 3552 1344 3615 cui
1402 3550 1581 3614 nulla
1633 3550 1868 3636 virtus,
1918 3549 2134 3615 nullae
2186 3550 2359 3614 bello
