2642 3923
642 209 1153 264 EPISTULARUM
1190 210 1289 262 AD
1328 208 1652 265 ATTICUM
1687 210 1790 264 ΧΠ
1829 216 1912 278 18,
1953 215 2018 265 18
2030 226 2079 264 a.
2243 208 2372 273 365

363 352 612 417 confido
678 356 743 417 et
805 352 1091 437 Egnatio
1158 352 1419 417 scilicet.
1517 350 1616 418 De
1672 352 1992 437 Appuleio
2059 353 2211 437 quid
2277 357 2373 416 est

362 440 533 524 quod
579 440 852 527 labores,
896 462 1042 506 cum
1089 440 1175 504 sit
1221 439 1548 506 excusatio
1593 441 1844 505 facilis?

494 528 642 593 Tibi
698 529 776 592 ad
830 551 932 594 me
986 529 1229 614 venire,
1291 533 1367 593 ut
1422 528 1733 615 ostendis,
1794 529 1938 594 vide
1982 551 2064 593 ne
2109 551 2239 593 non
2287 529 2373 592 sit
2409 546 2443 592 4

360 616 561 682 facile.
634 616 761 682 Est
798 618 968 681 enim
1004 617 1270 702 longum
1305 617 1450 703 iter,
1494 617 2045 701 discedentemque
2080 621 2167 702 te,
2202 617 2373 701 quod

307 729 334 771 ε
361 705 650 771 celeriter
694 705 820 769 tibi
868 705 992 770 erit
1034 704 1309 770 fortasse
1356 704 1731 784 faciendum,
1775 727 1910 770 non
1955 706 2091 770 sine
2138 726 2373 789 magno

362 793 580 858 dolore
645 793 983 858 dimittam.
1078 791 1203 862 Sed
1266 794 1511 879 omnia,
1573 798 1647 858 ut
1701 793 1895 858 voles.
1988 793 2131 878 Ego
2188 794 2375 877 enim,

361 882 664 966 quicquid
717 883 970 967 feceris,
1024 881 1091 946 id
1145 904 1291 946 cum
1344 884 1516 947 recte
1570 886 1711 946 tum
1758 883 1953 946 etiam
1998 904 2140 946 mea
2185 903 2375 946 causa

359 971 601 1035 factum
646 970 909 1054 putab0.

1229 1143 1454 1210 XVIII
1465 1169 1517 1211 a.

281 1276 333 1316 10
743 1265 856 1322 Sor.
885 1266 1126 1322 Asturae
1161 1266 1274 1320 III
1298 1267 1389 1322 Id.
1420 1266 1596 1323 Mart.
1626 1283 1678 1321 a.
1710 1269 1820 1321 ⁷09
1858 1269 1993 1335 (45).

966 1388 1256 1444 CICERO
1290 1388 1584 1444 ATTICO
1619 1388 1784 1444 SAL.

495 1496 673 1583 Heri,
726 1519 869 1561 cum
918 1518 994 1561 ex
1042 1497 1317 1562 aliorum
1361 1498 1598 1562 litteris
1645 1498 2088 1583 cognovissem
2134 1499 2211 1562 de
2246 1497 2376 1562 An-
2414 1518 2440 1564 1

362 1586 503 1651 toni
551 1586 856 1669 adventu,
917 1585 1268 1649 admiratus
1316 1607 1460 1650 sum
1503 1584 1670 1649 nihil
1716 1607 1853 1650 esse
1897 1587 1966 1650 in
2011 1587 2159 1651 tuis,
2252 1585 2375 1653 Sed

276 1709 282 1715 ·
363 1677 546 1740 erant
590 1673 795 1756 pridie
839 1673 1114 1737 fortasse
1162 1674 1438 1757 scriptae
1485 1695 1677 1757 quam
1715 1673 1912 1738 datae.
1987 1673 2213 1759 Neque
2249 1675 2377 1739 ista

283 1786 336 1828 ιε
363 1762 621 1846 quidem
667 1782 846 1845 curo;
912 1762 1025 1825 sed
1068 1765 1284 1825 tamen
1331 1761 1560 1844 opinor
1604 1766 1866 1845 propter
1913 1763 2176 1846 praedes
2224 1785 2374 1827 suos

365 1850 803 1915 accucurrisse.

498 1936 677 2015 Quod
735 1938 963 2003 scribis
1009 1936 1374 2002 Terentiam
1420 1937 1496 2002 de
1544 1937 2069 2022 obsignatoribus
2115 1938 2242 2004 mei
2286 1943 2374 2003 te·
2412 1958 2442 2004 2

364 2027 668 2093 stamenti
720 2027 929 2113 loqui,
989 2026 1271 2110 primum
1331 2026 1456 2090 tibi
1500 2028 1810 2110 persuade
1855 2049 1959 2091 me
2003 2028 2199 2092 istaec
2242 2049 2370 2091 non

363 2137 584 2181 curare
653 2136 862 2199 neque
934 2136 1072 2179 esse
1136 2115 1480 2199 quicquam
1543 2118 1654 2178 aut
1717 2137 1949 2199 parvae
2012 2137 2198 2181 curae
2261 2119 2373 2180 aut

285 2228 338 2269 20
363 2226 566 2269 novae
608 2204 750 2268 loci.
827 2200 949 2269 Sed
994 2207 1210 2267 tamen
1257 2203 1413 2286 quid
1460 2203 1710 2268 simile?
1781 2201 1903 2267 Illa
1947 2225 2057 2269 eos
2100 2225 2235 2268 non
2270 2204 2374 2269 ad-

362 2292 607 2378 hibuit,
683 2313 844 2376 quos
917 2291 1310 2356 existimavit
1384 2292 1787 2376 quaesituros
1797 2344 1815 2376 ,
1884 2292 2013 2357 nisi
2085 2293 2372 2374 scissent,

365 2381 519 2466 quid
576 2385 758 2446 esset.
859 2377 1033 2444 Num
1094 2380 1165 2443 id
1226 2380 1421 2443 etiam
1476 2379 1636 2444 mihi
1690 2380 1954 2464 periculi
2007 2381 2177 2446 fuit?
2250 2380 2374 2446 Sed

365 2474 581 2535 tamen
624 2468 818 2534 faciat
861 2469 976 2533 illa
1022 2468 1193 2552 quod
1230 2489 1366 2552 ego,
1448 2466 1633 2532 Dabo
1671 2490 1883 2533 meum
1918 2473 2373 2534 testamentum

363 2558 721 2643 legendum,
765 2557 868 2621 cui
913 2556 1217 2641 voluerit3
1261 2555 1594 2642 intelleget
1629 2578 1762 2621 non
1795 2558 2084 2640 potuisse
2117 2557 2373 2622 honori·

288 2669 339 2711 26
364 2646 667 2711 ficentius
713 2668 751 2710 a
802 2666 904 2709 me
956 2645 1097 2709 fieri
1152 2644 1229 2709 de
1270 2648 1531 2728 nepote,
1586 2667 1778 2729 quam
1821 2644 2094 2710 fecerim.
2185 2644 2372 2731 Nam,

368 2735 540 2818 quod
580 2754 714 2798 non
750 2733 1051 2798 advocavi
1087 2733 1168 2797 ad
1203 2732 1687 2818 obsignandum,
1731 2734 2010 2818 primum
2046 2734 2205 2799 mihi
2241 2756 2374 2800 non

367 2823 544 2887 venit
596 2822 667 2886 in
719 2825 1027 2906 mentem,
1082 2820 1307 2885 deinde
1352 2844 1426 2885 ea
1469 2843 1538 2885 re
1581 2842 1714 2886 non
1759 2823 1961 2907 venit,
2014 2823 2164 2906 quia
2207 2823 2373 2888 nihil

368 2910 650 2974 attinuit.
741 2909 908 2974 Tute
954 2910 1105 2995 sciS,
1160 2909 1216 2974 si
1259 2909 1449 2974 modo
1493 2910 1862 2995 meministi,
1918 2933 2021 2975 me
2064 2911 2185 2975 tibi
2230 2916 2373 2976 tum

369 2998 619 3083 dixisse,
661 3001 737 3062 ut
781 2998 858 3063 de
903 2998 1035 3062 tuis
1080 2997 1333 3081 aliquos
1377 2998 1731 3063 adduceres.
1805 2997 1969 3075 Quid
2006 3000 2175 3064 enim
2214 3022 2373 3083 opus

288 3110 341 3155 ω
369 3089 506 3152 erat
541 3085 810 3151 multis?
872 3084 1192 3169 Equidem
1230 3086 1613 3151 domesticos
1649 3087 1974 3151 iusseram.
2048 3087 2214 3152 Tum
2250 3088 2372 3152 tibi

367 3175 636 3260 placuit,
689 3178 765 3238 ut
817 3173 1140 3238 mitterem
1186 3174 1266 3238 ad
1312 3172 1559 3238 Silium.
1649 3173 1806 3239 Inde
1853 3179 1950 3240 est
1992 3180 2245 3261 natum,
2298 3180 2373 3240 ut

369 3263 449 3328 ad
483 3262 863 3341 Publilium3
891 3263 1002 3327 sed
1035 3283 1288 3327 necesse
1321 3267 1624 3327 neutrum
1658 3263 1797 3327 fuit.
1858 3262 2000 3328 Hoc
2033 3267 2108 3328 tu
2143 3267 2372 3328 tracta·

370 3352 489 3438 bis,
534 3355 608 3416 ut
653 3350 777 3415 tibi
822 3350 1160 3416 videbitur.
