2642 3923
386 196 514 262 246
1023 196 1094 251 Μ.
1135 196 1349 251 TULLI
1386 194 1764 251 CICERONIS

386 360 525 405 esse
571 339 910 404 observare
957 338 1290 404 Caesarem
1337 344 1419 423 et,
1466 340 1522 404 si
1569 340 1915 404 secundum
1961 361 2134 404 mare
2172 339 2253 403 ad
2297 362 2399 402 me

385 430 481 493 ire
524 428 860 511 coepisset,
904 428 1243 492 confestim
1287 428 1356 491 in
1404 426 1734 492 Samnium
1770 428 1851 492 ad
1894 451 1997 492 me
2041 432 2400 512 venturum,

387 516 490 581 sin
534 520 749 581 autem
792 516 905 580 ille
948 516 1186 580 circum
1229 517 1428 580 istaec
1471 518 1612 580 loca
1647 521 2169 600 commoraretur,
2213 520 2277 579 te
2325 516 2402 600 ei,

294 666 300 673 .
388 604 443 671 si
488 603 754 689 propius
800 605 1185 689 accessisset,
1230 605 1530 669 resistere
1574 605 1753 669 velle.

518 691 608 756 Te
673 692 884 757 animo
948 714 1183 778 magno
1242 697 1307 757 et
1369 692 1527 757 forti
1585 692 1780 757 istam
1837 714 1975 757 rem
2032 713 2218 777 agere
2272 692 2400 756 exi-
2460 722 2485 761 5

387 781 599 864 stimo,
645 780 759 845 sed
803 780 1177 866 diligentius
1221 781 1411 845 nobis
1449 785 1547 845 est
1582 781 1943 866 videndum,
1987 802 2067 845 ne
2107 781 2401 844 distracti

385 890 571 953 pares
617 890 756 934 esse
799 869 1162 934 adversario
1207 890 1340 934 non
1385 870 1732 952 possimus,
1791 891 1936 933 cum
1980 869 2092 932 ille
2134 890 2400 953 magnas

386 959 602 1044 copias
661 956 897 1022 habeat
957 962 1022 1022 et
1078 957 1353 1022 maiores
1410 957 1592 1023 brevi
1650 957 1993 1022 habiturus
2057 957 2157 1022 sit.
2249 955 2402 1021 Non

388 1047 558 1110 enim
602 1067 720 1129 pro
766 1050 879 1110 tua
924 1045 1263 1129 prudentia
1310 1045 1500 1110 debes
1545 1045 1708 1110 illud
1754 1045 1965 1109 solum
2010 1044 2400 1110 animadver-

386 1140 548 1219 tere,
612 1137 772 1217 quot
838 1135 907 1198 in
968 1134 1330 1219 praesentia
1392 1134 1688 1198 cohortes
1753 1139 1978 1198 contra
2038 1138 2104 1198 te
2165 1133 2401 1198 habeat
2433 1163 2485 1202 ιο

387 1220 647 1308 Caesar,
703 1223 815 1286 sed
868 1225 1141 1307 quantas
1194 1222 1377 1287 brevi
1429 1226 1718 1305 tempore
1768 1222 2055 1305 equitum
2110 1226 2176 1286 et
2230 1221 2402 1305 pedi-

387 1315 530 1375 tum
575 1311 792 1395 copias
839 1314 1282 1375 contracturus
1330 1311 1432 1374 sit.
1525 1308 1645 1375 Cui
1691 1311 1784 1374 rei
1830 1310 2200 1376 testimonio
2249 1314 2400 1374 sunt

384 1398 666 1483 litterae,
712 1420 872 1483 quas
919 1398 1268 1462 Bussenius
1314 1399 1395 1462 ad
1439 1420 1540 1463 me
1584 1399 1791 1483 misit3
1843 1399 1913 1462 in
1969 1399 2203 1482 quibus
2251 1399 2402 1463 scri-

385 1486 504 1571 bit,
549 1487 616 1551 id
661 1488 833 1571 quod
878 1487 957 1551 ab
1004 1486 1149 1550 aliis
1196 1508 1452 1570 quoque
1495 1486 1655 1551 mihi
1702 1485 2033 1571 scribitur,
2085 1486 2402 1570 praesidia

387 1573 751 1660 Curionem,
795 1596 957 1659 quae
1003 1575 1071 1638 in
1106 1573 1380 1640 Umbria
1417 1579 1482 1639 et
1517 1574 1742 1639 Tuscis
1781 1579 1982 1660 erant,
2026 1574 2402 1640 contrahere
2432 1604 2485 1643 15

388 1667 452 1729 et
497 1664 579 1728 ad
624 1661 957 1728 Caesarem
1002 1664 1127 1727 iter
1171 1665 1391 1728 facere.
1484 1662 1657 1739 Quae
1713 1664 1768 1726 si
1814 1663 2032 1746 copiae
2086 1664 2154 1726 in
2198 1686 2401 1728 unum

385 1752 599 1816 locum
660 1751 900 1815 fuerint
963 1754 1243 1835 coactae,
1304 1756 1380 1815 ut
1441 1773 1591 1834 pars
1654 1751 1971 1816 exercitus
2036 1752 2115 1815 ad
2161 1751 2399 1816 Albam

385 1840 704 1925 mittatur,
746 1861 896 1925 pars
944 1840 1024 1904 ad
1067 1844 1132 1903 te
1179 1840 1451 1923 accedat,
1497 1844 1572 1904 ut
1608 1861 1742 1904 non
1775 1844 2039 1925 pugnet,
2086 1841 2196 1904 sed
2239 1841 2398 1905 locis

389 1928 523 1994 suis
582 1932 922 2014 repugnet,
980 1926 1276 1994 haerebis
1334 1949 1542 2012 neque
1602 1928 1778 1994 solus
1835 1950 1979 1993 cum
2033 1928 2160 1993 ista
2214 1929 2399 2013 copia

386 2022 635 2082 tantam
695 2016 1177 2082 multitudinem
1235 2018 1553 2081 sustinere
1606 2017 1870 2102 poteris,
1925 2020 1999 2081 ut
2053 2018 2399 2081 frumenta-
2430 2046 2486 2083 20

386 2109 527 2170 tum
573 2126 694 2170 eas.

521 2192 726 2269 Quam
780 2194 863 2258 ob
916 2215 1053 2257 rem
1108 2197 1173 2259 te
1227 2213 1462 2277 magno
1520 2213 1711 2276 opere
1763 2192 2016 2276 hortor,
2078 2196 2153 2256 ut
2208 2214 2403 2277 quam

387 2282 665 2366 primum
725 2303 871 2346 cum
935 2281 1231 2346 omnibus
1296 2280 1500 2364 copiis
1563 2280 1687 2346 hoc
1747 2281 1983 2347 venias.
2088 2278 2400 2346 Consules

387 2371 862 2436 constituerunt
932 2370 1100 2433 idem
1169 2370 1393 2435 facere.
1491 2368 1635 2454 Ego
1701 2368 1784 2433 M.
1845 2369 2127 2433 Tuscilio
2192 2368 2273 2432 ad
2335 2374 2402 2434 te

386 2460 688 2523 mandata
723 2458 866 2522 dedi
910 2457 1374 2541 providendum
1418 2479 1574 2544 esse,
1617 2478 1698 2522 ne
1744 2458 1905 2522 duae
1941 2457 2224 2541 legiones
2263 2457 2400 2522 sine
2431 2487 2486 2527 ⁶35

387 2546 742 2612 Picentinis
787 2545 1160 2611 cohortibus
1205 2546 1273 2609 in
1318 2550 1729 2629 conspectum
1777 2544 2067 2610 Caesaris
2114 2546 2400 2610 commit-

388 2638 692 2700 terentur.
766 2633 968 2711 Quam
1015 2635 1098 2699 ob
1144 2656 1280 2698 rem
1326 2634 1533 2699 nolito
1571 2634 1973 2719 commoveri,
2018 2634 2074 2699 si
2121 2634 2400 2700 audieris

388 2744 491 2788 me
536 2723 812 2808 regredi,
868 2724 923 2787 si
976 2723 1145 2788 forte
1191 2720 1427 2787 Caesar
1479 2723 1559 2786 ad
1612 2743 1714 2786 me
1758 2723 1997 2807 veniet3
2055 2723 2402 2787 cavendum

389 2813 561 2877 enim
604 2815 763 2895 puto
811 2832 976 2895 esse,
1026 2832 1109 2875 ne
1162 2812 1528 2894 implicatus
1580 2809 1890 2875 haeream.
1983 2807 2048 2873 N
2048 2831 2153 2874 am
2194 2832 2402 2894 neque

390 2903 602 2964 castra
644 2905 908 2983 propter
954 2900 1104 2963 anni
1150 2904 1404 2982 tempus
1464 2902 1529 2963 et
1574 2898 1858 2963 militum
1902 2899 2150 2963 animos
2195 2898 2402 2963 facere
2432 2927 2486 2966 κο

391 3010 680 3073 possum,
730 3009 936 3072 neque
983 3009 1059 3051 ex
1106 2987 1403 3052 omnibus
1460 2987 1711 3071 oppidis
1766 2986 2140 3052 contrahere
2183 2986 2402 3070 copias

392 3076 674 3161 expedit,
734 3098 814 3140 ne
868 3081 1194 3159 receptum
1255 3076 1563 3139 amittam.
1653 3074 1881 3158 Itaque
1942 3096 2074 3140 non
2128 3075 2402 3158 amplius

393 3182 546 3229 xl111
618 3163 912 3229 cohortes
985 3162 1317 3228 Luceriam
1391 3164 1586 3248 coegi.
1698 3163 2008 3228 Consules
2087 3164 2404 3247 praesidia

393 3252 607 3317 omnia
653 3252 982 3316 deducturi
1029 3256 1180 3316 sunt
1226 3257 1338 3316 aut
1382 3253 1452 3315 in
1498 3251 1783 3316 Siciliam
1830 3252 2002 3317 ituri.
2075 3249 2244 3316 Nam
2291 3257 2404 3316 aut

392 3340 740 3404 exercitum
776 3340 1031 3403 firmum
1075 3339 1310 3405 habere
1348 3344 1621 3424 oportet,
1667 3361 1793 3424 quo
1840 3340 2231 3405 confidamus
2267 3363 2405 3424 per·
2435 3368 2490 3410 35

390 3447 685 3509 rumpere
729 3449 847 3492 nos
893 3449 1107 3510 posse,
1163 3433 1275 3493 aut
1330 3429 1624 3514 regiones
1680 3429 1816 3493 eius
1874 3429 2048 3494 modi
2097 3429 2405 3513 obtinere,

395 3535 427 3576 e
481 3513 717 3595 quibus
785 3535 1241 3601 repugnemus3
1303 3516 1373 3580 id
1437 3518 1609 3601 quod
1665 3523 1965 3583 neutrum
2028 3516 2217 3582 nobis
2281 3516 2407 3583 hoc
