2642 3923
671 204 1187 259 EPISTULARUM
1223 206 1324 261 AD
1363 206 1669 261 BRUTUM
1706 208 1732 261 Ι
1771 213 1853 262 15.
2142 207 2269 272 541

254 348 381 413 sito
429 352 604 412 metu
641 348 973 431 praeteriti
1009 350 1276 433 periculi
1314 349 1512 414 fuerit
1551 350 1837 415 oblitus?
1910 350 2271 416 Accedebat

255 437 332 501 ad
393 436 685 501 beneficii
730 438 1104 501 memoriam
1150 443 1404 523 gratam
1449 440 1615 503 ratio
1664 439 1801 524 illa,
1868 461 2029 523 quae
2076 440 2271 503 etiam

251 526 529 609 posteris
604 529 770 589 esset
843 526 1161 590 salutaris,
1271 526 1550 592 Exstare
1615 528 1783 591 enim
1848 528 2141 592 volebam
2205 529 2275 592 in

253 613 725 678 crudelissimos
792 613 1012 678 hostes
1086 616 1496 684 monimenta
1547 615 1676 680 odii
1738 615 1980 699 publici
2047 617 2272 699 sempi-

199 724 225 767 5
253 706 451 767 terna.
536 699 840 786 Suspicor
883 703 1045 766 illud
1088 703 1211 767 tibi
1255 704 1471 768 minus
1515 703 1795 787 probari,
1842 705 2013 788 quod
2059 727 2096 768 a
2141 705 2272 768 tuis

253 790 707 876 familiaribus,
762 791 1026 874 optimis
1073 792 1204 855 illis
1252 791 1509 875 quidem
1553 792 1728 876 viris,
1786 793 1899 856 sed
1943 793 2012 856 in
2047 815 2117 856 re
2162 815 2274 876 pu-

254 878 423 943 blica
456 879 741 962 rudibuS,
785 901 919 943 non
955 880 1368 964 probabatur,
1409 881 1599 964 quod,
1635 884 1709 944 ut
1746 882 1967 945 ovanti
2002 881 2274 945 introire

256 965 515 1032 Caesari
558 968 794 1052 liceret,
841 968 1242 1033 decreverim.
1313 968 1460 1052 Ego
1509 973 1724 1033 autem
1770 966 1913 1055 (sed
1959 991 2100 1034 erro
2147 969 2274 1033 for-

255 1061 427 1120 tasse
471 1077 588 1120 nec
631 1059 849 1120 tamen
892 1057 948 1119 is
986 1078 1145 1141 sum,
1191 1060 1267 1120 ut
1302 1079 1445 1121 mea
1479 1079 1582 1121 me
1618 1058 1893 1121 maxime
1929 1057 2274 1145 delectent)

174 1169 229 1209 10
253 1144 421 1209 nihil
466 1144 627 1208 mihi
672 1144 893 1209 videor
936 1144 1061 1210 hoc
1106 1145 1278 1210 bello
1328 1147 1603 1210 sensisse
1648 1146 2041 1229 prudentius
2143 1144 2275 1211 Gur

255 1237 471 1297 autem
525 1233 619 1297 ita
674 1232 788 1317 sit,
846 1234 1257 1317 aperiendum
1309 1255 1446 1298 non
1502 1237 1627 1319 est,
1679 1256 1761 1299 ne
1806 1235 2011 1320 magis
2057 1234 2275 1300 videar

253 1321 560 1406 providus
622 1321 822 1385 fuisse
886 1343 1081 1404 quam
1146 1326 1388 1406 gratus
1496 1321 1639 1387 Hoc
1698 1323 1914 1406 ipsum
1976 1322 2274 1407 nimium3

203 1433 207 1438 ·
255 1432 452 1493 quare
507 1410 633 1474 alia
685 1409 1027 1473 videamus.
1118 1409 1197 1474 D.
1244 1410 1449 1474 Bruto
1505 1411 1752 1476 decrevi
1804 1411 2111 1497 honores,
2176 1412 2276 1475 de-

256 1499 426 1562 crevi
470 1496 540 1561 L.
577 1496 833 1562 Planco,
923 1497 1257 1563 Praeclara
1310 1499 1426 1563 illa
1471 1499 1730 1582 quidem
1775 1499 2057 1584 ingenia,
2113 1522 2275 1583 quae

175 1611 228 1652 15
258 1586 466 1671 gloria
509 1586 895 1671 invitantur,
949 1587 1061 1651 sed
1109 1591 1368 1652 senatus
1414 1588 1610 1651 etiam
1657 1588 1930 1675 sapiens,
1973 1589 2103 1672 qui,
2151 1611 2277 1671 qua

258 1695 576 1759 quemque
628 1695 698 1738 re
752 1677 966 1758 putat,
1028 1675 1220 1739 modo
1273 1674 1575 1760 honesta,
1639 1677 1719 1740 ad
1771 1699 1906 1740 rem
1953 1677 2277 1760 publicam

257 1763 600 1827 iuvandam
646 1784 836 1846 posse
882 1762 1128 1848 adduci,
1170 1763 1291 1829 hac
1337 1765 1560 1828 utitur.
1646 1764 1737 1827 At
1783 1765 1853 1829 in
1897 1764 2136 1847 Lepido
2183 1786 2277 1830 re—

256 1850 738 1936 prehendimur3
784 1851 887 1915 cui
931 1872 1075 1915 cum
1117 1856 1402 1916 statuam
1440 1853 1509 1916 in
1542 1853 1772 1917 rostris
1810 1854 2278 1937 statuissemus,

257 1940 428 2005 idem
480 1940 660 2004 illam
715 1939 1076 2005 evertimus
1176 1939 1315 2006 Nos
1371 1941 1559 2005 illum
1613 1940 1858 2007 honore
1913 1941 2276 2006 studuimus

176 2053 231 2093 20
258 2052 296 2093 a
358 2029 576 2093 furore
639 2050 951 2094 revocare.
1042 2028 1218 2094 Vicit
1283 2031 1562 2094 amentia
1623 2030 1933 2095 levissimi
1994 2030 2276 2096 hominis

259 2122 545 2182 nostram
592 2117 1026 2204 prudentiam3
1089 2139 1208 2183 nec
1263 2122 1480 2184 tamen
1526 2122 1783 2185 tantum
1825 2120 1895 2182 in
1941 2120 2277 2183 statuenda

257 2205 484 2289 Lepidi
538 2209 754 2270 statua
805 2207 1049 2273 factum
1101 2211 1200 2270 est
1253 2207 1411 2271 mali
1466 2212 1781 2290 quantum
1825 2208 1895 2271 in
1940 2208 2278 2272 evertenda

265 2295 430 2359 boni.

394 2381 568 2447 Satis
627 2382 832 2447 multa
884 2383 964 2448 de
1014 2382 1400 2468 honoribus;
1462 2405 1632 2448 nunc
1686 2384 1764 2448 de
1817 2406 2022 2467 poena
2077 2406 2278 2467 pauca

175 2495 230 2536 25
259 2472 522 2536 dicenda
586 2474 753 2535 sunt.
860 2471 1159 2536 Intellexi
1223 2472 1395 2536 enim
1457 2494 1536 2536 ex
1594 2472 1726 2536 tuis
1792 2493 1981 2556 saepe
2041 2473 2277 2536 litteris

257 2565 324 2624 te
368 2560 438 2623 in
482 2558 592 2644 iis,
655 2580 818 2643 quos
863 2559 1036 2624 bello
1083 2559 1397 2645 devicisti,
1441 2560 1844 2625 clementiam
1889 2566 2070 2625 tuam
2114 2561 2279 2625 velle

257 2648 522 2711 laudari.
612 2647 940 2711 Existimo
996 2648 1289 2732 equidem
1342 2648 1510 2712 nihil
1565 2672 1602 2713 a
1647 2652 1712 2712 te
1756 2649 1885 2713 nisi
1931 2649 2278 2733 sapienter3

261 2736 371 2800 sed
419 2736 674 2800 sceleris
720 2758 993 2819 poenam
1037 2737 1549 2820 praetermittere
1596 2734 1692 2821 (id
1738 2738 1909 2801 enim
1945 2740 2061 2823 est,
2107 2738 2280 2822 quod

258 2828 525 2889 vocatur
566 2822 953 2911 ignoscere),
1016 2825 1271 2888 etiamsi
1314 2825 1387 2888 in
1432 2826 1658 2889 ceteris
1705 2826 1897 2890 rebus
1942 2826 2279 2891 tolerabile

176 2938 232 2979 so
261 2917 388 2997 est,
448 2913 518 2976 in
578 2912 701 2977 hoc
762 2912 933 2977 bello
998 2913 1429 2996 perniciosum
1492 2918 1669 2997 puto.
1774 2912 2045 2979 Nullum
2107 2916 2279 2979 enim

259 3000 503 3066 bellum
547 3001 734 3066 civile
778 3002 907 3065 fuit'
948 3001 1017 3066 in
1061 3005 1287 3065 nostra
1331 3023 1401 3066 re
1444 3002 1703 3085 publica
1749 3004 2062 3089 omnium,
2116 3025 2280 3087 quae

259 3089 568 3154 memoria
611 3111 754 3154 mea
797 3090 1084 3174 fuerunt,
1136 3090 1206 3153 in
1252 3112 1380 3174 quo
1428 3089 1600 3154 bello
1644 3112 1802 3175 non,
1857 3096 2280 3176 utracumque

258 3199 410 3262 pars
457 3177 736 3264 vicisset,
780 3182 998 3242 tamen
1042 3178 1259 3262 aliqua
1303 3177 1512 3242 forma
1558 3183 1726 3243 esset
1769 3180 1990 3244 futura
2035 3179 2127 3244 rei
2165 3202 2280 3263 pu-

259 3266 481 3332 blicae.
554 3265 698 3331 Hoc
741 3265 912 3331 bello
959 3266 1235 3330 victores
1283 3287 1478 3350 quam
1521 3288 1659 3331 rem
1704 3268 2029 3351 publicam
2077 3268 2278 3332 simus

172 3376 228 3422 35
255 3354 562 3439 habituri,
607 3375 739 3419 non
784 3355 968 3419 facile
1015 3353 1423 3441 adfirmarim,
1466 3355 1653 3420 victis
1700 3361 1868 3420 certe
1912 3355 2092 3420 nulla
2139 3379 2279 3420 um-

258 3466 452 3527 quam
498 3443 636 3508 erit.
728 3441 882 3506 Dixi
935 3443 1136 3528 igitur
1193 3443 1545 3509 sententias
1590 3444 1661 3507 in
1707 3444 2089 3529 Antonium,
2146 3445 2280 3509 dixi

256 3532 327 3596 in
370 3531 679 3615 Lepidum
730 3552 980 3596 severas
1025 3553 1230 3615 neque
1276 3535 1412 3595 tam
1449 3531 1793 3596 ulciscendi
1833 3553 2041 3617 causa,
2088 3554 2280 3615 quam

2346 367 2379 416 9

2317 2402 2385 2449 10
