2642 3923
617 196 1131 252 EPISTULARUM
1171 196 1268 250 AD
1307 196 1632 252 ATTICUM
1669 197 1719 250 X
1758 202 1841 265 15,
1885 202 1963 251 16.
2177 196 2308 260 319

1205 427 1379 494 XVI.

614 550 728 608 Sor.
758 552 819 604 in
860 549 1106 604 Cumano
1136 550 1285 618 prid.
1316 550 1404 605 Id.
1437 550 1581 605 Mai.
1613 569 1664 606 a.
1698 554 1807 606 705
1846 552 1982 618 (49).

893 674 1182 730 CICERO
1217 673 1510 728 ATTICO
1547 672 1710 729 SAL.

423 783 843 849 Commodum
916 784 998 847 ad
1066 787 1133 847 te
1197 782 1493 847 dederam
1556 782 1808 846 litteras
1873 783 1950 846 de
2012 781 2305 865 pluribus
2345 798 2373 846 1

236 895 259 937 5
286 873 496 956 rebuS,
539 893 687 937 cum
734 872 813 935 ad
857 893 959 935 me
1006 870 1168 935 bene
1214 892 1402 935 mane
1446 870 1798 954 Dionysius
1844 870 2048 954 †fuit.
2141 869 2306 945 Quoi

288 961 544 1045 quidem
612 981 730 1045 ego
794 981 927 1024 non
990 959 1179 1024 modo
1245 958 1625 1043 placabilem
1688 980 1790 1022 me
1853 958 2306 1042 praebuissem,

288 1050 396 1114 sed
448 1053 662 1113 totum
716 1048 1132 1131 remisissem,
1197 1047 1254 1112 si
1307 1048 1615 1131 venisset,
1680 1068 1806 1130 qua
1849 1051 2062 1111 mente
2107 1050 2180 1110 tu
2228 1047 2306 1109 ad

287 1159 387 1202 me
452 1137 814 1221 scripseras⁸
917 1136 1080 1200 Erat
1145 1136 1315 1200 enim
1371 1136 1463 1199 sic
1506 1136 1576 1199 in
1629 1136 1761 1199 tuis
1817 1134 2080 1221 litteris,
2145 1156 2303 1218 quas

286 1225 519 1309 Arpini
564 1246 958 1309 acceperam,
1020 1245 1166 1289 eum
1211 1228 1555 1288 venturum
1599 1224 2070 1308 facturumque,
2132 1223 2305 1305 quod

209 1339 260 1378 ιο
287 1336 406 1399 ego
452 1313 696 1378 vellem.
790 1312 932 1397 Ego
978 1311 1271 1376 volebam
1318 1317 1533 1377 autem
1577 1311 1680 1376 vel
1715 1311 2048 1395 cupiebam
2085 1311 2303 1395 potius

286 1423 425 1467 esse
480 1424 625 1465 eum
669 1400 1022 1466 nobiscum.
1117 1398 1299 1476 Quod
1355 1401 1505 1485 quia
1563 1401 1779 1501 plane,
1838 1422 1983 1464 cum
2041 1400 2111 1464 in
2153 1398 2304 1464 For-

286 1491 572 1555 mianum
635 1489 943 1573 venisset,
1005 1488 1428 1574 praeciderat,
1489 1489 1776 1572 asperius
1842 1489 1921 1553 ad
1975 1493 2041 1553 te
2096 1489 2171 1552 de
2228 1509 2302 1553 eo

288 1579 562 1645 scribere
609 1567 913 1642 solebam.
988 1578 1078 1640 At
1123 1578 1233 1641 ille
1278 1598 1594 1661 perpauca
1638 1576 1892 1641 locutus
1931 1577 2097 1641 hanc
2136 1599 2300 1639 sum·

285 1689 457 1732 mam
509 1666 740 1730 habuit
797 1666 1135 1750 orationis,
1198 1670 1271 1730 ut
1328 1665 1453 1729 sibi
1511 1666 1935 1750 ignoscerem,
2000 1687 2066 1730 se
2112 1664 2302 1728 rebus

209 1779 259 1820 ιε
290 1756 422 1820 suis
487 1754 866 1838 impeditum
928 1753 1265 1818 nobiscum
1319 1754 1414 1817 ire
1468 1774 1600 1818 non
1653 1774 1856 1836 posse.
1946 1751 2156 1817 Pauca
2210 1774 2304 1817 re-

289 1842 536 1927 spondi,
583 1863 884 1927 magnum
934 1843 1145 1926 accepi
1183 1842 1486 1926 dolorem,
1531 1841 1821 1905 intellexi
1857 1841 2184 1905 fortunam
2223 1841 2303 1905 ab

289 1953 362 1997 eo
417 1935 706 1995 nostram
759 1930 1121 2014 despectam
1179 1952 1333 1995 esse.
1427 1928 1592 2006 Quid
1638 1930 1937 2013 quaeris?
2003 1927 2304 2015 (fortasse

288 2017 652 2106 miraberis)
727 2019 797 2083 in
868 2020 1165 2084 maximis
1239 2018 1472 2084 horum
1545 2023 1908 2102 temporum
1972 2018 2301 2082 doloribus

285 2109 458 2173 hunc
503 2107 661 2171 mihi
710 2107 873 2172 scito
920 2130 1070 2174 esse.
1146 2107 1380 2193 Velim,
1423 2112 1498 2172 ut
1543 2107 1668 2171 tibi
1705 2106 1944 2171 amicus
1983 2108 2085 2170 sit.
2161 2106 2303 2170 Hoc

208 2222 260 2261 20
287 2220 433 2262 cum
479 2196 601 2260 tibi
645 2200 819 2282 opt0,
866 2200 1043 2280 opt0,
1088 2200 1163 2260 ut
1207 2197 1435 2261 beatus
1474 2196 1591 2279 sis3
1638 2195 1760 2260 erit
1798 2195 1969 2259 enim
2005 2200 2137 2258 tam
2176 2195 2298 2260 diu.

422 2283 781 2350 Consilium
853 2288 1149 2348 nostrum
1215 2307 1402 2369 spero
1466 2305 1735 2348 vacuum
1799 2284 2080 2367 periculo
2147 2285 2299 2348 fore.
2338 2299 2368 2346 2

286 2372 457 2438 Nam
510 2377 575 2437 et
630 2373 1169 2437 dissimulavimus
1226 2377 1318 2458 et,
1381 2377 1455 2437 ut
1510 2373 1768 2456 opinor,
1831 2394 1957 2436 non
2003 2372 2304 2437 acerrime

289 2461 784 2526 adservabimur.
874 2459 1221 2545 Navigatio
1269 2461 1458 2525 modo
1507 2461 1620 2544 sit,
1680 2461 1930 2545 qualem
1980 2464 2133 2543 opto
2148 2511 2166 2545 ‚
2210 2483 2303 2524 ce·

288 2554 454 2636 tera,
518 2571 680 2634 quae
735 2548 993 2633 quidem
1046 2549 1315 2613 consilio
1374 2548 1692 2633 provideri
1746 2552 2077 2633 poterunt,
2131 2570 2303 2613 cave-

206 2664 258 2704 25
289 2639 549 2703 buntur.
641 2638 759 2722 Tu,
805 2637 958 2701 dum
1003 2637 1325 2723 adsumuS,
1369 2658 1502 2702 non
1545 2636 1736 2701 modo
1785 2658 1946 2720 quae
1992 2637 2151 2701 scies
2199 2660 2304 2701 au-

287 2726 590 2811 dierisve,
663 2688 774 2791 sed
831 2726 1026 2791 etiam
1090 2747 1253 2809 quae
1306 2689 1537 2817 'futura
1599 2724 1999 2811 providebis,
2062 2725 2303 2790 scribas

287 2815 496 2878 velim.

422 2899 602 2986 Cato,
648 2902 761 2985 qui
798 2899 1082 2966 Siciliam
1129 2906 1349 2967 tenere
1393 2901 1573 2965 nullo
1619 2902 1881 2985 negotio
1928 2901 2145 2985 potuit
2190 2900 2303 2987 (et,
2340 2919 2371 2966 3

289 2991 347 3055 si
390 2991 723 3074 tenuisset,
776 3012 994 3054 omnes
1040 2990 1195 3054 boni
1241 2989 1320 3054 ad
1368 3012 1513 3055 eum
1561 3011 1627 3053 se
1673 2988 2145 3078 contulissent),
2190 2988 2304 3073 Sy-

206 3106 260 3146 ao
288 3078 533 3143 racusis
580 3079 902 3161 profectus
950 3082 1048 3143 est
1094 3082 1243 3142 ante
1288 3078 1455 3142 diem
1493 3095 1619 3141 vm
1655 3077 1732 3141 K.
1762 3077 1930 3162 Mai,
1976 3081 2051 3142 ut
2088 3078 2168 3142 ad
2203 3100 2304 3142 me

288 3165 483 3232 Curio
533 3166 802 3250 scripsit.
851 3226 855 3230 Α
893 3165 1179 3252 Utinam,
1243 3167 1415 3250 quod
1460 3165 1661 3251 aiunt,
1706 3163 1899 3231 Cotta
1945 3163 2302 3231 Sardiniam

286 3258 536 3321 teneat!
601 3258 701 3319 est
746 3255 917 3320 enim
962 3277 1197 3320 rumor.
1292 3254 1366 3340 Ο,
1413 3254 1468 3318 si
1514 3254 1580 3317 id
1624 3254 1835 3339 fuerit,
1889 3258 2144 3337 turpem
2190 3252 2302 3319 Ca-

286 3346 532 3409 tonem!

419 3432 586 3518 Ego,
630 3434 707 3497 ut
750 3430 1103 3496 minuerem
1140 3432 1565 3515 suspicionem
1603 3430 2017 3514 profectionis
2056 3435 2168 3495 aut
2203 3452 2302 3495 co·
2339 3449 2372 3494 4

205 3548 258 3588 35
286 3520 627 3606 gitationis
681 3541 885 3605 meae,
941 3520 1263 3603 profectus
1321 3542 1464 3584 sum
1521 3520 1591 3583 in
1635 3518 2099 3602 Pompeianum
2147 3541 2200 3583 a.
2240 3518 2295 3580 d.
