2642 3923
351 183 481 248 218
995 186 1070 242 Μ.
1108 186 1323 242 TULLI
1361 185 1737 242 CICERONIS

352 328 454 392 sul
498 328 558 394 ei
602 328 959 415 rescripsit,
1011 332 1086 394 ut
1131 330 1313 414 prius
1362 330 1500 414 ipse
1554 330 1623 395 in
1666 328 1987 396 Picenum.
2080 330 2173 395 At
2217 331 2376 395 illud

352 420 565 481 totum
610 420 747 481 erat
794 416 1129 502 amissum3
1177 419 1420 483 sciebat
1466 440 1655 483 nemo
1703 423 1957 502 praeter
2003 439 2106 484 me
2152 441 2230 483 ex
2272 419 2376 483 lit-

352 504 508 569 teris
571 503 961 570 Dolabellae.
1056 505 1222 570 Mihi
1288 506 1558 571 dubium
1621 528 1754 571 non
1819 511 1984 593 erat,
2048 508 2205 591 quin
2267 508 2376 572 ille

352 593 479 656 iam
534 592 787 676 iamque
840 593 1007 658 foret
1063 594 1134 658 in
1175 592 1445 679 Apulia,
1501 593 1757 659 Gnaeus
1812 599 2033 660 noster
2088 597 2158 660 in
2209 596 2373 660 navi.

485 680 629 766 Ego
678 681 833 765 quid
879 682 1110 767 agam?
1203 681 1482 768 Σκέμμα
1527 704 1837 769 magnum
1881 704 2089 767 neque
2134 683 2376 749 meher·
2434 708 2460 751 ι

352 768 492 834 01116
537 769 700 833 1111111
746 769 1000 853 quidem
1048 769 1283 855 111111111,
1340 771 1468 836 nisi
1525 771 1739 836 omnia
1793 776 2005 836 essent
2059 777 2200 837 acta
2243 776 2376 836 tur-

352 856 643 941 pissime,
689 878 894 941 neque
931 879 1048 944 ego
1089 859 1284 923 ullius
1324 859 1582 924 consilii
1619 860 1967 945 particeps3
2015 860 2125 923 sed
2160 864 2376 925 tamen

353 945 524 1029 quod
568 967 670 1010 me
716 946 948 1011 deceat.
1038 944 1187 1030 Ipse
1232 969 1334 1011 me
1381 946 1615 1013 Caesar
1655 948 1735 1012 ad
1783 969 2003 1032 pacem
2046 947 2374 1034 hortatur3

354 1034 464 1097 sed
501 1034 896 1118 antiquiores
932 1035 1208 1122 litterae,
1255 1057 1448 1119 quam
1483 1057 1670 1101 ruere
1716 1036 1942 1119 coepit.
2020 1035 2378 1121 Dolabella,

357 1120 607 1187 Caelius
660 1143 763 1187 me
825 1122 924 1186 illi
972 1123 1163 1188 valde
1221 1124 1381 1188 satis
1437 1125 1662 1191 facere.
1750 1124 1920 1189 Mira
1974 1146 2077 1189 me
2132 1123 2376 1210 ἀπορία
2404 1150 2460 1190 ιο

353 1213 632 1294 torquet.
722 1208 879 1275 Iuva
929 1233 1032 1275 me
1079 1212 1380 1296 consilio,
1441 1212 1498 1277 si
1551 1216 1766 1299 potes,
1826 1215 1890 1277 et
1955 1216 2174 1277 tamen
2229 1213 2376 1297 ista,
2541 1286 2546 1293 ,

335 1303 667 1382 'quantum
728 1302 945 1384 potes,
1006 1299 1285 1383 provide.
1388 1299 1574 1364 Nihil
1636 1299 1846 1365 habeo
1914 1303 2098 1365 tanta
2160 1321 2376 1365 rerum
2463 1341 2473 1354 ·

354 1386 861 1471 perturbatione,
917 1387 1089 1471 quod
1148 1388 1440 1453 scribam.
1532 1387 1703 1475 Tuas
1756 1389 2012 1453 litteras
2057 1393 2373 1473 exspecto.

1260 1578 1465 1646 XXII.

461 1700 574 1757 Sor.
612 1702 677 1756 in
714 1702 1020 1757 Formiano
1066 1702 1157 1756 VI
1182 1701 1718 1840 Id.70135'ebg·4.9)vesperi
1753 1709 1854 1757 aut
1899 1703 1951 1757 V
1980 1703 2069 1757 Id.
2108 1720 2268 1758 mane
2401 1712 2457 1756 16

1175 1790 1225 1828 a.
1542 1817 1553 1827 .

993 1893 1249 1951 CICERO
1288 1894 1550 1950 ATTICO
1589 1894 1737 1949 SAL.

482 2003 716 2070 Pedem
769 2006 838 2069 in
891 2002 1083 2070 Italia
1137 2006 1321 2070 video
1387 2004 1638 2069 nullum
1700 2026 1869 2091 esse,
1931 2005 2044 2089 qui
2105 2026 2240 2070 non
2304 2005 2373 2070 in

351 2093 540 2158 istius
595 2096 917 2177 potestate
972 2095 1074 2158 sit.
1165 2093 1263 2158 De
1305 2091 1613 2176 Pompeio
1671 2093 1805 2158 scio
1859 2093 2028 2157 nihil
2081 2114 2372 2179 eumque,
2469 2175 2474 2180 .

352 2180 479 2246 nisi
531 2181 601 2245 in
654 2181 871 2246 navim
935 2203 1003 2246 se
1065 2182 1438 2266 contulerit,
1501 2184 1836 2265 exceptum
1899 2182 1982 2246 iri
2044 2184 2223 2265 puto.
2315 2180 2369 2246 Ο
2399 2208 2455 2249 ιο

353 2269 744 2334 celeritatem
809 2269 1271 2334 incredibilem!
1335 2269 1529 2334 huius
1593 2273 1809 2334 autem
1872 2270 2083 2333 nostri
2129 2306 2213 2316 —
2261 2270 2373 2335 sed

351 2380 483 2422 non
526 2379 792 2442 possum
837 2358 974 2422 sine
1019 2357 1239 2423 dolore
1285 2378 1579 2422 accusare
1632 2379 1804 2443 611111,
1862 2358 1938 2422 de
1985 2378 2112 2442 quo
2170 2378 2373 2442 angor

353 2450 417 2511 et
462 2445 725 2511 crucior.
799 2445 896 2510 Tu
942 2446 1195 2511 caedem
1228 2467 1362 2510 non
1400 2446 1538 2510 sine
1586 2467 1777 2510 causa
1821 2446 2044 2531 times,
2072 2466 2206 2509 non
2242 2467 2370 2530 quo

352 2534 565 2598 minus
631 2533 972 2618 quicquam
1041 2531 1300 2599 Caesari
1375 2534 1669 2617 expediat
1734 2534 1813 2598 ad
1877 2534 2370 2598 diuturnitatem

353 2623 659 2687 victoriae
704 2627 769 2688 et
815 2621 1300 2705 dominationis,
1357 2622 1467 2686 sed
1513 2622 1725 2707 vide0‚
1779 2643 2054 2706 quorum
2100 2621 2369 2686 arbitrio
2398 2646 2454 2689 π

354 2711 441 2775 sit
487 2715 762 2775 acturus.
852 2712 900 2794 ’1-
925 2709 1123 2775 Recte
1182 2711 1269 2776 sit
1325 2731 1550 2775 censeo
1602 2710 1947 2774 cedendum
1991 2709 2068 2775 de
2114 2709 2370 2794 oppidis

236 2821 241 2828 ²
354 2799 434 2863 iis
474 2819 628 2884 egeo
667 2798 937 2878 consilii.
1002 2797 1186 2875 Quod
1223 2799 1542 2882 optimum
1577 2799 1752 2863 factu
1779 2798 2103 2863 videbitur
2159 2798 2371 2863 facies.

353 2884 517 2951 Cum
558 2885 913 2952 Philotimo
957 2887 1218 2971 loquere
1264 2891 1458 2971 atque
1495 2887 1650 2950 adeo
1688 2885 2054 2951 Terentiam
2099 2850 2371 2951 habebis

351 2973 589 3040 Idibus.
664 2974 810 3062 Ego
858 2975 1012 3060 quid
1050 2976 1279 3061 agam?
1328 2997 1455 3060 qua
1499 2978 1613 3039 aut
1657 2979 1829 3039 terra
1866 2978 1979 3038 aut
2023 2974 2188 3039 mari
2232 2995 2373 3058 per-

354 3085 584 3148 sequar
630 3084 803 3148 eum,
859 3064 970 3148 qui
1024 3064 1138 3129 ubi
1184 3063 1299 3149 sit,
1351 3062 1609 3128 nescio?
1700 3061 1854 3127 Etsi
1897 3067 2069 3127 terra
2115 3061 2373 3146 quidem
2398 3089 2456 3129 so

356 3152 467 3236 qui
511 3152 819 3236 possum?
865 3152 1028 3217 mari
1076 3152 1249 3236 quo?
1314 3151 1589 3216 Tradam
1635 3151 1839 3236 igitur
1884 3150 1998 3215 isti
2043 3150 2187 3214 me‘?
2247 3148 2375 3215 Fac

356 3261 543 3323 posse
582 3243 726 3307 tuto
758 3238 975 3327 (multi
1013 3241 1183 3305 enim
1218 3237 1615 3325 hortantur),
1650 3261 1807 3303 num
1835 3239 2031 3304 etiam
2057 3238 2374 3303 honeste?

356 3325 556 3391 Nullo
593 3328 801 3393 modo.
875 3327 1196 3411 Equidem
1242 3350 1280 3393 a
1315 3331 1381 3394 te
1419 3331 1634 3412 petam
1672 3327 2033 3412 consilium,
2068 3331 2142 3391 ut
2179 3327 2371 3391 60160.

358 3413 684 3497 Explicari
728 3437 830 3480 res
876 3436 1008 3479 non
1053 3411 1297 3503 potest3
1353 3417 1463 3481 sed
1507 3420 1744 3501 tamen,
1789 3416 1845 3480 si
1892 3415 2044 3500 quid
2089 3415 2158 3478 in
2202 3436 2375 3479 men-

360 3504 491 3564 tem
545 3503 748 3586 venit,
814 3502 1008 3566 velim
1065 3504 1336 3589 scribas,
1406 3509 1470 3569 et
1524 3505 1661 3589 ipse
1727 3504 1880 3588 quid
1941 3503 2028 3567 sis
2097 3506 2373 3567 acturus.
2403 3528 2460 3570 οε
