2642 3923
655 217 1303 271 EPISTULARUMAD
1344 217 1650 271 BRUTUM
1687 218 1739 271 H
1774 224 1823 287 3,
1861 225 1911 271 4.
2164 218 2291 282 557

273 384 432 447 ram,
478 365 542 425 et
590 362 812 425 statim
850 361 962 448 ire,
997 361 1122 425 hoc
1157 362 1492 445 paululum
1528 361 1785 426 exaravi
1822 361 1963 445 ipsa
2000 362 2073 426 in
2103 362 2297 426 turba

272 450 629 514 1113111111138
676 449 1104 514 salutationis,

261 549 267 556 ’
408 538 506 601 1)8
563 535 788 603 Cassio
851 538 1058 602 laetor
1119 542 1184 602 et
1246 538 1341 602 rei
1403 507 1698 622 publicae
1753 538 2073 623 gratulor,
2114 537 2294 601 mihi
2332 553 2404 610 2,

275 627 497 712 etiam,
561 628 673 710 qui
727 630 1125 711 repugnante
1181 630 1246 690 et
1302 626 1615 691 irascente
1661 625 1867 689 Pansa
1914 626 2298 690 sententiam

221 743 247 782 5
276 716 572 799 dixerim,
635 718 708 778 ut
772 713 1177 779 Dolabellam
1242 714 1412 779 bello
1480 712 1738 779 Cassius
1797 718 2297 798 persequeretur.

274 803 366 868 Et
419 803 681 887 quidem
724 804 1021 868 audacter
1068 802 1354 867 dicebam
1403 803 1539 867 sine
1583 807 1809 867 nostro
1858 807 2116 867 senatus
2155 825 2300 867 con·

277 892 448 957 811110
495 891 622 955 iam
669 891 829 955 illud
875 913 1020 956 eum
1066 891 1307 955 bellum
1356 912 1590 976 gerere.
1673 890 1771 955 De
1816 895 1881 954 te
1928 892 2121 955 etiam
2168 891 2299 955 dixi

275 985 436 1065 tum,
482 1001 644 1063 quae
690 980 952 1044 dicenda
996 980 1236 1063 putavi.
1311 978 1488 1043 Haec
1534 980 1614 1044 ad
1658 984 1724 1044 te
1771 980 1979 1044 oratio
2025 980 2297 1064 perfere-

276 1073 403 1154 tur,
450 1068 754 1152 quoniam
799 1072 866 1132 te
911 1068 1095 1131 video
1144 1068 1447 1132 delectari
1491 1067 1872 1151 Philippicis
1917 1069 2177 1132 11081118.

197 1186 249 1224 ιο
411 1155 594 1258 Quod
638 1178 738 1221 me
786 1156 862 1220 de
897 1155 1186 1220 Antonio
1225 1157 1526 1240 consuliS,
1574 1157 1783 1258 quoad
1829 1155 2017 1220 Bruti
2054 1146 2297 1221 exitum
2336 1172 2367 1219 3

278 1245 707 1347 cognorimus,
760 1244 1246 1310 custodiendum
1290 1248 1468 1327 puto.
1558 1243 1662 1308 Ex
1709 1245 1791 1309 iis
1834 1244 2093 1330 litteris,
2138 1266 2297 1328 quas

280 1334 438 1397 mihi
500 1333 764 1418 misisti,
828 1331 1167 1397 Dolabella
1226 1331 1453 1397 Asiam
1518 1354 1747 1397 vexare
1800 1333 2054 1397 videtur
2108 1336 2170 1397 et
2231 1332 2301 1396 in

279 1445 351 1486 ea
399 1443 466 1486 se
512 1442 729 1506 gerere
774 1422 1155 1485 taeterrime.
1232 1419 1691 1504 Compluribus
1729 1425 1940 1485 autem
1983 1421 2298 1505 scripsisti

282 1510 685 1574 Dolabellam
731 1532 768 1574 a
813 1508 1086 1574 Rhodiis
1134 1531 1270 1574 esse
1317 1510 1663 1574 exclusum.
1741 1509 1865 1586 Qui
1912 1511 1967 1574 si
2014 1510 2092 1573 ad
2128 1509 2299 1574 Rho-

198 1628 248 1666 15
280 1600 433 1662 dum
480 1598 766 1684 accessit,
809 1598 1061 1662 videtur
1106 1598 1270 1662 mihi
1306 1598 1533 1662 Asiam
1578 1599 1927 1681 reliquisse.
2002 1597 2077 1663 Id
2115 1599 2170 1662 si
2207 1599 2300 1662 ita

278 1691 407 1773 est,
461 1686 609 1751 istic
662 1686 786 1750 tibi
832 1708 1056 1751 censeo
1104 1683 1650 1767 commorandum3
1708 1687 1810 1750 sin
1852 1688 1897 1768 ’1-
1917 1709 2057 1750 83111
2103 1686 2302 1751 semel

278 1775 469 1862 cepit,
512 1775 674 1839 mihi
711 1775 908 1857 crede,
953 1797 1086 1838 non
1123 1775 1245 1839 erit
1283 1774 1373 1840 Id.
1411 1775 1565 1857 Apr
1606 1779 1672 1838 31
1708 1775 1778 1838 111
1812 1773 2037 1838 Asiam
2074 1796 2299 1838 censeo

279 1864 810 1948 persequendum.
882 1862 948 1927 N
949 1862 1068 1927 11111
1113 1863 1275 1926 1111111
1321 1863 1554 1927 videris
1590 1863 1711 1926 hoc
1745 1867 2034 1947 tempore
2072 1863 2300 1926 melius

282 1957 555 2017 acturus,
632 1950 817 2028 Quod
863 1973 1047 2036 egere
1093 1955 1158 2016 te
1204 1951 1451 2016 duabus
1498 1951 1871 2016 necessariis
1917 1951 2110 2017 rebus
2149 1952 2297 2016 scri·
2334 1970 2367 2016 4
2406 1970 2492 2017 ‹01›-
2521 1968 2603 2019 VI]

129 2115 139 2123 ‚
197 2070 251 2109 20
281 2042 409 2123 bis,
477 2042 922 2124 supplemento
983 2045 1048 2104 et
1109 2041 1402 2125 pecunia,
1467 2040 1726 2104 difficile
1789 2041 2127 2105 consilium
2183 2045 2296 2105 est.

281 2130 432 2194 Non
495 2130 665 2193 enim
727 2129 886 2193 mihi
949 2133 1290 2193 occurrunt
1352 2129 1717 2214 facultates,
1782 2129 2015 2213 quibus
2079 2129 2179 2192 uti
2232 2133 2299 2192 te

281 2240 470 2302 posse
515 2218 787 2302 videam,
846 2222 1098 2301 praeter
1143 2217 1318 2302 illas,
1375 2239 1534 2300 quas
1581 2221 1839 2282 senatus
1885 2217 2180 2301 decrevit,
2225 2222 2300 2281 ut

282 2306 581 2390 pecunias
647 2329 684 2369 a
747 2306 1118 2370 civitatibus
1182 2310 1441 2369 mutuas
1498 2328 1797 2370 sumeres.
1895 2304 1992 2369 De
2048 2306 2299 2389 supple-

281 2399 500 2459 mento
564 2398 778 2458 autem
839 2416 973 2458 non
1036 2395 1220 2458 video
1288 2394 1442 2478 quid
1504 2395 1645 2459 fieri
1697 2395 1921 2478 possit
2020 2394 2299 2458 Tantum

197 2511 251 2551 25
283 2484 452 2547 enim
500 2483 700 2567 abest,
746 2487 819 2546 ut
864 2482 1074 2547 Pansa
1119 2482 1195 2547 de
1244 2483 1524 2546 exercitu
1572 2505 1688 2547 suo
1736 2487 1847 2547 aut
1894 2484 2130 2547 dilectu
2174 2482 2298 2547 tibi

282 2572 524 2673 aliquid
569 2571 837 2657 tribuat,
883 2575 956 2634 ut
1003 2573 1197 2635 etiam
1242 2571 1514 2635 moleste
1558 2562 1723 2635 ferat
1769 2577 1903 2635 tam
1940 2572 2182 2635 multos
2219 2572 2299 2634 ad

281 2664 346 2724 te
392 2660 485 2724 ire
531 2660 953 2746 voluntarios,
999 2680 1125 2742 quo
1173 2659 1361 2723 modo
1409 2659 1703 2743 equidem
1749 2661 1981 2762 credo,·
2000 2660 2166 2744 quod
2215 2660 2296 2724 iis

281 2748 495 2834 rebuS,
541 2771 701 2832 quae
748 2748 817 2812 in
861 2713 1052 2812 Italia
1098 2748 1540 2832 decernuntur,
1584 2747 1796 2812 nullas
1843 2749 2057 2832 copias
2102 2748 2295 2812 nimis

283 2857 548 2920 magnas
596 2858 734 2900 esse
781 2836 1148 2920 arbitretur,
1194 2857 1320 2919 quo
1372 2837 1557 2900 modo
1597 2841 1813 2900 autem
1856 2837 2047 2901 multi
2093 2838 2297 2921 suspi-

201 2952 256 2992 so
284 2929 535 3008 cantur,
589 2927 751 3008 quod
799 2947 879 2989 ne
935 2929 1001 2988 te
1058 2926 1312 3008 quidem
1367 2924 1562 2989 nimis
1618 2925 1874 2988 firmum
1930 2947 2068 2990 esse
2115 2926 2297 3010 velit3

284 3014 456 3097 quod
501 3035 619 3098 ego
665 3035 799 3078 non
842 3014 1144 3097 suspicor.

416 3100 599 3177 Quod
664 3102 892 3166 scribis
955 3105 1020 3166 te
1085 3101 1161 3164 ad
1223 3101 1507 3165 Tertiam
1573 3123 1859 3166 sororem
1922 3109 1980 3166 et
2039 3107 2298 3166 matrem
2336 3117 2365 3164 5
2390 3112 2464 3177 (2)

284 3191 631 3274 scripsisse,
677 3194 750 3254 ut
795 3212 875 3254 ne
920 3191 1099 3273 prius
1148 3190 1407 3254 ederent
1445 3214 1536 3274 ea,
1582 3212 1743 3273 quae
1781 3194 1962 3276 gesta
1997 3212 2036 3253 a
2074 3188 2295 3253 Cassio

283 3283 513 3363 essent,
561 3300 749 3362 quam
798 3278 958 3342 mihi
1005 3279 1214 3343 visum
1263 3282 1448 3362 esset,
1496 3278 1679 3342 video
1726 3282 1792 3342 te
1828 3277 2104 3342 veritum
2142 3299 2298 3362 esse,
2366 3336 2372 3343 .

201 3393 252 3434 85
283 3369 350 3432 id
409 3368 580 3451 quod
645 3367 983 3431 verendum
1052 3368 1203 3452 fuit,
1265 3388 1348 3431 ne
1402 3367 1598 3430 animi
1653 3367 1934 3449 partium
1990 3364 2299 3451 Caesaris,

282 3478 410 3541 quo
456 3456 646 3520 modo
695 3456 888 3519 etiam
933 3477 1101 3520 nunc
1146 3460 1361 3538 partes
1409 3455 1844 3540 appellantur,
1897 3452 2300 3518 vehementer

282 3548 848 3610 commoverentur.
943 3543 1094 3626 Sed,
1158 3548 1501 3628 antequam
1557 3548 1702 3607 tuas
1757 3543 2006 3606 litteras
2062 3543 2299 3626 accepi-
