2642 3923
363 213 494 278 512
1000 212 1074 266 M.
1113 211 1329 266 TULLI
1365 212 1742 267 CICERONIS

363 355 701 440 Philippus
740 360 852 419 aut
880 355 1218 420 Marcellus
1255 360 1490 420 movet.
1550 355 1702 420 Alia
1746 356 1917 420 enim
1953 378 2175 421 eorum
2212 358 2399 422 ratio

363 451 453 510 est
496 449 578 529 et,
625 445 680 508 si
723 466 857 508 non
902 448 1019 529 est,
1062 448 1279 507 tamen
1324 443 1592 508 videtur.
1679 443 1802 508 Sed
1848 445 1917 507 in
1962 445 2090 509 isto
2137 447 2403 532 iuvene,

364 555 753 617 quamquam
790 532 989 597 animi
1025 533 1201 617 satiS,
1247 532 1652 597 auctoritatis
1690 554 1916 616 parum
1953 538 2069 597 est.
2141 534 2403 599 Tamen

363 622 537 704 vide,
596 621 653 685 si
707 621 876 685 forte
929 621 1001 684 in
1037 620 1399 685 Tusculano
1445 626 1616 685 recte
1662 643 1800 685 esse
1845 643 2138 705 possum,
2190 644 2273 686 ne
2322 623 2400 687 id

295 727 326 775 3
364 710 592 774 melius
649 709 753 773 sit.
841 708 974 773 Ero
1031 708 1367 792 libentius3
1430 707 1596 772 nihil
1642 710 1806 773 enim
1856 710 2185 794 ignorabo,
2279 711 2401 775 An
2469 740 2495 777 5

362 797 486 882 hic,
531 819 675 862 cum
721 797 1047 862 Antonius
1093 797 1383 861 venerit?

498 885 638 969 Sed,
695 890 769 950 ut
815 885 989 951 aliud
1034 907 1111 950 ex
1157 885 1303 970 alio,
1349 884 1510 948 mihi
1555 906 1685 949 non
1731 889 1832 949 est
1878 885 2159 970 dubium,
2208 887 2398 971 quin,

364 974 536 1058 quod
582 972 810 1038 Graeci
853 980 1183 1058 καθῆκον,
1237 994 1359 1038 nos
1407 973 1757 1038 ‘officium'.
1846 972 1924 1037 Id
1968 979 2183 1039 autem
2229 976 2397 1060 quid

363 1062 622 1127 dubitas
661 1063 820 1146 quin
855 1062 1047 1126 etiam
1083 1063 1152 1124 in
1187 1083 1325 1125 rem
1360 1062 1683 1145 publicam
1721 1063 2042 1146 praeclare
2069 1063 2392 1146 quadret?

363 1148 595 1215 Nonne
651 1152 920 1214 dicimus
975 1151 1333 1214 ‘consulum
1392 1150 1703 1234 officium,
1764 1156 2022 1215 senatus
2080 1151 2394 1239 officium,
2429 1180 2486 1218 ιο

364 1239 768 1323 imperatoris
816 1238 1168 1302 officium’?
1228 1238 1559 1302 Praeclare
1605 1239 1933 1321 convenit3
1983 1243 2094 1303 aut
2140 1240 2221 1303 da
2259 1263 2392 1305 me-

301 1343 335 1391 4
365 1327 507 1392 lius,
598 1327 767 1391 Male
811 1348 1033 1391 narras
1082 1326 1158 1391 de
1203 1323 1481 1410 Nepotis
1528 1326 1682 1390 filio.
1775 1325 1977 1391 Valde
2023 1327 2393 1394 mehercule

366 1437 626 1480 moveor
663 1419 728 1480 et
763 1415 1033 1478 moleste
1069 1415 1222 1478 fero.
1297 1412 1672 1479 Nescieram
1709 1415 1969 1479 omnino
2009 1437 2145 1480 esse
2181 1417 2391 1481 istum

362 1526 648 1588 puerum.
757 1500 1098 1567 Caninium
1162 1503 1437 1588 perdidi,
1500 1502 1855 1588 hominem,
1919 1504 2091 1587 quod
2147 1505 2227 1568 ad
2281 1529 2392 1570 me

363 1592 626 1677 attinet,
677 1612 808 1655 non
862 1592 1205 1677 ingratum.
1295 1590 1785 1655 Athenodorum
1838 1591 2005 1655 nihil
2059 1597 2155 1656 est
2212 1595 2391 1677 quod
2423 1620 2477 1660 ιε

361 1679 633 1744 hortere.
724 1679 907 1743 Misit
968 1681 1139 1743 enim
1187 1681 1345 1744 satis
1392 1680 1635 1744 bellum
1680 1680 2050 1764 ὑπόμνημα.
2145 1679 2392 1747 Grave-

363 1769 516 1852 dini,
561 1789 817 1854 quaeso,
863 1769 1037 1832 omni
1081 1769 1331 1832 ratione
1379 1768 1664 1833 subveni.
1739 1767 1866 1833 Avi
1911 1770 2009 1832 tui
2057 1791 2387 1854 pronepos

364 1857 586 1921 scribit
631 1857 710 1920 ad
754 1856 957 1939 patris
1003 1856 1131 1920 mei
1173 1861 1474 1940 nepotem
1523 1878 1589 1920 se
1636 1878 1714 1921 ex
1750 1855 1958 1921 Nonis
1995 1858 2095 1942 iis,
2144 1860 2389 1942 quibus

362 1968 481 2011 nos
526 1967 761 2030 magna
804 1945 1145 2031 gessimus,
1203 1946 1422 2010 aedem
1468 1943 1624 2029 Opis
1673 1946 2140 2031 explicaturum
2186 1947 2386 2031 idque

363 2035 442 2099 ad
485 2035 810 2118 populum.
902 2033 1168 2099 Videbis
1233 2035 1437 2119 igitur
1492 2039 1557 2098 et
1623 2034 1876 2099 scribes,
1971 2035 2154 2100 Sexti
2217 2036 2385 2101 iudi·
2414 2065 2468 2103 20

362 2124 531 2187 cium
576 2126 892 2206 exspecto.

1298 2297 1439 2363 XV.

654 2419 767 2473 Ser.
795 2420 859 2474 in
894 2419 1162 2488 Arpinati
1196 2426 1324 2474 ante
1370 2419 1424 2472 V
1451 2420 1536 2473 Id.
1567 2419 1697 2473 Dec.
1727 2436 1779 2473 α.
1810 2423 1919 2474 710
1954 2423 2091 2487 (44).

963 2541 1251 2597 CICERO
1286 2541 1577 2597 ATTICO
1614 2541 1776 2596 SAL.

296 2671 319 2718 ι
491 2650 647 2716 Noli
720 2654 946 2733 putare
1010 2650 1277 2735 pigritia
1341 2672 1443 2714 me
1505 2651 1736 2736 facere,
1808 2651 1979 2733 quod
2041 2673 2176 2716 non
2240 2674 2386 2718 mea
2413 2681 2461 2720 25

359 2761 552 2803 manu
616 2739 915 2823 scribam,
981 2740 1091 2802 sed
1154 2739 1511 2803 mehercule
1576 2738 1856 2840 pigritia.
1956 2737 2143 2803 Nihil
2208 2742 2386 2806 enim

356 2827 561 2892 habeo
618 2827 814 2909 aliud,
871 2826 1042 2910 quod
1101 2826 1320 2891 dicam.
1412 2826 1502 2890 Et
1557 2831 1773 2890 tanen
1831 2826 1900 2889 in
1945 2828 2077 2891 tuis
2124 2850 2386 2914 quoque

358 2915 648 2999 epistulis
687 2915 943 2979 Alexim
989 2914 1205 2979 videor
1245 2916 1647 3000 adgnoscere.
1723 2913 1848 2979 Sed
1884 2915 1963 2978 ad
1999 2938 2133 2980 rem
2173 2919 2384 2983 venio.

487 3003 649 3088 Ego,
697 3004 751 3067 si
797 3026 898 3068 me
945 3025 1073 3066 non
1121 3003 1597 3106 improbissime
1634 3002 1974 3067 Dolabella
2008 3008 2382 3091 tractasset,

355 3092 751 3156 dubitassem
795 3092 1085 3177 fortasse,
1130 3095 1351 3155 utrum
1396 3092 1722 3156 remissior
1759 3112 1965 3157 essem
2003 3115 2086 3155 an
2123 3115 2378 3159 summo
2411 3121 2464 3160 so

355 3181 493 3246 iure
540 3180 998 3244 contenderem.
1073 3177 1263 3243 Nunc
1307 3202 1458 3244 vero
1508 3181 1702 3244 etiam
1747 3180 1992 3265 gaudeo
2030 3180 2190 3244 mihi
2229 3203 2382 3246 cau·

357 3291 494 3333 sam
541 3269 850 3347 oblatam,
903 3269 972 3332 in
1018 3290 1146 3351 qua
1190 3272 1255 3331 et
1299 3269 1439 3351 ipse
1486 3268 1724 3333 sentiat
1762 3272 1826 3333 et
1870 3269 2104 3352 reliqui
2151 3291 2377 3335 omnes

355 3380 458 3421 me
522 3357 601 3421 ab
665 3357 779 3419 illo
845 3356 1303 3441 abalienatum,
1372 3357 1562 3440 idque
1618 3378 1769 3442 prae
1824 3378 1928 3421 me
1980 3357 2181 3422 feram
2236 3359 2283 3441 †
2311 3363 2378 3423 et

356 3445 613 3528 quidem
675 3466 777 3508 me
841 3467 1031 3508 causa
1092 3445 1300 3509 facere
1364 3449 1428 3510 et
1498 3445 1594 3510 rei
1659 3445 1977 3529 publicae,
2051 3450 2124 3509 ut
2187 3446 2377 3510 illum

358 3532 624 3616 oderim,
689 3531 886 3616 quod,
948 3553 1092 3597 cum
1158 3555 1297 3597 eam
1360 3556 1463 3598 me
1529 3538 1787 3599 auctore
1853 3533 2183 3598 defendere
2238 3555 2378 3599 coe-
2406 3562 2464 3602 ss
