2642 3923
658 204 1169 260 EPISTULARUM
1204 206 1305 259 AD
1344 204 1670 260 ATTICUM
1707 204 1808 259 XV
1847 211 1930 274 10,
1972 210 2052 261 11.
2187 206 2320 269 475

296 350 452 414 liam
463 349 521 413 ‘P'
587 347 776 424 ‘Quid
822 370 975 433 ergo
1024 349 1162 433 agis
1174 348 1231 412 ’θ’
1277 349 1557 432 inquam.
1623 348 1713 412 At
1759 349 1868 413 ille
1904 349 1973 413 in
2010 347 2320 427 Achaiam

301 461 367 503 se
437 435 696 502 iturum.
806 436 996 513 ‘Quid
1061 438 1177 522 tu',
1244 437 1535 521 inquam,
1599 435 1893 501 ‘Brute‘P'
1982 436 2322 523 ‘Romam’,

299 527 528 610 inquit,
575 526 657 589 ‘si
701 526 825 589 tibi
861 525 1129 589 videtur.
1136 524 1153 552 ’
1221 524 1408 589 ‘Mihi
1443 546 1594 589 vero
1631 526 1921 610 minime,
1966 530 2112 589 tuto
2150 527 2321 590 enim

299 636 431 679 non
484 614 649 678 eris?
744 612 977 689 Quid?
1039 614 1095 677 si
1148 634 1407 697 possem
1462 635 1626 698 esse,
1680 613 2107 698 placeretne?
2182 614 2319 678 At-

245 729 271 769 5
300 724 423 804 que
467 707 542 766 ut
590 702 850 766 omnino
895 723 1102 785 neque
1145 723 1317 765 nuno
1360 723 1567 785 neque
1613 723 1690 765 ex
1737 707 2038 785 praetura
2070 703 2142 765 in
2176 725 2319 786 pro·

298 792 571 855 vinciam
625 792 775 874 ires3
841 790 951 853 sed
1005 794 1228 855 auctor
1281 811 1414 854 non
1469 812 1643 876 sum,
1699 795 1774 853 ut
1833 795 1899 855 te
1959 791 2108 855 urbi
2153 813 2319 855 com·

298 881 535 944 mittas.
538 879 560 908 ⁹
649 877 951 943 Dicebam
1015 900 1114 962 ea,
1179 900 1343 961 quae
1397 878 1522 941 tibi
1573 879 1861 962 profecto
1918 878 1989 943 in
2041 883 2319 944 mentem

298 968 582 1052 veniunt,
636 989 750 1031 cur
793 988 927 1030 non
971 970 1139 1030 esset
1183 970 1328 1031 tuto
1375 967 1650 1031 futurus,
1743 967 1952 1031 Multo
1998 967 2145 1030 inde
2192 989 2317 1031 ser-

299 1078 486 1120 mone
542 1055 1001 1156 querebantur,
1055 1059 1249 1138 atque
1303 1054 1371 1118 id
1417 1055 1673 1137 quidem
1724 1053 1981 1119 Cassius
2027 1057 2318 1139 maxime,

219 1172 273 1212 10
301 1145 568 1208 amissas
633 1144 998 1208 occasiones
1053 1141 1515 1226 Decimumque
1580 1144 1864 1228 graviter
1919 1144 2317 1209 accusabant.

297 1232 443 1317 Ego
498 1232 816 1317 negabam
863 1235 1159 1315 oportere
1204 1232 1583 1317 praeterita,
1636 1232 2041 1296 adsentiebar
2084 1236 2316 1297 tamen.

301 1320 689 1405 Quomque
671 1342 1000 1405 ingressus
1038 1341 1244 1384 essem
1281 1319 1506 1404 dicere,
1553 1319 1709 1404 quid
1746 1321 2158 1407 oportuisset,
2202 1342 2319 1385 neo

302 1431 449 1474 vero
498 1409 841 1493 quicquam
884 1409 1067 1493 novi,
1122 1408 1231 1472 sed
1279 1430 1382 1492 ea,
1427 1430 1589 1491 quae
1636 1409 1871 1473 cotidie
1920 1431 2160 1494 omnes,
2202 1432 2319 1475 nec

175 1576 180 1579 ¹
298 1502 513 1562 tamen
569 1497 755 1561 illum
809 1497 1022 1560 locum
1077 1497 1489 1581 attingerem,
1554 1519 1937 1581 quemquam
1991 1502 2319 1582 praeterea

219 1614 271 1653 15
301 1585 666 1670 oportuisse
710 1585 913 1670 tangi,
974 1585 1083 1649 sed
1129 1592 1422 1649 senatum
1468 1586 1700 1671 vocari,
1743 1586 2054 1670 populum
2101 1587 2318 1650 arden-

300 1679 431 1739 tem
497 1674 709 1738 studio
775 1672 1214 1737 vehementius
1275 1673 1552 1759 incitari,
1615 1677 1821 1737 totam
1887 1674 2124 1757 suscipi
2181 1697 2318 1739 rem

300 1764 640 1847 publicam,
686 1762 1001 1825 exclamat
1037 1765 1151 1825 tua
1185 1761 1551 1825 familiaris:
1610 1760 1775 1826 ‘Hoc
1811 1784 1962 1826 vero
1998 1763 2316 1826 neminem

300 1873 606 1934 umquam
652 1850 867 1914 audivi
886 1850 926 1914 2⁹
1006 1849 1152 1933 Ego
1198 1849 1490 1932 repressi.
1575 1846 1699 1912 Sed
1744 1854 1809 1913 et
1854 1848 2114 1914 Cassius
2159 1851 2317 1914 mihi

299 1940 637 2005 videbatur
682 1939 892 2003 iturus
940 1936 1207 2024 (etenim
1254 1937 1524 2003 Servilia
1567 1938 1994 2021 pollicebatur
2040 1961 2108 2005 se
2144 1961 2318 2005 cura-

220 2057 274 2095 20
300 2034 539 2113 turam,
601 2032 676 2092 ut
734 2028 848 2092 illa
906 2027 1212 2091 frumenti
1267 2027 1515 2091 curatio
1573 2027 1648 2090 de
1708 2032 1967 2092 senatus
2022 2029 2317 2093 consulto

301 2115 694 2202 tolleretur),
757 2120 822 2180 et
883 2120 1106 2179 noster
1165 2116 1294 2179 cito
1353 2115 1632 2179 deiectus
1688 2120 1787 2179 est
1843 2116 1919 2180 de
1973 2116 2087 2180 illo
2142 2117 2320 2180 inani

302 2226 590 2270 sermone
626 2205 673 2287 †
692 2204 854 2269 velle
901 2225 1038 2268 esse
1074 2204 1337 2267 dixerat.
1414 2201 1773 2268 Constituit
1808 2204 2028 2289 igitur,
2072 2209 2148 2269 ut
2183 2205 2319 2268 ludi

302 2294 563 2358 absente
611 2314 678 2357 se
723 2293 951 2357 fierent
998 2314 1114 2356 suo
1159 2292 1437 2357 nomine.
1526 2290 1853 2356 Proficisci
1899 2297 2114 2356 autem
2157 2294 2318 2357 mihi

303 2383 369 2447 in
421 2382 644 2446 Asiam
697 2381 1035 2446 videbatur
1080 2381 1160 2445 ab
1206 2380 1409 2444 Antio
1455 2380 1634 2444 velle.
1724 2380 1824 2445 Ne
1869 2381 2101 2466 multa,
2152 2381 2320 2445 nihil

220 2497 273 2537 25
304 2492 402 2535 me
447 2471 518 2534 in
563 2470 677 2535 illo
724 2470 955 2534 itinere
1000 2473 1253 2552 praeter
1299 2468 1756 2533 conscientiam
1803 2491 2007 2533 meam
2053 2433 2318 2534 d'electa·

302 2560 412 2624 vit.
501 2559 656 2623 Non
710 2558 880 2623 enim
925 2557 1052 2622 fuit
1098 2558 1659 2640 committendum,
1714 2561 1788 2621 ut
1834 2558 1942 2621 ille
1989 2579 2066 2621 ex
2111 2557 2321 2643 Italia,

302 2648 676 2731 priusquam
749 2669 787 2711 a
858 2667 959 2710 me
1032 2650 1384 2710 conventus
1431 2649 1626 2731 esset,
1707 2645 2068 2711 discederet.
2178 2647 2321 2711 Hoc

302 2736 560 2817 dempto
621 2757 882 2799 munere
947 2734 1184 2798 amoris
1249 2738 1443 2817 atque
1510 2698 1717 2801 offi'oii.
1770 2735 2183 2821 sequebatur,
2246 2739 2321 2799 ut

302 2845 549 2887 mecum
596 2823 760 2906 ipse:

222 2957 277 2996 ao
429 2927 553 2993 “H
593 2926 768 3013 δεῦρ’
820 2928 978 3005 ὁδός
1024 2945 1131 2994 σοι
1177 2932 1248 2994 τί
1289 2929 1572 2993 δύναται
1613 2937 1764 3011 νῦν,
1809 2929 2206 3013 θεοπρόπε;’

303 3052 575 3117 Prorsus
629 3052 1014 3116 dissolutum
1073 3051 1310 3116 offendi
1354 3043 1684 3135 navigium
1730 3052 1833 3115 vel
1878 3053 2096 3135 potius
2143 3052 2322 3116 dissi-

305 3146 541 3225 patum.
615 3139 801 3204 Nihil
847 3141 1135 3227 consilio,
1177 3140 1346 3204 nihil
1381 3141 1649 3224 ratione,
1694 3140 1861 3204 nihil
1898 3141 2132 3204 ordine.
2198 3140 2322 3205 Ita·

307 3251 453 3314 que,
514 3230 639 3293 etsi
691 3251 771 3292 ne
827 3234 1014 3293 antea
1071 3194 1328 3313 qiiidem
1382 3228 1701 3314 dubitavi,
1762 3233 1978 3292 tamen
2030 3250 2201 3292 nunc
2249 3250 2320 3293 eo

304 3318 517 3382 minus
563 3318 814 3382 evolare
859 3306 1010 3382 hinc
1054 3317 1246 3402 idque
1292 3339 1485 3401 quam
1530 3317 1828 3402 primum,

223 3469 273 3509 ³5
328 3506 355 3517 Ι,
407 3441 569 3505 ‘ubi
619 3462 757 3505 nec
808 3439 1351 3592 Pelopidariuim
1405 3440 1610 3557 facta
1663 3461 1905 3523 neque
1961 3439 2234 3502 famam

1145 3552 1182 3593 a
1300 3551 1490 3593 iam.
2220 3553 2225 3558 ·
