2642 3923
332 204 418 268 34
971 203 1298 259 M.'1*ULL1
1334 202 1712 260 CICERONIS

267 366 293 409 ’1
333 348 648 449 praesidia
701 369 840 413 esse
895 338 1268 432 quaerenda.
1370 345 1597 431 Itaque
1661 345 1969 430 primum,
2027 367 2174 410 eum
2239 346 2352 429 qui

330 437 600 500 nimium
646 435 755 499 diu
801 436 878 501 de
923 435 1114 500 rebus
1158 436 1403 500 nostris
1449 438 1764 518 tacuerat,
1816 432 2193 517 Pompeium
2250 434 2352 498 ad-

331 524 482 588 duxi
529 525 599 587 in
643 545 782 587 eam
827 523 1254 608 voluntatem,
1298 528 1374 587 ut
1419 523 1489 587 in
1534 526 1759 587 senatu
1803 543 1938 586 non
1983 522 2196 606 semel,
2243 522 2353 586 sed

333 634 519 696 saepe
576 612 926 695 multisque
991 611 1203 677 verbis
1266 611 1460 676 huius
1525 610 1686 675 mihi
1760 610 2033 674 salutem
2097 610 2351 693 imperii

336 704 526 784 atque
573 700 749 765 orbis
796 705 1113 764 terrarum
1160 700 1565 784 adiudicarit3
1609 698 1782 782 quod
1817 719 1951 763 non
1986 702 2122 762 tam
2157 699 2351 763 inter-
2406 726 2432 765 ο

335 788 458 852 fuit
502 810 646 854 mea
689 785 924 874 (neque
969 789 1140 853 enim
1186 788 1336 853 illae
1380 810 1484 854 res
1531 792 1642 852 aut
1685 788 1779 850 ita
1826 790 1977 850 sunt
2024 787 2352 872 obscurae,

335 880 407 941 ut
452 876 924 962 testimonium,
978 881 1091 941 aut
1136 877 1231 941 ita
1274 876 1534 961 dubiae,
1592 880 1667 939 ut
1711 874 2144 940 laudationem
2191 875 2350 940 desi-

335 963 584 1050 derent)
623 986 815 1047 quam
853 965 946 1029 rei
982 965 1295 1049 publicae,
1332 965 1503 1048 quod
1539 968 1722 1029 erant
1759 963 2018 1046 quidam
2051 964 2352 1048 improbi,

337 1052 448 1136 qui
492 1053 967 1117 contentionem
1012 1053 1148 1117 fore
1196 1053 1476 1136 aliquam
1523 1052 1684 1116 mihi
1729 1073 1874 1116 cum
1918 1049 2224 1134 Pompeio
2271 1073 2349 1117 ex

336 1162 547 1204 rerum
615 1141 871 1205 illarum
943 1141 1338 1206 dissensione
1409 1140 1891 1206 arbitrarentur
2001 1136 2165 1204 Cum
2228 1139 2351 1205 hoc
2378 1165 2431 1204 ιο

337 1249 455 1328 ego
484 1251 587 1293 me
614 1232 795 1293 tanta
822 1229 1259 1293 familiaritate
1286 1228 1606 1312 coniunxi,
1642 1231 1717 1292 ut
1753 1231 2021 1312 uterque
2054 1232 2351 1293 nostrum

337 1317 403 1380 in
449 1339 566 1381 sua
608 1317 857 1381 ratione
910 1318 1223 1382 munitior
1281 1320 1347 1381 et
1392 1317 1462 1381 in
1504 1338 1575 1380 re
1619 1316 1877 1399 publica
1929 1316 2179 1380 firmior
2231 1316 2351 1381 hac

268 1423 299 1470 8
337 1405 782 1470 coniunctione
836 1426 975 1470 esse
1028 1405 1252 1488 possit.
1346 1403 1507 1469 Odia
1551 1409 1765 1468 autem
1812 1404 1925 1467 illa
1968 1404 2351 1470 libidinosae

338 1497 402 1558 et
447 1493 751 1557 delicatae
796 1493 1180 1577 iuventutis,
1234 1514 1398 1578 quae
1444 1496 1625 1556 erant
1668 1493 1736 1556 in
1780 1513 1884 1556 me
1928 1492 2213 1579 incitata,
2259 1494 2351 1557 sic

342 1582 636 1666 mitigata
697 1585 849 1645 sunt
911 1545 1214 1646 comitate
1280 1581 1551 1682 quadam
1616 1603 1785 1664 mea,
1846 1601 1949 1644 me
2010 1602 2211 1644 unum
2275 1588 2349 1646 ut
2379 1608 2429 1647 ιο

340 1691 558 1735 omnes
612 1669 711 1733 illi
764 1669 1002 1752 colant3
1074 1669 1240 1733 nihil
1293 1670 1422 1734 iam
1476 1669 1746 1752 denique
1801 1690 1840 1734 a
1893 1690 1997 1733 me
2051 1691 2351 1752 asperum

343 1760 406 1822 in
470 1778 853 1841 quemquam
917 1758 993 1822 fit
1054 1780 1171 1823 nec
1232 1762 1451 1822 tamen
1503 1758 1843 1857 quicquam
1906 1758 2216 1841 populare
2279 1780 2352 1823 ac

340 1846 746 1931 dissolutum,
803 1845 912 1910 sed
968 1846 1060 1910 ita
1114 1850 1470 1930 temperata
1520 1849 1662 1910 tota
1715 1845 1881 1910 ratio
1937 1849 2062 1928 est,
2124 1850 2199 1909 ut
2256 1847 2351 1910 rei

339 1935 627 2020 publicae
689 1934 1116 1999 constantiam
1178 1939 1524 2020 praestem,
1595 1934 1864 2017 privatis
1929 1934 2089 1999 meis
2153 1934 2347 2000 rebus

340 2028 597 2108 propter
651 2024 1093 2088 infirmitatem
1148 2024 1492 2108 bonorum,
1545 2023 1954 2106 imquitatem
2009 2023 2348 2088 malevolo·
2376 2050 2431 2089 so

340 2134 505 2194 rum,
571 2111 786 2176 odium
849 2112 919 2175 in
978 2134 1081 2176 me
1135 2111 1577 2194 improborum
1637 2110 1972 2175 adhibeam
2027 2112 2347 2195 quandam

338 2163 696 2264 cautionem
743 2203 808 2264 et
853 2199 1252 2285 diligentiam
1298 2203 1490 2283 atque
1536 2199 1654 2283 ita,
1708 2199 1967 2263 tametsi
2013 2198 2116 2263 his
2160 2199 2346 2265 novis

338 2288 633 2351 amicitiis
698 2287 1011 2371 implicati
1070 2309 1317 2373 sumus,
1374 2292 1448 2351 ut
1512 2288 1735 2352 crebro
1792 2287 1953 2351 mihi
2005 2288 2182 2352 vafer
2236 2288 2346 2353 ille

338 2374 587 2440 Siculus
634 2375 994 2441 insusurret
1038 2375 1462 2459 Epicharmus
1499 2376 1883 2440 cantilenam
1921 2376 2099 2440 illam
2137 2397 2347 2440 suam·

340 2501 556 2582 ’Νᾶφε
593 2496 703 2563 καὶ
729 2497 1005 2583 μέμνασ’
1039 2498 1367 2564 ἀπιστεῖν
1406 2500 1629 2584 ἄρθρα
1656 2508 1860 2563 ταῦτα
1888 2509 2011 2564 τᾶν
2038 2500 2345 2583 φρενῶν.’
2376 2525 2429 2565 25

344 2641 430 2703 Ac
483 2643 740 2704 nostrae
800 2640 1056 2723 quidem
1110 2639 1382 2704 rationis
1437 2661 1509 2704 ac
1563 2640 1731 2705 vitae
1791 2639 1976 2725 quasi
2029 2640 2351 2724 quandam

342 2729 625 2812 formam,
669 2732 744 2792 ut
789 2727 1035 2812 opinor,
1081 2728 1271 2792 vides.

268 2837 297 2880 s
430 2888 443 2902 ‚
467 2814 564 2880 De
618 2821 732 2881 tuo
790 2820 1005 2881 autem
1058 2815 1320 2900 negotio
1378 2837 1565 2901 saepe
1619 2815 1697 2880 ad
1740 2837 1844 2880 me
1890 2815 2134 2879 scribis.
2226 2813 2348 2881 Oui

340 2904 573 2968 mederi
633 2926 801 2969 nunc
857 2925 986 2968 non
1046 2926 1416 2989 possumus3
1479 2908 1578 2969 est
1631 2904 1801 2970 enim
1862 2904 2022 2967 illud
2086 2909 2346 2969 senatus

335 2993 701 3057 consultum
730 3014 980 3056 summa
1006 2992 1410 3076 pedariorum
1429 2993 1760 3056 voluntate
1781 2992 2020 3056 nullius
2049 2997 2347 3057 nostrum
2375 3019 2429 3059 so

336 3081 718 3145 auctoritate
775 3081 1031 3146 factum.
1122 3078 1318 3165 Nam,
1377 3080 1548 3165 quod
1593 3101 1695 3145 me
1750 3101 1890 3145 esse
1948 3080 2026 3145 ad
2072 3081 2349 3146 scriben-

337 3168 486 3233 dum
531 3168 733 3254 vides,
785 3191 861 3232 ex
908 3168 1048 3252 ipso
1096 3175 1358 3233 senatus
1405 3169 1700 3233 consulto
1745 3169 2116 3253 intellegere
2161 3173 2348 3253 potes

338 3256 525 3319 aliam
572 3278 707 3320 rem
751 3261 889 3320 tum
936 3257 1225 3340 relatam,
1270 3257 1395 3321 hoc
1441 3261 1656 3322 autem
1702 3257 1778 3320 de
1824 3257 2079 3340 populis
2125 3258 2348 3321 liberis

337 3344 474 3406 sine
528 3365 717 3408 causa
771 3344 1070 3408 additum.
1160 3344 1251 3408 Et
1303 3345 1398 3410 ita
1443 3345 1684 3409 factum
1730 3350 1829 3408 est
1876 3368 1913 3409 a
1957 3344 2023 3410 P.
2073 3343 2346 3410 Servilio

335 3431 498 3515 filio,
549 3433 659 3513 qui
705 3431 775 3495 in
818 3432 1160 3515 postremis
1206 3433 1589 3497 sententiam
1635 3433 1816 3517 dixit,
1864 3434 1974 3497 sed
2018 3434 2347 3498 immutari
2376 3461 2430 3502 ³5

334 3518 457 3582 hoc
500 3522 788 3601 tempore
832 3541 966 3583 non
1009 3523 1240 3599 potest.
1313 3518 1541 3605 Itaque
1588 3526 1958 3607 conventus,
2002 3521 2114 3605 qui
2159 3521 2348 3586 initio

1411 3783 1432 3858 (
