2642 3923
665 960 782 1044 Μ.
836 960 1219 1044 TULLI
1278 959 1959 1044 CICERONIS

557 1120 1324 1195 EPISTULARUM
1387 1120 1526 1194 AD
1589 1120 2075 1194 ATTIOUM

751 1274 1017 1340 LIBER
1061 1274 1435 1341 TERTIUS
1481 1274 1889 1342 DECIMUS.

1208 1437 1423 1449 —-

1289 1557 1339 1623 Ι.

252 1695 280 1739 ¹5
543 1732 548 1736 .
654 1678 767 1735 Ser.
796 1682 861 1734 in
902 1679 1212 1735 Pusculamo
1248 1678 1313 1733 X
1346 1679 1422 1734 K.
1450 1679 1580 1734 Iwn.
1619 1697 1670 1734 a.
1702 1682 1813 1736 709
1849 1682 1985 1748 (45).

1031 1800 1286 1857 CICERO
1324 1799 1604 1856 ATTICO.

443 1909 549 1976 Ad
613 1909 982 1977 Ciceronem
1055 1911 1148 1975 ita
1213 1909 1563 1995 scripsisti,
1610 1912 1708 1975 ut
1769 1930 1976 1995 neque
2041 1911 2322 1975 severius
2364 1927 2392 1976 ι

309 2021 519 2085 neque
588 2000 1004 2084 temperatius
1069 1999 1264 2064 scribi
1320 1999 1606 2083 potuerit
1659 2019 1776 2063 nec
1837 1999 2074 2084 magis,
2136 2021 2325 2084 quem

311 2089 393 2153 ad
444 2088 706 2153 modum
759 2109 879 2173 ego
932 2088 1207 2156 maxime
1259 2088 1517 2172 vellem3
1583 2086 2076 2171 prudentissime
2131 2088 2325 2152 etiam

231 2202 282 2241 ιο
311 2177 393 2241 ad
438 2176 704 2241 Tullios.
798 2174 1003 2252 Quare
1058 2180 1170 2239 aut
1224 2176 1352 2240 ista
1407 2175 1760 2261 proficient,
1805 2178 1919 2239 aut
1963 2175 2136 2239 aliud
2181 2197 2325 2261 aga·
2367 2248 2371 2252 ‚

308 2287 472 2330 mus.
570 2263 668 2329 De
731 2264 1000 2349 pecunia
1060 2286 1211 2329 vero
1270 2263 1454 2330 video
1520 2286 1559 2328 a
1623 2268 1689 2328 te
1751 2285 2005 2330 omnem
2063 2263 2326 2348 diligen·
2364 2282 2395 2330 2

307 2354 471 2418 tiam
526 2352 816 2417 adhiberi
868 2351 971 2417 vel
1027 2352 1248 2437 potius
1307 2352 1437 2417 iam
1496 2351 1851 2416 adhibitam
1897 2373 2052 2417 esse.
2144 2350 2328 2428 Quod

253 2455 257 2460 ’
311 2443 370 2507 si
414 2442 634 2527 efficis,
678 2464 717 2505 a
760 2444 827 2505 te
871 2439 1099 2506 hortos
1142 2440 1413 2505 habebo.
1496 2438 1632 2505 Nec
1675 2462 1826 2504 vero
1873 2440 2080 2505 ullum
2125 2461 2326 2525 genus

309 2529 739 2615 possessionis
787 2532 907 2616 est,
949 2529 1122 2613 quod
1164 2529 1405 2615 malim,
1450 2529 1725 2596 maxime
1771 2527 2012 2593 scilicet
2058 2529 2141 2593 ob
2188 2550 2330 2593 eam

225 2643 281 2684 ιε
310 2640 597 2704 causam,
651 2631 814 2701 quae
868 2621 1165 2700 suscepta
1219 2622 1344 2702 est3
1408 2617 1588 2681 cuius
1645 2618 2124 2682 festinationem
2168 2618 2329 2682 mihi

309 2706 512 2790 tollis,
558 2706 861 2790 quoniam
907 2706 985 2770 de
1030 2708 1272 2769 aestate
1317 2705 1640 2789 polliceris
1686 2704 1788 2769 vel
1823 2705 2042 2790 potius
2077 2706 2327 2791 recipis.

309 2793 559 2859 Deinde
622 2795 817 2858 etiam
881 2794 961 2857 ad
1021 2796 1425 2877 καταβίωσιν
1473 2793 1992 2878 maestitiamque
2043 2795 2329 2859 minuen-

310 2882 460 2947 dam
501 2882 668 2947 nihil
710 2882 872 2946 mihi
916 2882 1180 2970 reperiri
1224 2885 1442 2965 potest
1488 2881 1728 2966 aptius3
1793 2882 1973 2947 cuius
2018 2882 2112 2946 rei
2158 2882 2329 2966 cupi-

311 2970 484 3036 ditas
529 2971 805 3055 impellit
849 2992 952 3035 me
997 2970 1338 3055 interdum,
1383 2974 1458 3034 ut
1502 2974 1568 3034 te
1611 2969 1861 3036 hortari
1905 2971 2114 3035 velim.
2208 2969 2332 3034 Sed

218 3085 280 3124 20
311 3082 418 3124 me
454 3060 594 3142 ipse
628 3080 886 3145 revoc03
930 3080 1064 3124 non
1099 3059 1271 3123 enim
1307 3058 1555 3145 dubit0,
1591 3058 1766 3143 quin,
1804 3059 1976 3141 quod
2010 3080 2113 3123 me
2149 3058 2331 3123 valde

310 3147 477 3212 velle
521 3150 729 3231 putes,
770 3147 843 3212 in
886 3168 961 3212 eo
1004 3151 1080 3211 tu
1124 3168 1227 3211 me
1262 3146 1476 3230 ipsum
1512 3147 1861 3232 cupiditate
1897 3146 2131 3212 vincas.
2206 3144 2332 3211 Ita-

311 3257 439 3321 que
484 3234 653 3299 istuc
695 3236 826 3299 iam
871 3257 989 3319 pro
1034 3235 1205 3299 facto
1251 3234 1475 3299 habeo.

447 3322 800 3408 Exspect0‚
860 3323 1014 3407 quid
1058 3324 1203 3387 istis
1251 3324 1498 3407 placeat
1541 3321 1617 3387 de
1662 3322 1940 3406 epistula
1985 3320 2065 3386 ad
2108 3319 2332 3386 Caesa·
2369 3339 2401 3387 3

308 3433 467 3478 rem.
565 3410 785 3477 Nicias
845 3415 937 3497 te,
992 3415 1076 3476 *ut
1131 3411 1319 3475 debet
1329 3463 1347 3496 ,
1407 3414 1582 3475 amat
1636 3411 2167 3493 vehementerque
2219 3413 2335 3473 tua

213 3526 276 3567 85
309 3501 419 3566 sui
454 3501 763 3566 memoria
800 3500 1167 3564 delectatur.
1233 3499 1379 3584 Ego
1415 3520 1568 3564 vero
1605 3498 2001 3564 Peducaeum
2036 3501 2334 3561 nostrum
