2642 3923
630 189 1142 264 EPISTULARUM
1179 188 1277 242 AD
1317 187 1642 242 ATTICUM
1678 188 1781 241 XII
1818 193 2046 242 48—52.
2223 186 2350 251 391

1291 417 1395 484 LI.

627 543 740 600 Ser.
770 544 836 597 in
879 542 1190 596 Tusculano
1229 541 1405 596 XIII
1432 541 1507 596 K.
1536 542 1667 595 Iun.
1698 558 1750 596 a.
1782 543 1893 597 709
1931 545 2069 609 (45).

939 664 1229 720 CICERO
1262 663 1554 720 ATTICO
1590 662 1755 719 SAL.

465 774 768 839 Tironem
812 772 1018 838 habeo
1067 774 1276 856 citius,
1326 795 1518 858 quam
1562 772 1842 837 verebar.
1922 771 2122 838 Venit
2157 773 2354 837 etiam
2393 790 2419 836 1

281 889 307 930 ο
333 862 582 949 Nicias,
646 866 711 927 et
763 860 1097 926 Valerium
1157 860 1350 926 hodie
1413 861 1749 926 audiebam
1803 882 1942 925 esse
1994 865 2353 925 venturum.

335 951 638 1029 Quamvis
684 950 874 1015 multi
921 951 1082 1036 sint,
1132 951 1343 1034 magis
1389 954 1606 1014 tamen
1651 970 1759 1014 ero
1807 950 2004 1036 solus,
2059 970 2253 1033 quam
2299 949 2356 1013 si

333 1063 499 1105 unus
556 1060 744 1103 esses.
837 1036 961 1103 Sed
1017 1043 1314 1121 exspecto
1374 1042 1466 1123 te,
1522 1061 1560 1102 a
1603 1035 1929 1103 Peducaeo
1976 1037 2227 1122 utique,
2280 1045 2355 1101 tu

336 1133 549 1193 autem
588 1127 911 1211 significas
950 1127 1193 1211 aliquid
1231 1128 1426 1191 etiam
1463 1130 1628 1190 ante.
1699 1124 1944 1190 Verum
1979 1126 2047 1189 id
2083 1126 2357 1210 quidem,

334 1221 408 1281 ut
453 1217 713 1300 poteris,

255 1332 307 1371 ιο
464 1303 565 1369 De
615 1302 935 1389 Vergilio,
997 1307 1073 1367 ut
1127 1303 1372 1368 scribis,
1463 1301 1605 1368 Hoc
1657 1307 1874 1367 tamen
1926 1302 2121 1368 velim
2176 1303 2354 1386 scire,
2392 1317 2424 1365 2

334 1394 589 1478 quando
656 1393 885 1457 auctio.
984 1391 1356 1476 Epistulam
1414 1391 1493 1455 ad
1548 1389 1885 1456 Gaesarem
1938 1391 2115 1456 mitti
2167 1391 2352 1455 video

334 1482 458 1546 tibi
520 1482 785 1565 placere.
887 1478 1052 1555 Quid
1116 1479 1413 1564 quaeris?
1485 1479 1648 1542 mihi
1704 1501 1958 1564 quoque
2010 1479 2133 1544 hoc
2183 1479 2355 1543 idem

334 1571 609 1634 maxime
654 1568 896 1651 placuit
943 1572 1009 1632 et
1054 1589 1128 1633 eo
1174 1568 1399 1652 magiS,
1445 1568 1617 1651 quod
1659 1568 1825 1631 nihil
1870 1571 1969 1631 est
2013 1569 2082 1631 in
2120 1589 2193 1631 ea
2226 1567 2355 1632 nisi

337 1657 565 1741 optimi
621 1656 806 1741 civis,
861 1657 971 1720 sed
1014 1657 1109 1719 ita
1155 1656 1414 1741 optimi,
1465 1659 1541 1720 ut
1585 1660 1903 1740 tempora3
1968 1657 2202 1740 quibus
2248 1679 2356 1740 pa-

256 1770 308 1811 15
334 1766 473 1809 rere
528 1766 747 1809 omnes
800 1742 1127 1810 πολιτικοὶ
1182 1743 1597 1827 praecipiunt.
1691 1742 1814 1807 Sed
1861 1744 1984 1808 scis
2028 1745 2122 1807 ita
2164 1743 2355 1809 nobis

338 1855 477 1897 esse
520 1834 759 1918 visum,
815 1837 890 1896 ut
934 1832 1047 1896 isti
1094 1836 1241 1896 ante
1285 1832 1590 1916 legerent.
1681 1831 1781 1896 Tu
1824 1832 2026 1916 igitur
2070 1832 2136 1896 id
2181 1854 2357 1897 cura-

335 1921 454 1987 bis.
547 1919 698 2007 Sed,
758 1921 886 1985 nisi
940 1921 1128 2006 plane
1181 1920 1263 1985 iis
1320 1920 1655 2005 intelleges
1710 1920 1956 2004 placere
1969 1974 1986 2007 ,
2042 1920 2356 1986 mittenda

334 2032 467 2076 non
511 2014 624 2075 est.
706 2007 781 2074 Id
827 2014 1043 2074 autem
1087 2014 1306 2073 utrum
1353 2009 1451 2072 illi
1499 2009 1780 2074 sentiant
1826 2031 1989 2073 anne
2034 2010 2355 2096 simulent,

335 2104 411 2164 tu
453 2098 807 2184 intelleges,
898 2097 1061 2162 Mihi
1116 2098 1446 2163 simulatio
1493 2119 1611 2181 pro
1657 2097 2099 2182 repudiatione
2142 2099 2353 2163 fuerit.

257 2214 308 2252 so
346 2191 555 2253 Τοῦτο
602 2183 677 2252 δὲ
722 2189 1010 2273 μηλώσῃ.

468 2273 567 2340 De
603 2273 913 2339 Caerellia
956 2275 1112 2359 quid
1148 2275 1270 2338 tibi
1308 2275 1609 2360 placeret,
1653 2273 1807 2338 Tiro
1845 2274 2006 2338 mihi
2041 2276 2354 2359 narravit3
2392 2290 2423 2338 3

338 2363 565 2428 debere
616 2385 749 2428 non
805 2385 943 2429 esse
999 2363 1337 2448 dignitatis
1392 2384 1598 2446 meae,
1654 2364 2186 2447 perscriptionem
2230 2364 2354 2428 tibi

337 2452 609 2536 placere:

338 2574 534 2641 ‘Hoc
593 2576 961 2661 metuere,
1027 2573 1355 2638 alterum
1420 2572 1499 2638 1‘n
1559 2578 1763 2639 metu
1826 2595 1975 2639 non
2028 2577 2355 2659 ponere?

258 2740 309 2782 26
338 2714 463 2781 Sed
522 2722 587 2780 et
630 2715 787 2780 haec
834 2719 898 2781 et
943 2715 1148 2779 multa
1194 2715 1319 2779 alia
1366 2715 1625 2779 coramq
1690 2713 2076 2780 Sustinenda
2120 2720 2355 2803 tamen,

338 2805 395 2869 si
438 2805 562 2869 tibi
606 2804 948 2887 videbitur,
995 2803 1232 2868 solutio
1280 2808 1379 2867 est
1422 2803 1703 2867 nominis
1762 2801 2156 2891 Caerelliani,
2203 2806 2354 2870 dum

339 2897 404 2957 et
449 2893 526 2957 de
570 2892 831 2956 Metone
879 2896 944 2956 et
988 2892 1064 2956 de
1111 2890 1384 2956 Faberio
1433 2891 1722 2955 sciamus,

1282 3064 1416 3131 LII.

650 3188 764 3245 Scr.
793 3190 858 3244 in
899 3189 1214 3243 Tusculano
1251 3188 1390 3242 XII
1421 3188 1493 3243 K.
1522 3190 1652 3244 Iun.
1682 3207 1734 3244 α.
1768 3194 1878 3245 709
1919 3193 2054 3259 (45).

257 3325 310 3365 30
944 3311 1232 3367 CICERO
1265 3312 1558 3367 ATTICO
1594 3314 1758 3369 SAL.

470 3420 538 3486 L.
568 3421 851 3486 Tullium
890 3420 1271 3484 Montanum
1308 3421 1510 3505 nosti3
1548 3422 1658 3504 qui
1696 3443 1840 3485 cum
1870 3418 2174 3484 Cicerone
2211 3443 2355 3505 pro·
2394 3437 2421 3485 1

336 3511 541 3576 fectus
598 3513 710 3574 est.
802 3508 908 3572 Ab
963 3510 1098 3573 eius
1146 3509 1388 3573 sororis
1436 3509 1573 3573 viro
1619 3509 1869 3573 litteras
1917 3508 2129 3590 accepi
2174 3508 2353 3572 Mon·
