2642 3923
348 197 477 263 398
1027 200 1097 254 M,
1134 200 1349 255 TULLI
1385 200 1761 256 CICERONIS

1288 431 1434 497 VIL

695 552 809 609 Ser.
837 555 903 608 ὑι
944 553 1256 609 Tusculano
1301 552 1356 607 V
1385 553 1472 608 Id.
1502 554 1632 608 Iwn.
1662 570 1714 608 a.
1746 555 1857 609 709
1893 557 2034 622 (45).

957 675 1246 732 CICERO
1280 675 1573 732 ATTICO
1609 675 1776 733 SAL.

262 798 324 852 (ι)
484 784 732 851 Sestius
793 783 962 868 apud
1006 806 1109 850 me
1153 785 1282 848 fuit
1328 788 1393 849 et
1439 784 1894 870 Theopompus
1939 786 2162 870 pridie.
2252 785 2376 851 Ve-

350 873 521 938 nisse
587 896 625 938 a
670 870 938 937 Caesare
995 873 1302 937 narrabat
1357 872 1640 958 litteras3
1705 873 1828 938 hoc
1884 873 2189 960 scribere,
2249 876 2375 940 sibi
2432 900 2458 940 ⁵

351 966 599 1027 certum
643 983 779 1026 esse
823 960 1067 1026 Romae
1111 981 1385 1046 manere,
1430 983 1812 1047 causamque
1859 984 1999 1027 eam
2042 963 2376 1050 ascribere,

355 1072 517 1135 quae
563 1054 701 1114 erat
745 1050 816 1114 in
861 1049 1139 1134 epistula
1182 1054 1427 1136 nostra,
1467 1072 1549 1114 ne
1596 1071 1666 1115 se
1712 1050 1978 1116 absente
2012 1051 2188 1138 leges
2226 1074 2378 1117 suae

352 1138 863 1225 neglegerentur,
909 1138 1075 1202 sicut
1122 1142 1289 1203 esset
1333 1138 1629 1224 neglecta
1674 1140 2075 1224 sumptuaria
2111 1138 2240 1227 (est
2276 1142 2380 1207 εὔ-

354 1232 579 1309 λογον,
625 1227 816 1310 idque
862 1248 1035 1291 eram
1082 1227 1461 1311 suspicatus.
1529 1226 1652 1292 Sed
1697 1228 1845 1305 istis
1879 1250 2023 1293 mos
2060 1229 2376 1314 gerendus

354 1321 455 1380 est
526 1315 653 1379 nisi
709 1315 919 1399 placet
966 1315 1132 1379 hanc
1179 1315 1388 1398 ipsam
1434 1316 1818 1380 sententiam
1862 1337 1982 1381 nos
2032 1317 2378 1403 persequi),
2406 1343 2460 1382 ιο

356 1406 420 1467 et
455 1369 802 1467 laentulum
838 1424 983 1467 cum
1009 1402 1271 1469 Metella
1307 1407 1478 1468 certe
1514 1404 1737 1468 fecisse
1774 1404 2138 1470 divortium.
2198 1405 2378 1471 Haec

355 1492 568 1556 omnia
629 1496 705 1555 tu
767 1491 1013 1555 melius.
1121 1490 1459 1556 Rescribes
1519 1493 1749 1578 igitur,
1813 1494 2117 1578 quicquid
2178 1494 2376 1580 voles,

352 1580 504 1644 dum
556 1578 745 1644 modo
802 1579 1058 1661 aliquid.
1156 1577 1294 1644 Iam
1349 1581 1519 1644 enim
1576 1602 1710 1645 non
1762 1582 2040 1666 reperio,
2099 1583 2255 1666 quid
2306 1588 2375 1648 te

352 1668 814 1752 rescripturum
856 1673 1111 1754 putem,
1164 1669 1293 1732 nisi
1339 1668 1508 1733 forte
1555 1669 1631 1733 de
1675 1669 1975 1754 Mustela,
2018 1673 2130 1734 aut
2175 1671 2232 1735 si
2278 1669 2377 1736 Si-

351 1756 513 1821 lium
556 1756 809 1821 videris
2408 1785 2459 1825 15

1261 1914 1454 1982 VHa.

679 2036 793 2093 Ser.
821 2039 887 2092 in
926 2037 1239 2093 Tusculano
1275 2037 1375 2091 IV
1403 2038 1490 2092 Id.
1520 2038 1648 2092 Ium.
1679 2056 1730 2093 a.
1763 2040 1876 2093 709
1913 2042 2049 2107 (45).

955 2160 1245 2216 CICERO
1279 2160 1571 2216 ATTICO
1608 2161 1773 2217 SAL.

139 2286 245 2336 (vn
274 2286 317 2336 2)
486 2269 730 2335 Brutus
775 2269 916 2334 heri
960 2269 1138 2334 venit
1182 2269 1253 2334 in
1286 2269 1721 2335 Tusculanum
1763 2275 1914 2354 post
1948 2270 2177 2337 horam
2212 2272 2377 2337 deci—

314 2382 516 2424 .nam.
608 2357 818 2423 Hodie
861 2358 1065 2442 igitur
1107 2379 1210 2421 me
1253 2357 1517 2442 videbit,
1567 2380 1639 2423 ac
1683 2358 1913 2423 veHem
1959 2363 2101 2423 tum
2145 2364 2220 2425 tu
2265 2361 2373 2425 ad·
2401 2389 2455 2428 κο

354 2470 542 2513 esses.
623 2445 795 2511 Iussi
853 2446 1145 2531 equidem
1192 2446 1249 2509 ei
1294 2447 1584 2511 nuntiari
1628 2450 1719 2533 te,
1774 2447 1999 2530 quoad.
2029 2449 2375 2535 potuisses,

352 2539 754 2619 exspectasse
808 2534 947 2597 eius
1000 2534 1347 2599 adventum
1400 2539 1897 2621 venturumque,
1956 2536 2013 2599 si
2067 2536 2378 2625 audisses,

352 2645 598 2710 meque,
641 2626 716 2686 ut
760 2621 945 2706 faci0,
1003 2623 1309 2687 continuo
1356 2627 1421 2687 te
1467 2623 1804 2688 certiorem
1850 2645 1989 2688 esse
2035 2624 2372 2691 facturum.

1271 2814 1449 2880 VIH.

670 2937 785 2994 ser.
821 2938 887 2992 im
924 2937 1238 2992 Tusculano
1283 2938 1376 2992 VI
1401 2938 1875 2993 Ia.1wn.a.709
1911 2941 2051 3007 (45).
2401 2954 2455 2992 ει,

958 3059 1247 3115 CICERO
1282 3060 1574 3116 ATTICO
1609 3060 1774 3116 SAL.

485 3171 684 3237 Plane
724 3169 892 3235 nihil
927 3173 1081 3256 erat,
1128 3168 1301 3254 quod
1338 3170 1418 3233 ad
1452 3173 1519 3234 te
1556 3170 1924 3256 scriberem3
1970 3171 2161 3236 modo
2200 3172 2373 3237 enim

355 3260 734 3325 discesseras
789 3261 855 3323 et
908 3257 1102 3342 paulo
1164 3262 1313 3341 post
1367 3258 1643 3341 triplicis
1711 3260 2065 3324 remiseras.
2156 3258 2371 3326 Velim

355 3370 536 3414 cures
589 3346 964 3412 fasciculum
1022 3346 1104 3410 ad
1147 3346 1521 3411 Vestorium
1566 3346 1972 3412 deferendum
2017 3352 2084 3412 et
2129 3349 2374 3433 aliquoi

357 3437 464 3500 des
520 3436 882 3520 negotium,
947 3434 1060 3518 qui
1158 3438 1408 3520 uaerat,
1471 3433 1541 3510 Q.
1608 3433 1864 3501 Staberi
1919 3437 2155 3501 fundus
2213 3458 2377 3502 num
2405 3466 2463 3507 so

355 3522 501 3606 quis
564 3523 635 3587 in
686 3520 1075 3605 Pompeiano
1199 3521 1458 3588 olanove
1520 3524 1762 3588 venalis
1819 3525 1922 3590 sit.
2022 3524 2378 3609 Epitomen
