2642 3923
345 189 670 246 CXXXVIII
990 190 1412 245 ADNOTATIO
1451 189 1735 246 CRITICA

343 332 575 385 mendat
626 330 784 386 Koch
836 347 1021 401 progr.
1080 331 1331 385 Portens.
1365 336 1500 385 1861
1538 349 1590 401 p.
1625 336 1694 385 30
1713 374 1727 398 ,
1783 332 2082 401 tutelaeque
2134 331 2366 403 Madvig

346 402 483 456 Adv.
513 401 591 455 111
616 419 669 471 p.
702 407 823 456 191.
862 432 928 443 —
970 407 999 454 7
1037 402 1102 457 de
1139 419 1203 457 ea
1236 419 1295 456 re
1330 418 1432 471 pro
1469 403 1604 456 dare
1632 402 1849 470 Rosius,
1886 401 2120 472 Tyrrell,
2157 404 2366 468 adferet

348 476 447 527 sut
488 473 554 526 de
597 490 662 527 ea
705 489 764 527 re
809 473 1017 539 adferet
1072 471 1212 525 coni.
1261 471 1551 539 Wesenb.,
1607 472 1817 527 Debet
1859 475 1942 527 αῖ·
1974 475 2076 527 uid
2118 503 2190 516 -
2233 475 2366 528 dare

346 542 575 625 Madvig
601 543 737 597 Adv.
759 542 906 613 ῙΠΡ.
931 549 1029 596 191
1052 542 1207 613 prob.
1238 542 1408 610 Boot3
1445 544 1690 597 dederit?
1715 574 1787 585 —
1814 548 1846 597 9
1873 560 1922 598 ν.
1993 586 2004 597 .
2027 543 2089 598 Ε.
2111 542 2366 598 Schmidt

346 612 613 668 Fleckels.
645 619 934 668 ann.1884
970 631 1023 682 p.
1042 619 1163 680 344,
1199 616 1253 668 2.
1273 614 1404 668 oder
1440 616 1490 669 3.
1509 613 1654 668 Jum'
1689 614 1869 668 Ruete
1907 614 2040 668 diss.
2078 613 2362 685 Marburg.

349 689 485 738 1883
522 702 575 754 p.
608 689 656 750 8,
690 682 908 752 Tyrrell
937 699 1020 754 ep.
1054 690 1169 737 742.
1202 715 1271 725 --
1300 689 1369 738 15
1398 685 1715 754 leyatoriam
1743 684 1863 738 sine
1892 700 2055 739 cruce
2083 684 2363 753 Wesenb.,

347 755 490 815 Boot
526 755 689 824 (coni.
727 772 809 809 nu
844 757 1125 824 ateriam),
1180 753 1413 823 Tyrrell.
1471 785 1542 797 -
1595 754 1668 808 Π).
1713 755 1878 825 atqui
1912 753 2174 810 Wesenb.
2204 756 2361 810 tacit.

347 825 583 879 fortasse
610 825 796 895 impru
837 841 961 892 ens;
991 825 1066 878 ad
1091 843 1145 895 p.
1159 829 1305 880 30.8.
1328 856 1397 866 -
1426 829 1494 878 20
1524 827 1880 896 longinquum
1905 827 2020 880 iam
2045 826 2364 880 Lanuvium

347 897 654 950 existimavi
682 894 1005 963 eoni.Wes.,
1040 896 1470 967 lonqinquiorem
1487 894 1747 950 Lanuvio
1775 898 2108 953 existimaris
2126 895 2361 951 Gronov.

344 966 500 1035 prob.
522 966 688 1033 Boot3
720 967 1150 1037 lonqinquiorem
1176 983 1340 1034 quam
1360 966 1506 1021 Lan.
1527 967 1866 1021 existimari?
1885 996 1955 1008 —
1983 972 2051 1021 23
2071 966 2177 1021 Dii
2204 967 2362 1021 Boot.

347 1036 437 1089 Ad
462 1054 516 1106 p.
530 1041 746 1091 460.1⁷.
767 1067 839 1079 -
866 1043 935 1090 24
963 1040 1059 1106 qui
1076 1036 1359 1103 Wesenb.,
1388 1036 1545 1091 Boot.
1584 1036 1675 1090 Ad
1701 1054 1755 1106 p.
1767 1043 1853 1091 40.
1865 1042 1950 1091 30.
1971 1068 2042 1079 -
2070 1043 2137 1091 26
2165 1038 2240 1092 de
2265 1045 2365 1092 tua

347 1105 600 1173 Schuetz,
628 1105 798 1175 Wes.,
829 1107 973 1162 Boot
988 1106 1152 1174 falso,
1181 1107 1364 1162 eredo.
1417 1106 1612 1161 ‘Recte
1631 1107 1839 1161 vidisse
1857 1106 2234 1177 Mongaltium
2251 1125 2363 1162 non

350 1177 444 1247 agi
473 1177 543 1230 de
578 1177 633 1231 le
676 1177 863 1232 atione
900 1178 1090 1232 votiva
1126 1180 1226 1231 aut
1259 1177 1459 1244 libera,
1488 1177 1586 1232 sed
1618 1177 1687 1231 de
1714 1177 1918 1232 itinere
1944 1177 2255 1232 Lanuvium
2291 1179 2365 1232 ad

347 1247 583 1301 meum
654 1248 910 1302 sciendo’
959 1251 1110 1302 recte
1155 1247 1301 1301 vidit
1343 1247 1490 1303 Boot
1531 1251 1591 1302 et
1635 1250 1826 1303 tamen
1870 1251 2046 1319 negat
2077 1249 2363 1319 praeposi-

347 1318 557 1372 tionem
596 1318 795 1372 ‘videri
832 1319 1028 1373 abesse
1065 1319 1269 1388 posse'.
1308 1349 1379 1359 —
1417 1323 1483 1372 27
1513 1319 1937 1374 οοποαίαωάωη
1974 1320 2114 1373 coni.
2143 1318 2303 1374 Boot.
2345 1321 2366 1392 n

420 1389 489 1443 P.
510 1388 646 1444 474.
670 1395 701 1442 2
740 1407 788 1443 v.
818 1389 1000 1444 Ruebe
1038 1389 1170 1442 diss.
1199 1387 1484 1459 Mal-burg.
1509 1394 1646 1442 1883
1727 1432 1738 1443 .
1770 1395 1820 1455 8,
1867 1388 2085 1458 'I'yrrell
2122 1406 2207 1459 ep.
2243 1395 2364 1457 743,

347 1464 397 1514 5.
434 1459 579 1514 me·
614 1460 835 1514 Abends
880 1460 1009 1514 oder
1055 1464 1105 1514 6.
1140 1460 1275 1526 frah
1311 1457 1373 1512 Ο.
1393 1458 1456 1512 Ε.
1486 1458 1674 1513 Sehmi
1715 1463 1742 1514 t
1784 1458 2053 1514 Fleckeis.
2077 1477 2202 1514 ann.
2227 1466 2364 1515 1884

347 1548 400 1599 p.
431 1536 561 1597 344,
611 1531 761 1585 Non.
816 1531 945 1584 Iun.
1001 1529 1209 1596 Baiter,
1264 1528 1526 1583 Wesenb.
1583 1560 1654 1571 —
1710 1536 1777 1583 14
1824 1548 2049 1599 possem
2100 1530 2361 1585 Wesenb.

346 1600 543 1655 mirab.
582 1631 653 1641 —
710 1606 777 1655 21
816 1617 864 1655 v.
894 1600 1073 1654 Enete
1112 1599 1243 1653 diss.
1274 1599 1505 1653 Marbur
1548 1604 1719 1654 ,1883
1756 1619 1810 1671 p.
1841 1605 1890 1668 8,
1930 1599 1987 1656 O.
2008 1601 2070 1655 E.
2110 1601 2366 1656 Schmidt

349 1669 618 1725 Fleckeis.
651 1686 777 1725 ann.
810 1675 950 1725 1884
1028 1674 1286 1738 ,34401.,
1324 1669 1499 1739 Tyrre
1573 1686 1659 1740 ep.
1678 1676 1797 1739 744,
1835 1671 2125 1726 Andresen
2152 1687 2237 1743 ep.
2261 1673 2358 1726 sel.

347 1740 397 1793 V
426 1747 476 1810 5,
524 1742 578 1796 V
604 1742 692 1796 Id.
730 1741 925 1795 Baiter
1070 1740 1256 1795 esenb.
1303 1771 1375 1782 —
1420 1748 1486 1794 25
1534 1743 1726 1796 aderat
1769 1745 1933 1796 etiam
1979 1742 2268 1798 Favonius
2303 1744 2363 1797 in

348 1812 602 1881 parenth.
640 1812 849 1880 Baiter,
896 1784 1178 1879 Wesenb.,
1215 1812 1385 1879 Boot,
1420 1811 1725 1866 Andresen.
1799 1811 1889 1866 Ad
1924 1819 2201 1882 Ρ.·16.14.
2346 1814 2365 1886 Η

418 1883 488 1937 P.
519 1881 656 1937 475.
684 1889 719 1936 4
759 1881 1138 1952 ‘placeretne?'
1184 1882 1515 1937 ‘Placeret
1550 1889 1708 1951 atque
1743 1881 2022 1949 Wesenb.,
2056 1883 2201 1939 Boot
2235 1883 2361 1938 fals.

349 1952 411 2008 V.
460 1953 630 2008 Hand
665 1951 821 2009 Turs.
862 1953 888 2007 1
955 1998 965 2008 .
996 1959 1131 2021 467,
1168 1952 1379 2008 Lorenz
1414 1952 1596 2007 Plaut.
1636 1953 1836 2008 Pseud.
1879 1959 1978 2008 718
2017 1954 2164 2023 (add.
2205 1954 2359 2010 Asin.

347 2030 469 2093 482,
521 2021 677 2080 Cure.
716 2029 847 2092 571,
902 1972 1066 2095 ἒΡίᾱ.
1097 2030 1192 2092 30,
1250 2023 1402 2078 Trin.
1425 2030 1555 2091 941,
1612 2030 1715 2078 965
1764 2027 1914 2094 θοὴ),
1960 2024 2250 2078 Andresen
2290 2027 2364 2079 ad

347 2095 401 2150 h.
430 2093 468 2150 l.
524 2125 594 2137 —
651 2101 682 2149 9
728 2103 888 2165 atque
932 2126 1002 2136 —
1047 2098 1282 2149 maxime
1325 2094 1386 2148 in
1430 2094 1686 2164 parenth.
1724 2095 1942 2163 Baiter,
1997 2094 2361 2166 Wesenberg,

302 2209 307 2213 .
351 2173 414 2219 12
436 2182 517 2234 sq.
554 2182 652 2221 nec
706 2196 773 2207 —
824 2182 1004 2221 omnes
1037 2167 1269 2219 recentt.
1301 2181 1506 2219 omnes.
1564 2164 1655 2218 Ad
1689 2170 1955 2235 Ρ.16.14.
2001 2196 2073 2206 -
2118 2171 2185 2218 22
2230 2168 2363 2222 velle

346 2254 401 2292 se
445 2237 668 2291 dixerat
718 2236 936 2303 Baiter,
987 2236 1047 2289 in
1105 2235 1362 2306 parenth.
1401 2236 1548 2289 Boot
1601 2236 1742 2291 coni.
1783 2234 2078 2290 ‘excidisse
2128 2235 2364 2291 Romam

350 2309 450 2361 aut
483 2309 548 2361 in
581 2308 809 2374 urbem',
845 2306 1049 2361 Mnem.
1081 2311 1217 2360 1892
1254 2323 1308 2375 Ρ.
1334 2312 1434 2359 125
1470 2307 1710 2360 sermone
1742 2323 1796 2361 se
1833 2306 2039 2361 Romae
2072 2308 2204 2362 velle
2239 2324 2362 2372 esse,

346 2378 476 2431 velle
529 2377 691 2448 †esse
742 2377 962 2432 dixerat
1011 2376 1071 2430 in
1126 2376 1382 2446 parenth.
1422 2375 1683 2430 Wesenb.
1751 2377 1849 2447 (sd
1900 2394 1955 2447 Ρ.
1987 2381 2199 2448 16.14),
2257 2396 2364 2448 quo

349 2448 555 2502 Romae
597 2449 729 2503 velle
771 2464 879 2503 esse
922 2450 1140 2502 dixerat
1184 2447 1426 2516 Tyrrell,
1477 2449 1560 2502 vel
1602 2448 1777 2502 solum
1819 2450 1889 2516 (v.
1935 2449 2018 2503 vel
2063 2465 2185 2503 eum.
2221 2451 2364 2503 vitae

343 2519 607 2588 periculo)
651 2517 858 2574 Romae
900 2533 956 2574 se
998 2518 1130 2574 velle
1172 2516 1461 2571 Lehmann
1508 2517 1660 2587 apud
1702 2517 1936 2571 Andres.
1977 2519 2067 2588 (ef.
2108 2517 2358 2583 Quaestt.

347 2608 399 2659 p.
433 2594 534 2643 129
556 2592 674 2659 sq.).
723 2619 794 2630 —
840 2595 908 2643 25
939 2595 1157 2658 praeter
1192 2589 1528 2643 conscientia
1564 2605 1691 2643 mea
1726 2586 1786 2640 M
1822 2588 2005 2656 solus,
2041 2589 2197 2646 Boot.
2271 2589 2363 2641 Ad

348 2679 400 2730 p.
422 2666 504 2714 54.
529 2666 610 2714 15.
641 2691 711 2701 -
748 2664 816 2714 30
878 2658 1018 2730 νῦν]
1045 2656 1253 2713 Cobebo
1283 2661 1509 2712 auctore
1536 2658 1901 2713 Mnem.1880
1926 2676 1981 2729 Ρ.
2003 2665 2106 2713 200
2133 2660 2287 2713 Boot.

418 2731 489 2785 P.
511 2731 645 2785 476.
669 2737 697 2784 1
751 2730 827 2786 Se
907 2731 1038 2784 heus
1072 2744 1262 2783 omnes
1299 2728 1445 2796 edd„
1500 2729 1673 2782 etiam
1708 2728 1928 2796 Tyrrell
1962 2733 2022 2783 et
2055 2729 2359 2785 Andresen.

349 2801 437 2855 Ad
472 2818 526 2870 p.
559 2806 677 2855 168.
709 2806 791 2855 14.
839 2830 908 2841 -
954 2806 986 2854 5
1023 2801 1112 2855 dis
1144 2800 1344 2855 solvere
1387 2798 1520 2853 Pius
1568 2801 1626 2853 et
1669 2799 1867 2853 Bootio
1905 2801 2011 2869 (erl.
2050 2800 2096 2870 Ι)
2135 2804 2361 2855 auctore

348 2871 552 2925 Baiter.
617 2869 683 2925 V.
713 2871 859 2925 Boot
892 2869 1114 2925 ObserV.
1145 2888 1197 2939 Ρ.
1220 2876 1304 2924 61.
1346 2900 1417 2911 --
1455 2876 1522 2924 13
1551 2869 1610 2924 Ο.
1634 2869 1695 2923 Ε.
1728 2870 1982 2923 Schmidt
2016 2870 2359 2925 Fleckeisen.

350 2959 477 2996 ann.
500 2946 638 2995 1884
672 2958 728 3010 Ρ.
750 2946 854 2995 345
894 2946 943 2995 9.
962 2942 1106 2996 Juni
1140 2942 1361 2995 Abends
1397 2942 1525 2995 oder
1561 2946 1647 2994 10.
1668 2943 1815 3008 trith,
1853 2942 2065 2995 Astwra
2100 2947 2189 2995 10.
2219 2943 2366 2996 ani

348 3013 528 3067 Ruete
574 3011 700 3065 diss.
737 3010 898 3065 Marb
947 3017 1083 3066 1883
1121 3029 1174 3081 p.
1197 3016 1256 3079 8,
1301 3014 1540 3077 Aetnam
1594 3011 1742 3066 June
1770 3017 1842 3066 10
1878 3009 2094 3080 Tyrrell
2131 3027 2216 3080 ep.
2241 3018 2361 3080 745,

348 3086 410 3136 in
445 3082 669 3136 Antiati
703 3082 816 3136 ΠΙ
842 3082 930 3136 Id.
958 3083 1088 3137 Ium.
1119 3081 1336 3149 Baiter,
1382 3083 1445 3134 in
1483 3082 1708 3136 Antiati
1743 3098 1915 3136 mense
1949 3082 2119 3135 Iunio
2149 3084 2363 3151 (paullo

342 3159 467 3222 post
522 3152 576 3206 V
606 3152 719 3221 Id.)
769 3150 1130 3223 Wesenberg.
1212 3183 1282 3193 —
1363 3158 1430 3206 22
1488 3151 1684 3221 σεμνός
1738 3151 1980 3221 Tyrrell,
2039 3162 2249 3220 σεμνῶς
2305 3151 2361 3218 C,

350 3224 580 3278 CMNOC
626 3222 698 3276 M.
765 3253 836 3264 —
900 3229 969 3277 24
1013 3224 1096 3278 ait
1139 3222 1325 3276 Moser
1408 3238 1551 3292 rogr.
1591 3222 1721 3276 UIm
1751 3229 1885 3277 1851
1935 3241 1987 3292 p.
2012 3228 2104 3288 17,
2151 3223 2361 3289 Baiter,

347 3294 514 3360 Boot,
568 3292 802 3361 Tyrrell,
848 3301 1026 3348 autem
1073 3294 1259 3361 codd„
1387 3293 1571 3346 esenb.
1621 3325 1690 3334 —
1735 3298 1802 3346 27
1853 3294 2045 3348 iisdem
2079 3292 2360 3360 Wesenb.,

347 3366 550 3418 hisdem
586 3363 646 3416 M
680 3366 747 3418 uf,
781 3380 829 3418 V.
852 3369 919 3417 25
955 3366 1064 3431 his,
1103 3365 1296 3418 eisdem
1341 3363 1508 3431 Boot,
1555 3362 1789 3453 Tyrrell.
1864 3364 1954 3417 Ad
1988 3382 2041 3434 p.
2063 3368 2252 3417 37.37.
2292 3395 2362 3403 -

349 3441 414 3488 31
461 3432 628 3488 τῶνδ’
672 3434 837 3502 Boot,
882 3444 1013 3488 τῶν·
1040 3433 1101 3487 δὲ
1146 3434 1365 3501 Baiter,
1409 3433 1517 3488 τάν
1561 3436 1597 3488 ὃ
1673 3434 1963 3502 Wesenb.,
2010 3435 2239 3488 ΤΑΝΔΕ
2284 3433 2359 3488 Μ.

350 3536 418 3546 --
464 3510 530 3558 32
568 3524 651 3567 τις
685 3505 902 3571 Baiter,
950 3503 1238 3572 Wesenb.,
1285 3505 1444 3558 Boot.
1526 3507 1546 3574 ΙΙ
1626 3506 1697 3560 Ρ.
1717 3504 1855 3560 477.
1884 3512 1919 3558 4
1949 3505 2220 3574 praecipit
2258 3522 2364 3559 σω-
