2642 3923
241 551 273 597 2

309 215 350 276 2
947 211 1020 265 Μ.
1058 209 1274 264 TULLI
1310 208 1689 264 CICERONIS

310 354 618 441 Catilina,
671 355 727 419 si
772 354 1122 418 iudicatum
1168 353 1290 418 erit
1336 351 1596 416 meridie
1640 371 1774 415 non
1826 349 2066 435 lucere,
2117 354 2329 415 certus

311 444 435 510 erit
480 442 878 526 competitor.
963 440 1059 505 De
1105 440 1364 505 Aufidio
1411 442 1477 504 et
1523 439 1599 503 de
1645 438 1944 503 Palicano
1988 460 2122 502 non
2165 441 2325 522 puto

311 536 376 597 te
422 536 789 615 exspectare
835 530 984 594 dum
1031 529 1321 593 scribam.
1413 526 1512 592 De
1555 528 1665 612 iis,
1710 527 1822 611 qui
1865 549 2034 593 nunc
2079 529 2330 614 petunt,

315 619 547 686 Caesar
601 622 811 684 certus
867 622 1150 702 putatur.
1240 616 1556 682 Thermus
1610 637 1754 680 cum
1803 613 2022 680 Silano
2073 619 2328 679 conten·

312 709 459 774 dere
497 707 928 790 existimatur3
967 706 1079 791 qui
1126 706 1216 770 sic
1260 707 1484 788 inopes
1532 708 1597 769 et
1634 703 1715 768 ab
1753 704 1973 767 amicis
2012 708 2077 767 et
2113 704 2328 768 existi-
2384 729 2411 769 5

314 797 595 862 matione
659 799 838 880 sunt,
901 800 974 860 ut
1037 794 1198 858 mihi
1258 793 1549 857 videatur
1600 814 1734 856 non
1792 814 1930 857 esse
1993 792 2328 858 ἀδύνατον

316 884 581 951 Curium
619 884 944 948 obducere.
1019 880 1144 948 Sed
1177 883 1299 948 hoc
1336 885 1589 965 praeter
1628 902 1731 944 me
1773 880 2014 944 nemini
2059 880 2326 944 videtur.

314 972 576 1038 Nostris
613 972 974 1037 rationibus
1010 971 1283 1035 maxime
1319 969 1668 1034 conducere
1703 968 1956 1032 videtur
1983 968 2328 1033 Thermum

315 1063 454 1127 fieri
507 1084 651 1125 cum
707 1058 992 1125 Caesare.
1081 1057 1288 1123 Nemo
1350 1062 1449 1122 est
1503 1058 1674 1123 enim
1719 1079 1796 1122 ex
1840 1056 1951 1143 iis,
2003 1058 2115 1141 qui
2159 1078 2329 1121 nunc

315 1153 574 1234 petunt,
632 1149 744 1233 qui
808 1148 862 1212 si
926 1148 995 1211 in
1056 1150 1352 1212 nostrum
1407 1158 1643 1211 annum
1701 1144 2024 1232 reciderit,
2083 1144 2329 1209 firmior
2356 1171 2413 1210 ιο

316 1237 690 1303 candidatus
742 1237 880 1300 fore
934 1235 1250 1319 videatur,
1301 1238 1643 1319 propterea
1739 1233 1867 1298 uod
1919 1237 2175 1298 curator
2230 1236 2330 1298 est

319 1325 460 1387 viae
505 1321 871 1386 Flaminiae.
964 1319 1137 1397 Quae
1191 1341 1336 1384 cum
1392 1320 1514 1383 erit
1568 1318 1723 1382 abso
1750 1322 1892 1404 uta,
1945 1339 2096 1382 sane
2149 1317 2335 1382 facile

318 1433 464 1475 eum
510 1432 585 1475 ac
625 1410 897 1474 libenter
943 1408 1289 1492 municipia
1335 1407 1659 1471 consulem
1705 1405 2077 1490 acceperint.
2167 1404 2334 1470 Peti-

319 1499 535 1560 torum
597 1494 753 1560 haec
817 1498 915 1560 est
977 1494 1181 1559 adhuc
1241 1496 1587 1559 informata
1645 1494 1969 1580 cogitatio
2070 1493 2210 1560 Nos
2264 1497 2333 1560 in

322 1583 496 1647 omni
550 1604 811 1647 munere
866 1583 1297 1648 candidatorio
1350 1583 1672 1669 fungendo
1720 1605 2034 1648 summam
2079 1584 2332 1648 adhibe·
2361 1611 2418 1651 ιε

320 1671 534 1735 bimus
607 1670 1008 1755 diligentiam
1079 1676 1143 1735 et
1214 1673 1516 1758 fortasse,
1588 1671 1887 1756 quoniam
1952 1671 2203 1736 videtur
2264 1674 2333 1737 in

323 1759 646 1844 suffragiis
691 1760 967 1823 multum
1014 1782 1203 1843 posse
1251 1758 1479 1845 Gallia,
1524 1781 1667 1824 cum
1710 1758 1954 1824 Romae
2001 1782 2038 1824 a
2081 1761 2333 1825 iudiciis

321 1849 534 1911 forum
589 1848 939 1932 refrixerit,
992 1869 1396 1913 excurremus
1452 1870 1667 1913 mense
1721 1845 2082 1931 Septembri
2137 1849 2333 1934 legati

323 1935 403 2000 ad
438 1934 758 2021 Pisonem,
802 1941 874 2001 ut
920 1935 1218 2001 Ianuario
1264 1942 1673 2002 revertamur.
1748 1933 1910 2002 Cum
1951 1959 2332 2022 perspexero

323 2026 688 2090 voluntates
759 2025 1103 2108 nobilium,
1170 2026 1446 2090 scribam
1519 2026 1597 2089 ad
1667 2028 1747 2090 te.
1858 2022 2084 2090 Cetera
2146 2047 2333 2110 spero
2364 2054 2420 2092 ao

323 2113 574 2197 prolixa
645 2135 783 2178 esse
854 2112 958 2177 his
1041 2113 1376 2178 dumtaxat
1446 2113 1711 2178 urbanis
1785 2114 2331 2198 competitoribus.

321 2200 507 2267 Illam
550 2223 810 2265 manum
855 2205 928 2265 tu
974 2202 1132 2265 mihi
1178 2222 1331 2266 cura
1377 2206 1450 2266 ut
1497 2206 1799 2287 praestes,
1844 2203 2145 2286 quoniam
2193 2225 2335 2287 pro-

323 2290 469 2373 pius
516 2289 687 2375 abes,
728 2288 1022 2376 Pompei,
1075 2290 1285 2355 nostri
1334 2290 1535 2354 amici.
1619 2288 1804 2375 Nega
1846 2313 1950 2355 me
1994 2291 2054 2355 ei
2098 2291 2335 2356 iratum

321 2377 487 2463 fore,
558 2377 615 2442 si
679 2376 759 2441 ad
812 2399 951 2441 mea
1014 2379 1274 2442 comitia
1335 2400 1471 2442 non
1530 2378 1792 2443 venerit.
1901 2377 2119 2463 Atque
2180 2379 2335 2444 haec

323 2466 514 2529 huius
560 2466 732 2529 modi
778 2469 943 2532 sunt.
2362 2493 2417 2533 ιε

458 2551 583 2619 Sed
627 2557 752 2637 est,
798 2554 969 2638 quod
1015 2554 1130 2618 abs
1176 2558 1241 2619 te
1286 2554 1448 2619 mihi
1493 2555 1743 2640 ignosci
1786 2555 2112 2639 pervelim.
2184 2553 2333 2621 Cae·

322 2642 527 2724 cilius,
574 2643 922 2707 avunculus
968 2646 1136 2725 tuus,
1184 2666 1221 2707 a
1256 2641 1325 2707 P.
1357 2641 1563 2707 -Vario
1610 2665 1753 2708 cum
1799 2664 2033 2729 magna
2069 2643 2335 2728 pecunia

322 2731 749 2816 fraudaretur,
805 2752 991 2815 agere
1046 2731 1257 2815 coepit
1310 2753 1454 2796 cum
1511 2731 1646 2796 eius
1696 2732 1896 2795 fratre
1941 2730 2017 2795 A.
2066 2730 2334 2798 Caninio

325 2817 558 2903 Satyro
613 2819 691 2884 de
745 2820 825 2883 iis
880 2818 1100 2905 rebus,
1163 2841 1323 2903 quas
1383 2841 1528 2883 eum
1583 2819 1730 2884 dolo
1794 2819 1963 2884 malo
2018 2821 2335 2905 mancipio

324 2908 638 2992 accepisse
682 2907 760 2972 de
806 2906 1003 2971 Vario
1051 2908 1300 2972 diceret.
1390 2906 1535 2973 Una
1580 2908 1859 2993 agebant
1903 2909 2098 2973 ceteri
2142 2909 2336 2974 credi·
2366 2935 2422 2977 so

322 2999 524 3081 tores,
576 2996 646 3059 in
701 2995 936 3079 quibus
989 3001 1126 3060 erat
1172 2996 1244 3061 L.
1292 2995 1597 3060 Lucullus
1648 3001 1714 3061 et
1758 2995 1826 3061 P.
1874 2993 2088 3080 Scipio
2136 3002 2228 3084 et,
2280 2998 2338 3063 is

324 3105 513 3167 quem
567 3084 884 3167 putabant
927 3084 1311 3168 magistrum
1355 3085 1519 3170 fore,
1579 3085 1636 3148 si
1680 3084 1852 3149 bona
1895 3086 2215 3170 venirent,
2267 3085 2337 3152 L.

321 3170 608 3236 Pontius.
674 3170 917 3236 Verum
952 3170 1076 3236 hoc
1112 3172 1451 3237 ridiculum
1488 3178 1589 3238 est
1626 3172 1701 3238 de
1746 3173 2075 3258 magistro.
2149 3172 2338 3239 Nunc
2380 3203 2384 3210 ·

322 3280 633 3344 cognosce
705 3281 857 3325 rem.
966 3258 1247 3345 Rogavit
1319 3283 1421 3325 me
1485 3258 1826 3346 Caecilius,
1907 3265 1981 3326 ut
2053 3263 2338 3327 adessem

323 3352 546 3412 contra
591 3344 909 3431 Satyrum.
1001 3346 1156 3413 Dies
1202 3349 1334 3413 fere
1376 3349 1594 3413 nullus
1640 3352 1759 3435 est,
1803 3350 1959 3450 quin
2002 3348 2109 3415 hic
2155 3349 2336 3434 Saty·
2363 3375 2420 3418 ει

320 3458 433 3501 rus
507 3435 765 3500 domum
839 3457 1046 3500 meam
1107 3437 1407 3523 ventitet3
1480 3438 1778 3503 observat
1841 3437 1910 3502 L.
1973 3436 2336 3504 Domitium

321 3524 623 3608 maxime,
667 3546 769 3588 me
813 3523 1010 3588 habet
1055 3525 1446 3610 proximum3
1499 3526 1626 3590 fuit
1671 3530 1736 3591 et
1781 3525 1940 3590 mihi
1982 3531 2051 3590 et
2098 3526 2337 3604 Quinto
