2642 3923
582 193 1094 249 EPISTULARUM
1129 194 1229 249 AD
1267 147 1594 249 ArmcUM
1631 194 1733 248 vn
1769 198 1925 249 8—6.
2156 193 2281 258 197

1235 387 1314 455 V.

387 492 501 549 Ser.
531 495 594 548 in
631 494 935 549 Formiano
972 494 1096 549 XV
1127 493 1202 548 K.
1240 493 1392 560 Ian„
1428 499 1490 547 ut
1523 493 1754 560 videtum,
1790 511 1842 547 a.
1883 497 1989 548 704
2028 496 2168 560 (50).

899 598 1154 655 CICERO
1193 596 1454 653 ATTICO
1494 597 1642 653 SAL.

395 690 636 754 Multas
696 711 825 755 uno
885 694 1172 773 tempore
1225 688 1435 773 accepi
1496 689 1806 772 epistulas
1873 694 2046 769 tuas·
2116 710 2278 773 quae
2319 708 2343 753 1

206 805 233 844 ο
262 778 450 863 mihi,
516 800 903 861 quamquam
949 777 1306 843 recentiora
1352 777 1684 841 audiebam
1744 798 1821 842 ex
1868 777 1974 861 iis,
2034 778 2146 877 qui
2200 778 2280 841 ad

261 888 364 930 me
408 866 771 952 veniebant,
814 871 1030 930 tamen
1067 869 1249 930 erant
1295 865 1632 950 iucundae3
1679 865 1963 929 studium
2008 866 2176 929 enim
2215 869 2279 929 et

261 954 773 1019 benevolentiam
817 954 1238 1018 declarabant
1313 952 1697 1018 Valetudine
1750 958 1864 1017 tua
1907 974 2169 1018 moveor
2214 958 2279 1018 et

259 1042 493 1106 Piliam
537 1042 608 1107 in
649 1042 818 1107 idem
864 1063 1065 1127 genus
1110 1042 1324 1108 morbi
1368 1041 1691 1125 delapsam
1745 1064 1962 1106 curam
2006 1042 2128 1105 tibi
2175 1042 2278 1105 ad-

261 1131 428 1195 ferre
470 1130 779 1208 maiorem
830 1131 1056 1195 sentio,
1143 1129 1309 1195 Date
1359 1130 1563 1214 igitur
1613 1151 1899 1214 operam,
1951 1134 2025 1193 ut
2074 1129 2277 1193 valea-

184 1245 235 1284 m
261 1219 366 1283 tis.
473 1216 574 1282 De
641 1218 875 1283 Tirone
934 1219 1116 1284 video
1184 1218 1308 1282 tibi
1376 1240 1561 1282 curae
1628 1240 1781 1282 esse.
1873 1216 2075 1293 Quem
2143 1218 2278 1301 qui—
2314 1234 2345 1282 2

263 1306 406 1371 dem
453 1328 600 1392 9119,
658 1308 782 1371 etsi
827 1306 1138 1370 mirabilis
1193 1306 1512 1370 utilitates
1567 1306 1730 1370 mihi
1784 1305 2074 1390 praebet,
2131 1327 2277 1370 cum

261 1395 460 1480 valet,
517 1396 586 1458 in
645 1396 820 1458 omni
873 1415 1102 1480 genere
1146 1395 1249 1459 vel
1300 1394 1712 1479 negotiorum
1755 1395 1857 1458 vel
1917 1394 2276 1458 studiorum

261 1482 1543 1654 Ξὲἵῗξῖίῃῖἐωζῖαὲοξέἓξωῗᾚῗὲ
1546 1487 1837 1635 ,3312
1890 1483 2275 1656 {⁹333}ssssss
2313 1588 2347 1636 3

181 1684 233 1724 15
261 1680 509 1723 mecum
571 1658 738 1722 nihil
798 1680 1105 1741 umquam
1167 1659 1243 1722 de
1305 1658 1619 1723 Luscenio
1681 1658 1937 1723 locutus
2002 1664 2126 1745 est3
2199 1659 2274 1723 de

263 1747 490 1811 ceteris
549 1747 742 1811 rebus
801 1745 999 1811 habes
1055 1745 1456 1830 Dionysium.
1550 1746 1846 1811 Sororem
1906 1751 2087 1810 tuam
2142 1769 2274 1811 non

260 1836 512 1899 venisse
555 1835 626 1898 in
660 1834 985 1899 Arcanum
1030 1836 1246 1899 miror.
1316 1832 1417 1898 De
1463 1832 1827 1917 Chrysippo
1873 1857 2081 1898 meum
2131 1857 2275 1899 con-

261 1923 477 1988 silium
523 1923 784 2006 probari
828 1922 951 1987 tibi
994 1944 1128 1988 non
1170 1922 1442 1987 moleste
1488 1923 1640 1987 fero.
1731 1922 1876 2009 Ego
1924 1922 1993 1987 in
2036 1921 2275 1988 Tuscu-

259 2012 480 2076 lanum
523 2011 690 2075 nihil
736 2033 886 2076 sane
930 2011 1055 2076 hoc
1100 2015 1417 2096 tempore;
1465 2011 1719 2076 devium
1756 2016 1854 2077 est
1899 2023 2038 2088 τοῖς
2074 2012 2275 2077 ἀπαν-

182 2127 234 2166 20
261 2112 463 2165 τῶσιν
537 2104 601 2163 et
670 2099 866 2164 habet
931 2099 1055 2164 alia
1117 2101 1501 2186 δύςχρηστα.
1606 2096 1728 2163 Sed
1792 2100 1867 2163 de
1930 2097 2272 2164 Formiano

260 2187 668 2252 Tarracinam
722 2188 925 2272 pridie
979 2186 1121 2252 Kal.
1180 2186 1311 2252 Ian
1413 2186 1568 2251 Inde
1624 2186 2032 2271 Pomptinam
2103 2210 2273 2252 sum-

260 2299 458 2362 mam,
524 2276 671 2340 inde
727 2278 799 2340 in
851 2275 1178 2340 Albanum
1233 2275 1515 2360 Pompei.
1614 2273 1718 2340 Ita
1777 2277 1855 2340 ad
1913 2276 2139 2341 urbem
2196 2294 2273 2340 111

262 2362 486 2429 Nonas
531 2363 732 2428 natali
777 2386 939 2429 meo.

393 2451 491 2518 De
547 2474 618 2518 re
680 2452 936 2536 publica
999 2452 1231 2516 cotidie
1298 2452 1507 2536 magis
1571 2452 1786 2517 timeo.
1888 2450 2041 2517 Non
2103 2453 2273 2517 enim
2310 2469 2345 2517 4

181 2564 234 2606 25
261 2541 434 2625 boni,
478 2545 553 2605 ut
596 2545 928 2626 putantur,
971 2540 1399 2604 consentiunt.
1465 2538 1639 2615 Quos
1686 2560 1804 2624 ego
1853 2540 2100 2623 equites
2146 2539 2273 2605 Ro-

260 2651 512 2713 manOS,
573 2650 733 2712 quos
782 2632 1108 2693 senatores
1155 2629 1315 2714 vidi,
1369 2628 1481 2713 qui
1528 2628 1830 2693 acerrime
1876 2650 2018 2692 cum
2065 2633 2274 2693 cetera

260 2722 402 2781 tum
458 2716 582 2781 hoc
637 2717 762 2781 iter
817 2716 1086 2800 Pompei
1144 2717 1608 2800 vituperarent!
1707 2715 1869 2780 Pace
1937 2738 2098 2800 opus
2158 2722 2270 2781 est.

260 2805 363 2869 Ex
416 2805 686 2870 victoria
749 2827 894 2869 cum
947 2804 1153 2868 multa
1197 2804 1367 2868 mala
1412 2809 1554 2868 tum
1598 2808 1766 2870 certe
1811 2809 2123 2888 tyrannus
2171 2827 2273 2869 ex-

263 2894 460 2958 sistet.
556 2890 678 2957 Sed
721 2893 878 2958 haec
922 2914 1122 2977 prope
1168 2893 1336 2958 diem
1376 2914 1603 2957 coram.
1695 2889 1834 2957 Iam
1877 2892 2065 2976 plane
2111 2893 2271 2958 mihi

184 3007 236 3048 30
263 2982 464 3066 deest,
525 2982 696 3065 quod
750 2982 830 3046 ad
880 2985 948 3045 te
1002 2981 1303 3066 scribam3
1362 3003 1480 3045 nec
1539 2981 1709 3045 enim
1755 2981 1831 3046 de
1884 3002 1954 3045 re
1998 2981 2274 3068 publica,

261 3070 432 3155 quod
475 3075 745 3152 uterque
788 3073 1084 3134 nostrum
1133 3071 1254 3134 scit
1308 3070 1555 3154 eadem,
1607 3073 1673 3134 et
1728 3070 2074 3135 domestica
2117 3075 2272 3135 nota

261 3163 410 3223 sunt
457 3158 785 3222 ambobus.

389 3245 735 3329 Reliquum
773 3250 872 3310 est
907 3245 1126 3331 iocari,
1160 3245 1217 3310 si
1251 3245 1359 3309 hic
1396 3245 1582 3309 sinat.
1652 3244 1820 3309 Nam
1857 3267 1978 3330 ego
2016 3248 2072 3310 is
2112 3269 2271 3331 sum,
2310 3264 2343 3311 ὅ

261 3337 369 3420 qui
432 3335 532 3399 illi
594 3335 853 3398 concedi
915 3338 1136 3417 putem
1197 3334 1424 3397 utilius
1498 3355 1664 3435 esse,
1735 3335 1908 3417 quod
1967 3335 2271 3436 postulat,

180 3447 232 3489 ⁸5
258 3445 449 3508 quam
495 3423 682 3508 signa
726 3422 1014 3486 conferri.
1109 3419 1264 3487 Sero
1310 3423 1481 3486 enim
1534 3422 1895 3487 resistimus
1942 3424 2027 3507 ei,
2083 3444 2271 3506 quem
2329 3458 2332 3459 ν

256 3534 368 3596 per
430 3533 634 3576 annos
691 3510 905 3575 decem
958 3509 1233 3576 aluimus
1286 3515 1512 3575 contra
1564 3532 1700 3575 noS.
1794 3509 1982 3586 ‘Quid
2036 3512 2271 3578 senties
