2642 3923
324 195 456 257 274
964 195 1037 249 Μ.
1078 195 1292 249 TULLI
1330 194 1704 250 CICERONIS

325 342 390 402 et
442 336 897 403 Armeniorum
961 343 1027 403 et
1089 335 1474 403 Colchorum
1534 340 1749 422 copias
1815 340 1896 403 ad
1955 361 2095 404 eam
2154 340 2348 404 addu'-

326 427 509 491 cere?
555 449 657 491 me
701 426 861 491 meis
907 427 1155 491 civibus
1202 427 1438 491 famem
1450 480 1468 512 ,
1521 428 1894 491 vastitatem
1938 428 2174 492 inferre
2219 426 2347 493 Ita-

326 514 492 579 liae?
563 514 755 578 Hunc
798 515 1079 600 primum
1114 515 1456 579 mortalem
1492 536 1647 599 esse,
1696 515 1918 580 deinde
1957 516 2151 580 etiam
2184 516 2349 581 mul-

326 603 413 666 tis
459 603 665 667 modis
711 625 900 687 posse
945 603 1269 688 exstingui
1316 603 1707 688 cogitabam,
1753 604 1978 668 urbem
2024 610 2238 669 autem
2282 608 2349 668 et

324 692 635 775 populum
672 696 969 755 nostrum
1010 692 1390 756 servandum
1425 692 1503 755 ad
1541 692 2115 778 immortalitatem,
2152 715 2349 776 quan-
2404 717 2436 760 s

327 784 467 843 tum
510 781 581 843 in
623 779 813 843 nobis
861 784 1044 862 esset,
1089 779 1427 864 putabam,
1474 784 1537 843 et
1583 784 1800 845 tamen
1846 803 1992 864 spes
2040 781 2351 864 quaedam

325 889 427 931 me
475 868 840 933 oblectabat
883 868 1023 932 fore
1069 872 1143 932 ut
1182 869 1423 951 aliquid
1463 869 1848 954 conveniret,
1894 869 2112 953 potius
2158 892 2350 952 quam

329 958 442 1020 aut
486 954 593 1019 hic
639 961 894 1019 tantum
940 956 1197 1020 sceleris
1246 961 1359 1020 aut
1405 957 1515 1020 ille
1559 961 1814 1020 tantum
1849 957 2085 1042 flagitii
2121 957 2351 1021 admit-

325 1048 507 1108 teret.
597 1044 747 1108 Alia
791 1064 892 1108 res
951 1066 1121 1108 nunc
1176 1047 1317 1109 tota
1377 1049 1500 1129 est,
1557 1044 1682 1108 alia
1734 1067 1915 1109 mens
1969 1067 2126 1110 mea.
2218 1043 2349 1130 Sol,

327 1137 402 1196 ut
439 1137 538 1196 est
585 1132 654 1196 in
691 1136 805 1196 tua
843 1133 1117 1216 quadam
1153 1133 1451 1217 epistula,
1497 1134 1804 1197 excidisse
1840 1133 2003 1197 mihi
2039 1156 2073 1198 e
2109 1134 2347 1198 mundo
2378 1161 2456 1200 ιο·

325 1220 593 1285 videtur.
682 1219 775 1285 Ut
822 1225 1118 1306 aegroto,
1175 1221 1327 1285 dum
1383 1220 1594 1284 anima
1640 1225 1767 1306 est,
1821 1243 1966 1305 spes
2015 1244 2152 1286 esse
2198 1222 2349 1286 dici·

327 1313 461 1394 tur,
520 1309 611 1373 sic
658 1330 805 1395 ego,
864 1310 1074 1392 quoad
1117 1308 1460 1393 Pompeius
1515 1309 1583 1373 in
1628 1308 1820 1373 Italia
1876 1310 2034 1395 fuit,
2093 1332 2348 1395 sperare

326 1417 459 1461 non
503 1397 739 1461 destiti.
829 1396 1032 1483 Haec,
1084 1398 1240 1461 haec
1284 1419 1388 1461 me
1432 1398 1825 1482 fefeHerunt,
1871 1402 1963 1485 et,
2007 1403 2082 1462 ut
2126 1421 2347 1462 verum

326 1485 583 1569 loquar,
657 1489 832 1549 aetas
896 1486 1025 1549 iam
1089 1509 1126 1550 a
1185 1486 1509 1550 diuturnis
1574 1485 1903 1550 laboribus
1968 1487 2205 1551 devexa
2266 1487 2350 1551 ad

331 1574 535 1637 otium
594 1574 1085 1638 domesticarum
1144 1596 1245 1638 me
1303 1595 1519 1638 rerum
1577 1574 1996 1639 delectatione
2050 1575 2346 1641 mollivit.
2375 1602 2428 1642 ιο

329 1660 543 1747 Nunc,
616 1661 672 1726 si
740 1662 845 1726 vel
907 1663 1260 1746 periculose
1326 1662 1786 1746 experiundum
1843 1663 1994 1748 erit,
2057 1663 2348 1747 experiar

328 1755 523 1834 certe,
581 1755 656 1814 ut
712 1749 863 1813 hinc
923 1751 1186 1815 avolem.
1286 1750 1460 1814 Ante
1518 1751 1807 1835 oportuit
1866 1752 2171 1835 fortasse3
2235 1752 2347 1816 sed

329 1860 420 1923 ea,
467 1861 627 1923 quae
675 1838 1009 1923 scripsisti,
1054 1861 1155 1903 me
1202 1838 1539 1902 tardarunt
1582 1844 1648 1904 et
1684 1840 2034 1904 auctoritas
2070 1840 2346 1904 maxime

258 1945 293 1993 4
328 1932 458 1992 tua.
548 1925 746 2013 Nam,
800 1949 944 1991 cum
991 1928 1070 1992 ad
1113 1927 1284 1992 hunc
1331 1928 1542 1992 locum
1587 1927 1931 2013 venissem,
1984 1928 2192 1994 evolvi
2237 1950 2347 1994 vo-

326 2018 547 2080 lumen
592 2017 1015 2101 epistularum
1060 2021 1337 2099 tuarum,
1384 2016 1554 2099 quod
1600 2037 1717 2100 ego
1754 2017 1865 2082 sub
1912 2016 2098 2102 signo
2134 2017 2342 2083 habeo
2373 2044 2426 2083 zo

332 2127 640 2188 servoque
681 2105 1188 2189 diligentissime
1263 2103 1427 2167 Erat
1472 2104 1673 2188 igitur
1708 2105 1777 2168 in
1815 2127 1907 2191 ea,
1952 2127 2144 2189 quam
2180 2122 2230 2170 x
2264 2105 2343 2170 K.

328 2192 510 2257 Febr.
541 2193 816 2276 dederaS,
852 2192 975 2256 hoc
1008 2193 1229 2257 modo.
1274 2190 1447 2256 Sed
1482 2193 1897 2276 videamus,
1935 2198 2008 2258 et
2045 2191 2343 2258 Gnaeus

332 2281 510 2364 quid
558 2285 761 2366 agat,
832 2284 906 2343 et
962 2281 1183 2344 illius
1257 2282 1600 2345 rationes
1662 2303 2027 2364 quorsum
2088 2282 2343 2346 fluant.

331 2335 645 2446 Quodsio
676 2370 826 2432 iste
885 2367 1198 2433 Italiam
1259 2369 1680 2455 relinquet,
1740 2370 1978 2434 faciet
2039 2371 2341 2435 omnino

330 2459 519 2522 male
564 2462 663 2540 et,
722 2461 805 2520 nt
851 2479 988 2542 ego
1036 2458 1434 2541 existimo,
1495 2456 1954 2543 ἀλογίστως,
2014 2459 2141 2522 sed
2185 2462 2343 2522 tum
2371 2484 2422 2526 85

331 2547 618 2610 demum
699 2545 1029 2610 consilia
1108 2550 1383 2609 nostra
1463 2546 1992 2609 commutanda
2064 2547 2341 2611 erunt.'

329 2634 472 2698 Hoc
535 2634 760 2697 scribis
818 2637 968 2717 post
1022 2634 1188 2697 diem
1250 2637 1579 2718 quartum,
1635 2656 1826 2716 quam
1882 2633 1962 2698 ab
2017 2634 2176 2698 urbe
2222 2635 2340 2698 dis-

331 2723 654 2786 cessimus
764 2721 1009 2785 Deinde
1072 2740 1197 2785 vl11
1259 2722 1338 2786 K.
1403 2721 1614 2786 Febr.:
1689 2721 2053 2786 ‘Tantum
2123 2723 2339 2787 modo

331 2810 631 2875 Gnaeus
690 2815 957 2874 noster
1013 2831 1131 2893 ne,
1194 2815 1276 2873 ut
1342 2810 1598 2874 urbem
1667 2809 2102 2892 ἀλογίστως
2164 2811 2341 2876 reli-

331 2900 526 2983 quit,
571 2899 679 2962 sic
722 2897 1030 2962 Italiam
1077 2898 1521 2982 relinquat.'
1591 2898 1839 2963 Eodem
1885 2899 1985 2963 die
2030 2899 2143 2963 das
2192 2900 2423 2966 alte-so

328 3011 433 3051 ras
479 2988 750 3071 litteraS,
796 2987 1029 3070 quibus
1075 2987 1237 3050 mihi
1274 2987 1632 3051 consulenti
1675 2986 2050 3071 planissime
2086 3009 2345 3073 respon-

329 3077 455 3140 des.
526 3075 651 3139 Est
688 3075 860 3139 enim
897 3076 1013 3139 sic:
1064 3073 1240 3139 ‘Sed
1284 3075 1509 3139 venio
1555 3075 1644 3138 ad
1688 3076 2343 3148 consultationem

328 3170 549 3228 tuam.
626 3162 703 3227 Si
743 3163 1035 3227 Gnaeus
1073 3162 1306 3227 Italia
1344 3163 1571 3248 cedit,
1615 3162 1690 3226 in
1728 3163 1992 3227 urbem
2026 3164 2344 3229 redeun-

330 3253 497 3315 dum
557 3256 769 3335 puto3
835 3273 1021 3335 quae
1086 3252 1284 3316 enim
1347 3250 1537 3315 finis
1596 3252 2344 3352 peregrinationis‘P'

328 3339 471 3402 Hoc
513 3339 676 3402 mihi
719 3338 906 3422 plane
958 3338 1196 3423 haesit,
1254 3344 1319 3404 et
1381 3361 1551 3403 nunc
1607 3339 1704 3403 ita
1746 3340 1961 3425 video,
2017 3339 2346 3405 infinitum
2373 3367 2424 3408 ³⁶

328 3426 571 3488 bellum
616 3426 902 3489 iunctum
950 3427 1309 3491 miserrima
1354 3428 1535 3513 fuga,
1599 3449 1792 3510 quam
1850 3431 1926 3491 tu
1982 3430 2345 3515 peregrina—

259 3529 290 3575 5
331 3513 571 3575 tionem
630 3514 1005 3598 ὑποκορίζῃ.
1098 3513 1403 3598 Sequitur
1468 3517 1756 3600 χρησμὸς
1808 3534 1883 3580 VI
1935 3514 2025 3580 Κ.
2068 3505 2345 3581 Februa-
