2642 3923
603 189 1116 244 EPISTULARUM
1151 190 1250 244 AD
1289 189 1614 245 ATTIGUM
1649 190 1750 243 XV
1788 196 2011 245 21—24.
2179 189 2308 253 487

295 337 359 395 et
396 330 620 396 Cassio
671 336 851 418 puto,
897 333 954 396 si
994 333 1283 417 expediet
1321 332 1462 414 (sed
1500 333 1753 416 quando
1791 333 1937 396 illos
1975 330 2309 417 videbit‘P),

293 420 624 485 inimicum
677 420 992 506 Antonio,
1049 421 1302 504 quando
1360 424 1474 485 aut·
1533 421 1688 485 cur?
1751 420 2095 504 Quousque
2140 420 2310 484 lude-

293 510 480 572 mur‘?
551 507 697 594 Ego
746 512 959 573 autem
1011 509 1239 593 scripsi
1287 507 1555 574 Sextum
1602 509 1958 593 adventare,
2002 529 2135 572 non
2181 529 2307 591 quo

291 597 421 660 iam
485 596 763 681 adesset,
827 597 936 660 sed
1001 598 1150 679 quia
1214 602 1387 662 certe
1450 597 1514 660 id
1579 601 1796 683 ageret
1851 596 1932 660 ab
1987 595 2307 679 armisque

221 707 247 749 ε
290 685 508 749 nullus
566 684 928 749 discederet.
1022 683 1210 749 Certe
1302 685 1359 749 si
1418 685 1656 769 pergit,
1715 684 1956 748 bellum
2014 687 2310 767 paratum

294 776 405 836 est.
499 771 625 837 Hic
672 777 887 836 autem
931 777 1154 836 noster
1201 737 1545 856 &ytherius
1592 773 1719 836 nisi
1764 773 2074 837 victorem
2113 771 2310 836 nemi-

289 881 436 924 nem
473 861 811 924 victurum.
887 859 1055 935 Quid
1100 861 1179 925 ad
1223 860 1381 925 haec
1417 859 1668 924 Pansa?
1733 864 1880 924 utro
1918 862 2193 942 conferet
2229 879 2308 937 se,

294 949 349 1011 si
405 948 647 1013 bellum
713 949 882 1012 erit?
949 950 1120 1032 quod
1176 949 1431 1013 videtur
1484 949 1637 1013 fore.
1732 947 1855 1013 Sed
1913 952 1978 1012 et
2029 948 2189 1012 haec
2240 950 2305 1011 et

292 1037 418 1100 alia
465 1058 680 1102 coram
730 1037 922 1100 hodie
969 1037 1246 1121 quidem,
1292 1042 1367 1101 ut
1414 1036 1662 1120 scribis,
1707 1040 1820 1100 aut
1868 1041 2025 1101 cras.

211 1272 264 1311 10
1186 1247 1423 1313 XXIII.

410 1367 523 1424 Sor.
552 1369 616 1422 in
658 1368 970 1423 Tusculano
1016 1367 1177 1422 VHI
1202 1376 1303 1424 aut
1347 1369 1474 1424 VII
1500 1368 1576 1423 K.
1610 1367 1795 1438 Quint.
1824 1385 1877 1423 α.
1908 1371 2017 1423 710
2053 1369 2190 1435 (44).

897 1489 1187 1545 CICERO
1222 1490 1512 1546 ATTICO
1549 1491 1713 1548 SAL.

422 1599 693 1663 Mirifice
741 1601 1066 1681 torqueor,
1114 1598 1250 1661 sine
1296 1598 1516 1662 dolore
1550 1602 1796 1681 tamen3
1843 1599 1953 1663 sed
1989 1598 2310 1682 permulta

290 1686 449 1750 mihi
505 1687 581 1750 de
625 1689 850 1750 nostro
899 1686 1127 1750 itinere
1172 1686 1241 1749 in
1277 1690 1618 1770 utramque
1662 1691 1907 1769 partem
1947 1689 2305 1751 occurrunt.

212 1798 263 1837 15
293 1773 730 1857 ‘Quousque‘e'
775 1773 1043 1857 inquies.
1110 1771 1331 1849 Quoad
1368 1774 1492 1837 erit
1528 1775 1876 1858 integrum3
1915 1775 2038 1838 erit
2074 1778 2305 1856 autem,

290 1884 496 1946 usque
549 1862 700 1925 dum
746 1862 824 1924 ad
870 1883 1111 1926 navem.
1203 1860 1414 1925 Pansa
1461 1862 1517 1925 si
1563 1866 1712 1926 tuae
1757 1862 2185 1945 rescripserit,
2240 1864 2303 1925 et

290 1973 498 2015 meam
534 1950 659 2014 tibi
697 1953 762 2015 et
799 1949 974 2014 illius
1011 1950 1352 2033 epistulam
1391 1950 1661 2014 mittam.
1717 1948 1947 2015 Silium
1986 1953 2304 2034 exspecta-

291 2041 466 2123 bam3
532 2040 635 2103 cui
695 2038 1129 2121 hypomnema
1193 2039 1693 2121 compositumst.
1793 2037 1864 2103 Si
1928 2038 2081 2122 quid
2132 2038 2303 2102 novi.

288 2127 434 2213 Ego
480 2127 734 2191 litteras
780 2128 930 2190 misi
976 2128 1054 2190 ad
1099 2126 1391 2190 Brutum.
1466 2125 1664 2191 Cuius
1710 2127 1787 2190 de
1831 2127 2062 2191 itinere
2107 2125 2304 2191 etiam

208 2239 262 2278 πο
291 2238 367 2279 ex
414 2220 479 2280 te
525 2216 737 2299 velim,
783 2216 841 2279 si
886 2215 1040 2298 quid
1087 2215 1265 2298 scies,
1310 2235 1709 2299 cognoscere.

1182 2423 1416 2490 XXIV.

501 2545 617 2601 Ser.
646 2547 709 2599 in
749 2547 1062 2601 Tusculano
1107 2520 1198 2599 VI'
1226 2545 1301 2601 K.
1337 2545 1522 2615 Quint.
1550 2564 1709 2603 manc
1745 2566 1799 2606 a.
1829 2552 1939 2604 710
1975 2550 2113 2617 (44).

887 2665 1175 2721 CICERO
1211 2668 1502 2725 ATTICO
1541 2669 1705 2725 SAL.

422 2774 847 2860 TabellariuS,
902 2796 1090 2859 quem
1137 2776 1218 2839 ad
1262 2774 1539 2841 Brutum
1584 2778 1904 2864 miseram,
1949 2799 2025 2842 ex
2073 2778 2301 2844 itinere

207 2888 260 2928 25
289 2862 480 2926 rediit
523 2881 622 2926 vn
667 2863 808 2927 Kal.
898 2862 983 2926 Ei
1031 2861 1303 2928 Servilia
1350 2864 1514 2928 dixit
1559 2886 1632 2930 eo
1681 2866 1783 2931 die
1826 2865 2102 2930 Brutum
2138 2868 2300 2949 †his

287 2951 660 3034 profectum.
736 2950 901 3015 Sane
937 2951 1114 3015 dolui
1159 2974 1333 3016 meas
1369 2953 1620 3017 litteras
1658 2954 1938 3019 redditas
1974 2976 2108 3019 non
2144 2976 2300 3020 esse.

290 3038 486 3102 Silius
550 3039 627 3103 ad
680 3062 782 3103 me
836 3061 969 3127 non
1023 3044 1299 3104 venerat.
1401 3039 1674 3105 Causam
1732 3043 2088 3127 composui3
2154 3064 2299 3107 eum

286 3126 578 3191 libellum
624 3127 748 3192 tibi
792 3128 956 3192 misi.
1031 3127 1122 3191 Te
1169 3149 1295 3211 quo
1336 3128 1436 3192 die
1473 3134 1850 3217 exspectem,
1894 3131 2084 3196 velim
2121 3131 2297 3195 scire.
