2642 3923
217 1387 280 1435 17

222 1827 285 1876 18

316 149 447 214 520
491 149 565 204 Μ.
587 148 802 204 TULLI
829 148 1205 205 CICERONIS
1233 150 1455 205 EPIST.
1475 150 1575 204 AD
1595 149 1921 205 ATTICUM
1948 150 2078 204 XVI
2098 156 2164 205 16
2183 151 2249 220 Ε,
2272 152 2337 206 F.

315 293 544 356 faciam
598 294 791 357 finem
834 293 1103 378 rogandi
1119 347 1136 378 ‚
1191 294 1404 377 quoad
1446 294 1637 358 nobis
1681 294 2053 358 nuntiatum
2099 295 2220 359 erit
2269 299 2340 359 te

316 380 386 445 id
428 381 672 465 fecisse,
717 382 890 464 quod
933 403 1165 466 magna
1211 403 1357 445 cum
1404 403 1517 465 spe
1554 387 2015 465 exspectamus,
2088 382 2339 447 Deinde

318 469 488 533 enim
551 469 799 534 confido
861 470 999 534 fore
1053 474 1126 533 ut
1190 470 1316 533 alio
1375 490 1604 554 genere
1658 471 2024 551 litterarum
2075 474 2340 534 utamur

318 557 569 641 tibique
649 579 766 641 pro
838 561 953 622 tuo
1027 580 1276 621 summo
1351 558 1657 622 beneficio
1732 559 1975 644 gratias
2048 580 2335 643 agamus,

321 644 504 721 Quod
561 645 617 709 si
662 645 959 710 acciderit
970 699 987 731 ‚
1049 646 1242 709 velim
1290 645 1382 709 sie
1427 646 1788 732 existimeS,
1848 668 1982 710 non
2026 647 2151 710 tibi
2195 652 2337 711 tam
2404 673 2437 714 5

318 732 636 817 Atticum,
699 734 879 797 cuius
939 755 1285 818 permagna
1331 756 1433 797 res
1480 735 1721 820 agitur,
1786 757 1979 818 quam
2023 756 2155 821 me,
2218 737 2337 820 qui

317 843 451 886 non
493 821 706 885 minus
750 822 974 886 laboro
1023 844 1217 906 quam
1261 822 1391 906 ille,
1438 822 1798 907 obligatum
1842 823 1990 888 fore

1290 1014 1356 1081 F.

955 1136 1067 1191 Ser.
1091 1137 1266 1206 paulo
1287 1143 1415 1206 post
1440 1154 1519 1206 ep.
1550 1142 1625 1193 16
1645 1136 1702 1192 G.

914 1258 1171 1314 CICERO
1210 1258 1554 1315 CAPITONI
1592 1260 1738 1315 SAL.
2365 1272 2426 1311 10

452 1367 605 1433 Non
648 1368 905 1454 dubito,
959 1369 1116 1452 quin
1160 1368 1392 1432 mirere
1438 1372 1631 1452 atque
1677 1368 1871 1432 etiam
1918 1369 2338 1455 stomachere‚

321 1457 492 1540 quod
544 1461 754 1520 tecum
808 1456 884 1520 de
930 1455 1148 1520 eadem
1190 1479 1260 1521 re
1307 1477 1495 1541 agam
1540 1456 1808 1539 saepius,
1899 1457 2200 1522 Hominis
2245 1458 2339 1521 fa-

320 1544 739 1608 miliarissimi
784 1549 848 1609 et
893 1544 1048 1608 mihi
1089 1544 1387 1608 omnibus
1425 1544 1614 1609 rebus
1651 1545 2158 1610 coniunctissimi
2195 1568 2337 1629 per-

320 1653 554 1718 magna
597 1654 698 1697 res
746 1634 981 1718 agitur,
1034 1631 1253 1696 Attici.
1347 1630 1638 1717 Cognovi
1683 1655 1802 1719 ego
1848 1638 1962 1697 tua
2008 1634 2221 1698 studia
2264 1635 2339 1697 in

323 1721 589 1803 amieos,
654 1721 849 1785 etiam
909 1721 977 1784 in
1036 1724 1103 1784 te
1166 1720 1533 1785 amicorum.
1624 1720 1908 1785 Multum
1967 1725 2152 1805 potes
2211 1744 2335 1786 nos
2365 1747 2418 1786 ιε.

323 1809 491 1892 apud
534 1808 842 1873 Plancum
886 1809 1119 1872 iuvare.
1200 1808 1374 1872 Novi
1416 1808 1883 1874 humanitatem
1928 1813 2134 1894 tuam3
2181 1811 2334 1893 scie,

323 1920 515 1982 quam
569 1898 656 1961 sis
711 1897 932 1961 amieis
984 1896 1312 1961 iucundus,
1413 1895 1619 1961 Nemo
1672 1919 1792 1961 nos
1846 1899 1916 1961 in
1970 1898 2092 1963 hae
2145 1919 2324 1963 causa

321 1987 468 2071 plus
513 1987 731 2050 iuvare
775 1990 989 2070 potest
1037 2008 1229 2069 quam
1273 1990 1365 2049 tu.
1449 1987 1538 2050 Et
1584 2008 1684 2049 res
1731 1987 1825 2050 ita
1870 1991 1966 2055 est
2011 1987 2211 2069 firma,
2252 1991 2330 2050 ut

323 2075 511 2139 debet
558 2096 713 2159 esse,
768 2097 959 2158 quam
1006 2075 1297 2139 eonsules
1345 2074 1422 2137 de
1467 2075 1720 2138 consilii
1766 2075 2084 2139 sententia
2130 2075 2334 2139 deere-

322 2167 572 2248 verunt,
615 2184 759 2226 eum
806 2168 870 2227 et
914 2163 1055 2247 lege
1102 2167 1166 2225 et
1213 2167 1472 2226 senatus
1518 2163 1811 2226 consulto
1859 2168 2335 2248 cognoscerent.
2366 2189 2421 2227 20

324 2251 562 2315 Tamen
623 2252 835 2315 omnia
893 2252 1105 2334 posita
1161 2253 1463 2334 putamus
1522 2251 1592 2314 in
1634 2249 1852 2314 Planci
1906 2252 2006 2314 tui
2060 2252 2341 2316 liberali-

321 2344 480 2421 tate3
546 2362 734 2422 quem
790 2339 1044 2423 quidem
1100 2338 1488 2402 arbitramur
1542 2361 1686 2402 eum
1743 2339 1938 2403 officii
1986 2340 2087 2402 sui
2133 2345 2197 2403 et
2244 2341 2341 2404 rei

323 2427 615 2513 publicae
696 2449 885 2492 eausa
966 2429 1287 2491 decretum
1362 2426 1695 2491 consulum
1769 2428 2337 2511 comprobaturum

323 2521 462 2580 tum
516 2517 791 2580 libenter
842 2520 1066 2579 nostra
1120 2537 1311 2578 eausa
1367 2536 1506 2579 esse
1551 2515 1885 2580 facturum.
1977 2515 2339 2580 Adiuvabis

323 2606 548 2689 igitur,
621 2604 712 2667 mi
776 2603 1021 2687 Capito.
1132 2603 1315 2677 Quod
1380 2607 1453 2667 ut
1514 2603 1737 2689 faciae,
1800 2608 1865 2667 te
1926 2603 2342 2668 vehementer
2371 2629 2423 2669 25

324 2693 518 2757 etiam
566 2697 758 2776 atque
804 2693 998 2757 etiam
1042 2712 1218 2777 rogo,
