2642 3923
237 352 268 400 3

314 193 401 256 92
953 189 1284 244 M.TULL1
1319 189 1696 253 6161160166

444 333 535 399 Τ6
591 355 705 398 010
760 338 826 399 et
880 334 1174 419 obsecro,
1237 331 1306 397 T.
1354 332 1697 418 Pomponi,
1760 333 1817 398 si
1871 354 1978 397 me
2032 332 2333 397 omnibus

309 423 741 507 amplissimis,
787 422 1136 486 carissimis
1181 422 1788 506 iucundissimisque
1827 421 2021 485 rebus
2067 421 2334 505 perfidia

307 512 643 576 hominum
684 511 1052 594 spoliatum,
1097 510 1154 574 si
1194 531 1296 574 me
1323 533 1363 573 a
1388 510 1549 574 meis
1588 509 1968 574 consiliariis
2005 509 2334 593 proditum

309 603 373 664 et
418 599 773 684 proiectum
817 598 1021 683 vides,
1075 599 1130 663 si
1177 597 1502 682 intellegis
1546 613 1647 662 me
1702 601 2022 683 coactum,
2074 602 2150 661 ut
2191 598 2332 682 ipse

310 710 409 752 166
455 691 520 752 et
563 708 740 752 meos
786 687 1133 772 perderem,
1178 689 1253 750 ut
1288 708 1390 750 me
1426 690 1540 750 tua
1575 650 2062 750 misericordia&
2044 706 2224 750 iuves
2259 689 2328 750 et
2386 711 2420 752 s

310 774 621 851 Quintum
676 776 969 860 fratrem,
1039 775 1150 859 qui
1209 777 1426 858 potest
1487 795 1623 838 esse
1683 774 1924 859 salvuS,
1993 777 2332 857 sustentes,

309 864 675 930 Terentiam
731 864 1098 948 liberosque
1157 884 1335 927 meos
1397 862 1642 948 tueare,
1705 884 1832 946 me,
1897 862 1953 925 61
2016 866 2207 945 putas
2268 866 2333 926 te

311 953 457 1017 istic
509 953 823 1037 visurum,
883 955 1238 1036 exspectes,
1294 952 1352 1014 si
1407 951 1649 1037 minus,
1702 915 1969 1035 invisas,
2026 951 2083 1014 si
2128 954 2333 1036 poten,

311 1040 596 1125 mihique
641 1061 720 1104 ex
767 1061 922 1125 agro
979 1044 1092 1104 tuo
1152 1042 1409 1103 tantum
1453 1004 1777 1124 6ᾶ6181166,
1832 1002 2141 1122 quahtum
2187 1059 2331 1103 meo

310 1151 574 1213 corpore
620 1129 915 1212 occupari
961 1132 1195 1212 potest,
1240 1132 1305 1190 et
1352 1148 1588 1211 pueros
1635 1128 1714 1191 ad
1756 1148 1858 1191 166
1904 1148 2049 1191 0616
2093 1126 2331 1191 litteris
2361 1152 2420 1190 ιο

312 1239 504 1301 quam
549 1217 827 1301 primum
880 1221 945 1280 et
992 1238 1185 1300 quam
1240 1216 1613 1298 saepissime
1667 1216 1905 1279 mittas,
1995 1212 2167 1279 Data
2211 1232 2332 1278 xvl

311 1304 451 1369 Kal.
499 1303 833 1369 Octobres.

1253 1479 1391 1544 XX.

592 1601 706 1658 Ser.
750 1602 1162 1657 sseaealom'cae
1196 1600 1294 1654 IV
1326 1602 1474 1656 Non.
1518 1599 1626 1655 Oct.
1666 1617 1716 1654 a.
1757 1603 1870 1654 696
1906 1602 2045 1668 (58).

311 1723 567 1781 616660
619 1725 673 1781 s
718 1725 784 1781 D.
834 1723 895 1790 Q
935 1690 1262 1779 cfflcmo
1312 1722 1374 1788 Q.
1423 1723 1482 1778 F
1531 1720 2011 1778 PoMPomANo
2051 1720 2331 1792 ATTICO,
2363 1733 2416 1773 ω

312 1834 481 1919 quod
541 1834 797 1917 quidem
854 1833 948 1897 ita
1011 1854 1148 1897 6666
1213 1837 1278 1897 et
1344 1830 1727 1896 avunculum
1792 1836 1977 1895 tuum
2040 1831 2333 1895 functum

314 1944 453 1989 esse
510 1922 722 1988 officio
777 1921 1333 1987 vehementissime
1396 1921 1629 2006 probo,
1692 1918 1964 2004 gaudere
2027 1940 2128 1983 166
2191 1924 2334 1984 tum

315 2012 544 2095 dicam,
605 2013 660 2076 si
719 2010 879 2074 mihi
938 2011 1060 2076 hoc
1118 2010 1313 2075 verbo
1371 2009 1589 2073 licebit
1642 2008 1756 2072 uti.
1848 2007 1955 2073 Me
2000 2009 2331 2073 miserum!

315 2122 506 2185 quam
552 2100 767 2164 omnia
810 2104 1028 2164 essent
1080 2120 1157 2163 ex
1205 2098 1549 2182 sententia,
1602 2095 1659 2161 si
1703 2096 1892 2160 nobis
1939 2097 2218 2183 61111666,
2274 2096 2330 2160 61

314 2189 680 2274 consilium,
725 2188 782 2252 si
827 2188 982 2251 fides
1028 2208 1275 2269 eorum,
1323 2186 1558 2268 quibus
1605 2184 2012 2269 credidimus,
2057 2206 2188 2249 non
2231 2185 2331 2249 de·
2360 2211 2415 2249 20

314 2277 569 2341 fuisset!
661 2241 834 2376 Quae
894 2274 1193 2359 colligere
1250 2275 1429 2357 6010,
1486 2296 1566 2337 116
1627 2294 1895 2374 augeam
1953 2237 2329 2337 niaerorem:

313 2365 421 2428 sed
467 2364 590 2428 tibi
638 2364 851 2428 venire
896 2364 966 2426 in
1010 2367 1291 2426 mentem
1339 2367 1512 2427 certo
1562 2362 1719 2444 scio,
1777 2383 1938 2443 quae
1983 2361 2118 2424 vita
2163 2341 2327 2425 66661

310 2458 553 2538 nostra,
598 2473 761 2536 quae
807 2453 1111 2535 suavitas,
1157 2473 1319 2534 quae
1367 2450 1666 2534 dignitas.
1730 2448 1833 2513 Ad
1871 2470 2034 2532 quae
2078 2471 2327 2532 recupe-

310 2540 526 2624 randa,
560 2562 674 2624 per
708 2540 1027 2604 fortunas!
1065 2503 1379 2619 incumbe,
1417 2543 1505 2601 ut
1518 2538 1693 2620 facie,
1729 2537 2024 2638 diemque
2047 2537 2325 2602 natalem

309 2629 554 2693 reditus
600 2628 725 2693 mei
762 2649 913 2693 cura
950 2633 1022 2692 ut
1059 2628 1129 2691 in
1164 2628 1296 2690 tuis
1336 2627 1598 2690 aedibus
1637 2625 2102 2690 amoenissimis
2141 2646 2330 2727 68661
2359 2652 2411 2691 2⁵

310 2722 522 2782 tecum
568 2720 633 2780 et
679 2738 824 2782 cum
867 2716 1044 2779 meis.
1134 2715 1280 2799 Ego
1336 2714 1486 2779 huic
1541 2714 1676 2798 spei
1731 2717 1796 2777 et
1850 2713 2331 2798 exspectationi,

313 2827 475 2890 quae
519 2805 712 2869 nobis
757 2793 1168 2888 proponitur,
1212 2803 1486 2867 maxime
1551 2808 1767 2867 tamen
1819 2801 1993 2866 volui
2050 2806 2332 2885 praesto-

311 2894 431 2958 lari
494 2893 661 2977 apud
721 2896 786 2957 te
844 2892 916 2956 in
959 2892 1192 2975 Epiro,
1252 2891 1363 2955 sed
1420 2891 1515 2955 ita
1574 2891 1652 2955 ad
1710 2911 1810 2954 me
1870 2890 2201 2975 scribitur,
2258 2895 2332 2954 ut

311 2986 533 3066 putem
580 3003 718 3045 esse
765 2980 1157 3046 commodius
1202 3001 1324 3044 nos
1372 2979 1609 3043 eisdem
1655 2979 1723 3042 in
1768 2979 1924 3042 locis
1969 2999 2125 3042 esse.

444 3069 541 3134 De
588 3069 776 3134 domo
822 3073 887 3133 et
935 3066 1235 3133 Curionis
1283 3067 1601 3153 oratione,
1654 3071 1728 3130 ut
1776 3067 2022 3150 66111116,
2076 3065 2170 3129 11·,6
2215 3071 2329 3130 661·,.
2362 3092 2417 3128 30

309 3156 388 3223 In
432 3159 732 3223 universa
777 3157 1014 3241 salute,
1076 3156 1131 3219 si
1184 3177 1258 3219 ea
1303 3155 1493 3219 modo
1538 3120 1729 3219 nbbis
1776 3155 2183 3239 restituetur,
2241 3154 2331 3218 in-

311 3251 499 3311 erunt
529 3244 769 3330 omnia3
816 3268 890 3310 ex
939 3245 1173 3328 quibus
1215 3244 1383 3308 nihil
1418 3244 1587 3307 malo
1627 3265 1819 3325 quam
1867 3243 2142 3307 domum.
2165 3207 2331 3307 Sed

309 3333 434 3398 tibi
470 3333 637 3397 nihil
672 3333 903 3397 mando
939 3332 1345 3417 nominatim,
1390 3335 1603 3396 totum
1639 3353 1742 3396 me
1777 3335 1892 3395 tuo
1931 3331 2135 3396 amori
2165 3330 2331 3395 fidei-

313 3443 437 3506 que
482 3419 869 3486 commendo.

445 3507 628 3584 Quod
682 3513 748 3572 te
800 3510 870 3573 in
925 3512 1109 3573 tanta
1160 3509 1515 3573 hereditate
1561 3508 1642 3572 ab
1699 3508 1872 3573 omni
1920 3505 2334 3588 occupatione
2364 3532 2415 3571 3⁵
