2642 3923
269 785 294 831 1

261 3258 293 3306 3

330 181 463 246 284
978 182 1053 238 Μ.
1083 182 1298 238 TULLI
1336 182 1719 239 CICERONIS

1264 413 1439 481 XIV.

632 534 745 592 Ser.
776 537 841 590 in
877 534 1180 590 Formiano
1227 534 1388 589 VIH
1415 534 1489 593 K.
1518 536 1658 606 Apr.
1688 555 1739 592 a.
1772 540 1884 593 705
1922 540 2060 606 (49).

973 657 1230 714 CICERO
1267 656 1531 714 ATTICO
1571 659 1722 715 SAL.

469 767 772 832 Miseram
825 767 905 832 ad
957 771 1023 831 te
1077 785 1231 832 va
1274 765 1355 831 K.
1394 768 1755 852 exemplum
1811 769 2127 854 epistulae
2170 768 2357 834 Balbi

336 855 414 920 ad
505 878 606 920 me
669 860 735 920 et
789 853 1081 920 Caesaris
1143 855 1224 920 ad
1287 877 1452 921 eum.
1552 856 1718 921 Ecce
1781 857 1906 921 tibi
1973 858 2196 923 eodem
2258 859 2361 922 die
2417 884 2446 926 ε

337 941 558 1027 Capua
619 946 871 1009 litteras
936 944 1148 1027 accepi
1212 945 1292 1008 ab
1358 942 1429 1020 Q.
1484 942 1681 1010 Pedio
1749 942 2085 1010 Caesarem
2152 946 2231 1011 ad
2294 969 2362 1011 se

334 1032 541 1118 pridie
585 1030 738 1097 Idus
781 1031 1049 1096 Martias
1094 1032 1350 1096 misisse
1395 1031 1518 1097 hoc
1564 1033 1887 1116 exemplo:

471 1121 904 1204 ‘Pompeius
961 1142 1037 1186 se
1093 1120 1373 1205 oppido
1429 1125 1655 1186 tenet.
1745 1121 1903 1187 Nos
1958 1123 2046 1186 ad
2092 1127 2360 1206 portas

338 1206 595 1274 castra
663 1209 1044 1274 habemus,
1151 1206 1529 1273 Conamur
1611 1231 1798 1293 opus
1870 1231 2222 1295 magnum
2286 1215 2363 1276 et

337 1299 748 1362 multorum
815 1298 1105 1361 dierum
1168 1301 1488 1381 propter
1551 1297 2047 1363 altitudinem
2110 1299 2446 1367 mariam

339 1383 481 1450 Sed
550 1390 800 1451 tamen
869 1386 1079 1450 nihil
1151 1389 1293 1471 est,
1365 1385 1565 1470 quod
1635 1387 1897 1469 potius
1969 1387 2360 1454 faciamus.

337 1473 450 1538 Ab
523 1479 852 1558 utroque
922 1478 1192 1557 portus
1255 1495 1490 1539 cornu
1552 1475 1790 1539 moles
1854 1475 2204 1561 iacimus,
2275 1480 2362 1540 ut

339 1566 467 1626 aut
513 1562 736 1627 illum
794 1584 1011 1646 quam
1064 1562 1396 1645 primum
1450 1563 1811 1648 traicere,
1875 1564 2076 1647 quod
2129 1563 2363 1629 habet

338 1647 706 1715 Brundisi
761 1652 1189 1735 copiarum,
1245 1672 1609 1735 cogamus
1664 1655 1795 1715 aut
1840 1652 2055 1716 exitu
2100 1652 2361 1735 prohi-

337 1738 693 1803 beamus?
2390 1768 2444 1809 ιε

470 1825 601 1893 Ubi
667 1832 765 1892 est
827 1828 941 1892 illa
994 1850 1147 1913 pax,
1211 1828 1288 1892 de
1348 1850 1476 1911 qua
1529 1826 1773 1891 Balbus
1829 1828 2173 1912 scripserat
2232 1833 2362 1894 tor-

337 1916 518 2002 queri
574 1918 686 1982 se‘?
756 1916 1009 2001 Ecquid
1064 1916 1379 2000 acerbiuS,
1441 1916 1668 2001 ecquid
1712 1917 2073 1982 crudelius?
2142 1915 2234 1982 At
2238 1939 2363 2002 que

337 2028 484 2070 eum
537 2006 718 2089 loqui
765 2007 1026 2091 quidam
1072 2007 1482 2081 αὐθεντικῶς
1526 2005 1830 2070 narrabat
1875 2004 1988 2070 Cn.
2028 2005 2362 2092 Carbonis,

336 2093 421 2158 M.
476 2094 662 2158 Bruti
707 2117 795 2158 se
858 2117 1094 2178 poenas
1159 2094 1455 2178 persequi
1511 2094 1925 2177 omniumque
1981 2116 2229 2181 eorum,
2291 2096 2362 2160 in
2465 2125 2470 2130 ·

339 2204 500 2266 quos
549 2182 728 2246 Sulla
783 2183 1054 2247 crudelis
1099 2182 1224 2247 hoc
1270 2182 1444 2247 socio
1491 2182 1749 2266 fuisset3
1804 2182 1970 2246 nihil
2015 2147 2359 2248 Curionem
2388 2212 2442 2252 ao

337 2292 405 2335 se
451 2271 608 2335 duce
653 2272 875 2355 facere,
922 2271 1093 2355 quod
1135 2292 1270 2336 non
1311 2270 1421 2335 hic
1467 2269 1648 2335 Sulla
1694 2270 1849 2334 duce
1887 2271 2168 2356 fecisset3
2214 2272 2260 2353 †
2280 2272 2360 2336 ad

338 2359 772 2443 ambitionem,
833 2360 1068 2443 quibus
1114 2359 1326 2423 exsilii
1371 2380 1577 2442 poena
1621 2359 2060 2441 superioribus
2105 2359 2360 2445 legibus

334 2469 467 2512 non
529 2448 783 2532 fuisset,
848 2449 928 2511 ab
993 2448 1107 2512 illo
1170 2448 1415 2530 patriae
1460 2447 1823 2531 proditores
1870 2447 1946 2511 de
1993 2449 2220 2513 exsilio
2267 2470 2363 2512 re-

336 2536 561 2600 ductos
608 2557 773 2621 esse3
836 2536 1018 2620 queri
1063 2536 1140 2600 de
1185 2535 1428 2600 Milone
1473 2557 1586 2619 per
1634 2536 1762 2599 vim
1811 2536 2106 2621 expuls03
2164 2537 2360 2601 nemi-

332 2645 480 2688 nem
525 2628 740 2688 tamen
778 2646 846 2688 se
881 2625 1290 2708 violaturum,
1333 2624 1463 2688 nisi
1500 2624 1611 2707 qui
1650 2645 1826 2688 arma
1862 2629 2101 2689 contra.
2185 2624 2360 2690 Haec
2388 2651 2441 2692 25

334 2711 611 2777 Baebius
660 2714 919 2796 quidam
965 2736 1002 2776 a
1048 2711 1328 2777 Curione
1364 2729 1443 2776 111
1478 2709 1570 2776 Id.
1608 2713 1952 2797 profectus,
1996 2712 2191 2778 homo
2228 2735 2361 2777 non

332 2800 573 2885 infanS,
641 2801 750 2864 sed
805 2801 915 2885 qui
969 2801 1134 2865 nulli
1185 2823 1320 2865 non
1378 2801 1564 2864 dicat.
1653 2799 1850 2864 Plane
1897 2801 2140 2886 nescio,
2205 2802 2360 2886 quid

334 2910 521 2974 agam
617 2888 790 2953 Illim
837 2889 1132 2974 equidem
1180 2887 1470 2953 Gnaeum
1516 2889 1875 2972 profectum
1921 2893 2098 2972 puto.
2178 2889 2359 2965 Quic-

333 2978 489 3061 quid
535 2982 659 3061 est,
715 2978 912 3042 biduo
961 2979 1248 3042 sciemus,
1340 2977 1402 3041 A
1447 2981 1511 3041 te
1556 2977 1723 3040 nihil
1767 3000 1848 3041 ne
1893 2976 2174 3043 Anteros
2222 2980 2360 3063 qui-

332 3066 476 3129 dem
511 3066 900 3148 litterarum3
945 3088 1063 3131 nec
1097 3067 1349 3131 mirum.
1424 3064 1589 3140 Quid
1627 3066 1797 3129 enim
1834 3070 1951 3149 est,
1998 3066 2172 3150 quod
2209 3068 2357 3152 scri-
2387 3094 2441 3135 ao

330 3154 601 3218 bamus?
669 3153 817 3239 Ego
863 3158 1081 3219 tamen
1122 3155 1374 3219 nullum
1419 3154 1587 3217 diem
1633 3154 2094 3236 praetermittO.

468 3241 722 3325 Scripta
776 3243 1050 3326 epistula
1104 3242 1361 3306 litterae
1416 3241 1580 3305 mihi
1626 3246 1776 3306 ante
1821 3242 2029 3307 lucem
2077 3266 2114 3307 a
2161 3242 2362 3328 Lepta

333 3329 549 3412 Capua
611 3330 895 3394 redditae
961 3335 1111 3394 sunt
1171 3329 1332 3395 Idib.
1387 3331 1575 3395 Mart.
1626 3329 2006 3413 Pompeium
2064 3354 2101 3395 a
2158 3331 2361 3396 Brun-

330 3417 494 3479 disio
550 3418 1016 3501 conscendisse,
1074 3423 1141 3482 at
1189 3417 1529 3483 Caesarem
1587 3441 1641 3482 a.
1679 3418 1736 3483 d.
1776 3436 1877 3483 VII
1921 3417 2048 3483 Kal
2103 3419 2361 3503 Apriles

331 3501 586 3586 Capuae
631 3505 786 3568 fore.
2390 3536 2441 3575 ³5
