2642 3923
618 209 1130 263 EPISTULARUM
1165 209 1266 263 AD
1303 208 1631 264 ATTICUM
1666 209 1745 263 III
1784 214 2007 262 19—22.
2233 207 2320 271 93

298 353 633 506 m}
678 352 1352 524 zffiflfflffi
1398 356 1512 504 05:2-
1566 350 2135 505 3322-011052012133222
2171 354 2321 503 ιι

1356 494 1372 526 7

296 534 549 614 praeter
587 533 832 593 ceteros
863 530 1060 613 iuver,
1106 529 1169 593 id
1208 533 1521 612 quantum
1560 529 1646 592 sit
1681 528 2088 612 praesidium,
2134 527 2317 593 video

297 618 731 702 intellegoque
776 622 842 681 te
887 617 1124 681 multas
1161 622 1377 701 partes
1414 639 1590 681 meae
1628 617 1857 680 salutis
1897 621 1962 680 et
1999 616 2320 700 suscipere

243 733 270 771 ο
300 711 363 770 et
409 727 602 790 posse
647 706 965 770 sustinere
1000 727 1229 791 neque,
1270 710 1347 770 ut
1382 706 1475 770 ita
1509 706 1723 788 facias,
1768 706 2127 789 rogandum
2165 726 2317 768 esse.

298 792 480 869 Quod
534 816 637 858 me
683 798 860 859 vetas
918 794 1259 877 quicquam
1319 794 1629 877 suspicari
1690 793 1992 858 accidisse
2051 793 2129 856 ad
2188 793 2320 857 ami-
2357 809 2385 856 3

296 905 472 947 mum
519 886 723 968 tuum,
769 883 939 966 quod
989 904 1167 947 secus
1216 905 1254 946 a
1296 904 1400 946 me
1446 903 1598 967 erga
1643 885 1709 946 te
1755 882 2169 946 commissum
2206 885 2319 945 aut

296 972 818 1054 praetermissum
865 970 1213 1052 videretur,
1261 991 1482 1055 geram
1527 970 1651 1035 tibi
1695 992 1944 1035 morem
1986 974 2050 1034 et
2093 970 2319 1034 libera-

296 1058 417 1123 bor
464 1059 590 1123 ista
635 1080 805 1145 cura,
850 1059 973 1122 tibi
1020 1063 1235 1123 tamen
1281 1081 1356 1124 eo
1404 1059 1550 1143 plus
1596 1059 1871 1144 debeb0‚
1917 1080 2045 1141 quo
2093 1062 2206 1121 tua
2252 1058 2318 1121 in

218 1173 270 1212 10
299 1169 400 1212 me
443 1146 810 1211 humanitas
856 1147 1053 1211 fuerit
1091 1147 1404 1211 excelsior
1438 1169 1631 1230 quam
1669 1147 1737 1210 in
1772 1150 1840 1211 te
1876 1169 2027 1211 mea
2088 1146 2320 1247 Velim,

299 1235 450 1319 quid
497 1236 740 1322 videas,
786 1235 940 1318 quid
984 1234 1348 1320 intellegas,
1395 1235 1548 1318 quid
1595 1239 1852 1320 agatur,
1899 1236 1978 1299 ad
2025 1257 2127 1300 me
2173 1235 2319 1299 scri-

304 1325 414 1388 bas
461 1328 737 1406 tuosque
785 1345 1003 1388 omnes
1051 1324 1129 1387 ad
1173 1328 1465 1388 nostram
1512 1324 1786 1388 salutem
1833 1323 2185 1388 adhortere.

429 1410 711 1496 Rogatio
751 1409 923 1476 Sesti
966 1433 1175 1496 neque
1211 1410 1550 1497 dignitatis
1590 1412 1748 1477 satis
1784 1411 1982 1476 habet
2027 1433 2144 1476 nec
2179 1433 2319 1477 cau-

299 1499 512 1565 tionis.
605 1499 776 1564 Nam
832 1503 896 1564 et
950 1500 1333 1564 nominatim
1386 1501 1539 1564 ferri
1587 1503 1844 1584 oportet
1898 1504 1962 1564 et
2007 1500 2085 1564 de
2130 1499 2319 1564 bonis

217 1615 268 1654 ιο
297 1588 672 1673 diligentius
719 1588 941 1671 scribi,
979 1593 1044 1652 et
1087 1589 1153 1653 id
1200 1589 1673 1654 animadvertas
1718 1588 1926 1653 velim.
2000 1587 2171 1652 Data
2216 1605 2320 1652 1111

294 1674 521 1742 Nonas
568 1675 882 1741 Octobres
932 1676 1440 1741 Thessalonicae.

1221 1867 1393 1934 XXI.

615 1991 729 2048 Ser.
774 1992 1185 2047 messalonicae
1229 1992 1284 2046 V
1315 1992 1390 2046 K.
1431 1992 1571 2047 Nov.
1610 2010 1662 2047 a.
1704 1996 1816 2048 696
1854 1996 1998 2061 (58).

935 2113 1191 2170 CICERO
1231 2113 1494 2170 ATTICO
1535 2115 1682 2170 SAL.

217 2251 270 2290 20
433 2222 735 2308 Triginta
785 2224 920 2288 dies
976 2227 1159 2287 erant
1204 2223 1358 2306 ipsi,
1412 2245 1560 2287 cum
1609 2223 1728 2288 has
1774 2224 2004 2288 dabam
2050 2224 2321 2309 litteras,

297 2334 411 2395 per
457 2334 618 2413 quos
667 2313 877 2376 nullas
925 2333 963 2375 a
1007 2312 1199 2376 vobis
1240 2333 1619 2414 acceperam.
1711 2312 1874 2376 Mihi
1923 2318 2138 2377 autem
2184 2318 2321 2378 erat

299 2401 366 2463 in
413 2400 625 2465 ammo
670 2402 826 2487 iam,
883 2403 958 2463 ut
1005 2404 1192 2464 antea
1239 2400 1319 2464 ad
1366 2406 1432 2463 te
1477 2400 1732 2486 scripsi,
1794 2402 1887 2466 ire
1933 2402 1995 2466 in
2046 2401 2321 2485 Epirum

301 2490 366 2553 et
409 2487 503 2551 ibi
551 2510 802 2554 omnem
846 2507 1063 2553 casum
1117 2488 1530 2590 potissimum
1578 2494 2019 2573 exspectare.
2014 2489 2143 2555 'Fe
2188 2511 2322 2575 oro,

297 2579 390 2662 ut,
436 2577 492 2641 si
541 2577 694 2661 quid
733 2576 882 2660 erit,
942 2577 1114 2660 quod
1160 2576 1509 2660 perspicias
1557 2599 2021 2661 quamcumque
2066 2581 2137 2642 in
2180 2601 2319 2679 par-

217 2693 268 2733 85
298 2670 457 2749 tem,
503 2686 696 2749 quam
740 2665 1110 2750 planissime
1164 2666 1245 2729 ad
1289 2686 1394 2728 me
1438 2666 1683 2730 scribas
1731 2672 1795 2731 et
1855 2688 1995 2730 meo
2042 2666 2320 2752 nomine,

302 2759 373 2816 ut
421 2716 676 2839 s'cribis,
722 2753 1001 2837 litteraS,
1057 2752 1293 2836 quibus
1339 2753 1604 2836 putabis
1654 2775 1814 2838 opus
1863 2775 2028 2841 esse,
2071 2758 2148 2819 ut
2194 2755 2318 2819 des.

298 2839 470 2905 Data
506 2860 552 2904 v
589 2840 729 2906 Kal.
777 2840 1191 2905 Novembres

1209 3017 1410 3082 XXII.

218 3221 272 3261 ³⁰
408 3138 521 3195 Ser.
554 3139 764 3208 panim
805 3138 1483 3277 Παεεαῖοπίοαεὲἇαιὲιὸίέἶ
1517 3137 1802 3208 Dyrrachi
1848 3138 1939 3191 VI
1967 3139 2041 3192 K.
2081 3139 2212 3194 Dec.

1116 3226 1166 3262 a.
1385 3227 1388 3230 ¹
1492 3253 1498 3260 .

938 3330 1193 3386 CICERO
1235 3330 1498 3387 ATTICO
1535 3330 1683 3385 SAL.

432 3440 583 3506 Etsi
631 3440 971 3525 diligenter
1017 3441 1095 3505 ad
1141 3461 1244 3505 me
1279 3438 1557 3515 Quintus
1595 3440 1795 3504 frater
1841 3444 1906 3504 et
1942 3438 2114 3526 Piso,
2158 3461 2323 3524 quae
2360 3460 2381 3504 1

304 3535 517 3595 essent
563 3532 726 3613 acta,
771 3529 1174 3613 scripserant,
1217 3532 1435 3593 tamen
1469 3528 1704 3593 vellem
1734 3532 1852 3592 tua
1884 3532 1950 3591 te
1987 3527 2319 3610 occupatio
