2642 3923
357 179 533 233 XXVI
994 180 1146 233 ΑΒΝ
1149 178 1413 233 ΟΤΑΤΙΟ
1454 178 1736 233 CRITICA

356 337 385 373 e
462 321 592 374 VIII
611 327 854 388 23.8ex.,
873 320 1005 374 Iust.
1025 320 1075 373 X
1096 327 1177 373 3.1
1195 337 1296 387 ex,
1320 319 1548 373 XXXIX
1570 327 1681 388 3.1,
1701 320 1995 374 Lucan.VI
2017 325 2135 387 130,
2155 326 2220 374 at
2236 319 2368 374 fam.

406 391 481 444 IV
503 399 550 445 2.
566 399 694 445 2ex.
726 391 987 460 (Boeckel
1009 407 1092 460 ep.
1113 395 1218 460 19),
1248 393 1309 444 in
1330 393 1526 460 quibas
1540 409 1674 460 pars
1691 393 1935 445 Romani
1951 392 2168 459 imperii
2184 393 2374 458 fierent

356 463 471 516 Tac
509 463 690 516 Germ.
713 468 796 515 29.
819 469 867 515 4.
898 494 968 502 -
996 468 1063 515 30
1091 463 1203 516 Ilio
1233 462 1351 516 cod.
1373 463 1416 515 F
1446 462 1754 532 (Lehmann
1782 463 1897 515 Abia.
1921 480 1973 531 p.
1999 465 2103 527 15),
2141 461 2375 532 Madvig

355 533 549 587 Adv.1
585 552 638 603 p.
673 539 799 601 145,
845 532 1136 601 Wesenb„
1182 532 1344 600 Boot,
1391 533 1633 601 Tyrrell,
1681 535 1779 588 illo
1824 532 1999 603 vulg,
2046 532 2253 586 Baiter.
2302 564 2373 573 ——

356 610 421 658 31
496 606 606 658 uod
643 603 837 657 malim
875 620 1046 671 quam
1082 605 1229 672 quid.
1285 603 1376 656 Ad
1455 609 1571 657 .10.
1595 610 1679 657 24.
1725 606 1744 672 ΙΙ
1799 603 1867 658 Ρ.
1900 603 1998 658 80.
2028 609 2060 655 3
2098 605 2262 657 audi
2298 605 2374 657 ad

358 675 427 728 de
463 623 833 743 zVesenbergi
870 674 1192 728 coniectura
1227 621 1471 743 Tyrrelz
1527 677 1725 728 neuter
1758 692 1813 744 p.
1846 681 1963 728 122.
1999 680 2082 741 11,
2130 680 2247 727 442.
2286 680 2370 728 11.

358 744 437 804 Cf.
471 746 545 799 ad
578 764 633 815 p.
665 751 748 827 se.
783 751 864 798 14.
922 776 999 787 ..
1047 751 1115 798 20
1160 747 1334 799 errori
1378 745 1608 815 Madvig
1651 745 1790 799 Adv.
1819 745 1897 797 111
1931 764 1986 814 p.
2020 750 2147 810 169,
2192 745 2371 814 prob„

356 816 1457 940 ³333.353133'2130ffl23132fi‘223421
1479 816 1970 942 {gdiffiilffiz
1994 822 2373 953 {ww}

358 975 459 1011 scr.
491 957 780 1021 Wesenb.,
826 958 982 1011 Boot.
1049 957 1139 1010 Ad
1173 975 1228 1026 p.
1261 963 1343 1010 77.
1377 963 1458 1011 15.
1506 988 1576 998 --
1631 964 1697 1010 32
1745 958 2062 1012 decessisset
2105 956 2368 1009 Wesenb.

359 1045 430 1081 ne
476 1030 629 1082 recte
676 1028 927 1097 quidem,
983 1044 1093 1081 non
1130 1028 1296 1081 modo
1332 1027 1643 1097 improbab.
1709 1028 1800 1081 Ad
1836 1046 1889 1098 p.
1923 1034 2039 1080 363.
2073 1033 2120 1080 5.
2178 1058 2254 1075 --.
2304 1033 2371 1081 33

358 1100 539 1154 Maiis
597 1099 723 1153 add.
764 1101 894 1167 post
938 1099 1025 1152 Id.
1058 1097 1345 1166 Wesenb.,
1403 1098 1553 1166 quod
1589 1098 1648 1151 M
1693 1098 1868 1152 habet
1910 1100 2048 1152 Idus
2088 1098 2295 1152 Maias.
2351 1099 2374 1221 ³!

428 1171 498 1224 P.
520 1170 617 1224 81.
642 1176 707 1224 10
745 1170 1075 1224 avelleretur
1102 1169 1204 1237 Μ’,
1249 1169 1416 1239 vulg,
1455 1170 1760 1224 evelleretur
1786 1169 1888 1235 M¹‚
1916 1169 2125 1235 Baiter,
2154 1167 2349 1236 Tyrrel

359 1256 442 1310 ep.
475 1246 560 1308 65,
599 1240 749 1308 quod
784 1257 895 1294 non
933 1256 1111 1293 essem
1151 1256 1317 1293 ausus
1355 1242 1592 1307 mutare,
1629 1240 1741 1293 nisi
1781 1240 1919 1293 alibi
1954 1255 2174 1307 quoque
2204 1256 2372 1308 saepe

357 1327 583 1365 necesse
639 1313 811 1378 esset,
868 1309 1022 1364 velut
1073 1328 1126 1380 p.
1168 1316 1286 1364 208.
1317 1316 1385 1364 29
1432 1312 1640 1365 emend.
1669 1310 1883 1365 habent
1929 1310 2115 1377 codd.,
2172 1316 2289 1363 219.
2321 1316 2370 1375 4,

357 1388 478 1436 438.
510 1390 540 1435 2
588 1383 811 1451 (rebare
858 1382 1105 1450 Caesare)
1152 1399 1179 1435 e
1223 1397 1324 1450 pro
1374 1399 1423 1435 a.
1501 1379 1579 1436 Of.
1613 1382 1682 1435 de
1729 1398 1841 1435 sen.
1871 1400 1925 1451 Ρ.
1949 1386 2067 1435 156,
2097 1386 2194 1447 28,
2251 1380 2354 1434 Mil

359 1458 476 1507 310.
501 1459 592 1519 24;
631 1454 842 1507 ascend.
867 1455 925 1506 et
950 1453 1150 1506 escend.
1171 1469 1224 1521 p.
1251 1458 1367 1505 104.
1392 1458 1423 1504 3
1444 1455 1548 1506 etc.
1579 1483 1649 1493 —-
1677 1459 1743 1505 22
1772 1454 1854 1507 ita
1883 1451 2061 1518 codd,
2091 1451 2370 1520 Wesenb.‚

357 1526 466 1578 ista
494 1523 746 1592 Schuetz,
783 1522 992 1589 Baiter,
1029 1523 1188 1590 Boot,
1225 1521 1459 1592 Tyrrell.
1525 1522 1591 1577 V.
1613 1523 1901 1576 Lehmann
1928 1522 2178 1587 Quaestt‘.
2200 1541 2253 1592 p.
2278 1528 2370 1589 79;

360 1595 434 1648 ad
469 1594 649 1649 Deiot.
670 1612 725 1663 p.
748 1600 867 1648 350.
890 1600 937 1648 1.
967 1624 1036 1634 --
1066 1600 1134 1646 24
1161 1594 1402 1660 infirma
1427 1601 1558 1648 sant
1583 1593 1730 1663 vulg.
1754 1594 1897 1661 edd.,
1934 1594 2080 1647 Boot,
2104 1593 2371 1662 Pluyger-

360 1666 443 1719 sio
473 1668 532 1718 et
559 1663 768 1718 Cobeto
799 1664 1119 1718 auctoribus
1149 1664 1393 1718 seclusit.
1431 1663 1498 1719 V.
1527 1664 1816 1718 Lehmann
1842 1664 1935 1718 1.1.
1958 1696 2027 1706 -
2047 1670 2114 1718 34
2148 1665 2371 1718 Thessa-

361 1737 559 1790 lonica
594 1734 875 1794 Wesenb..
912 1735 1070 1788 Boot.
1128 1735 1217 1787 Ad
1253 1752 1307 1804 p.
1333 1740 1415 1789 77.
1439 1740 1520 1789 15.
1569 1738 1587 1804 11
1631 1737 1701 1790 P.
1724 1736 1821 1790 82.
1842 1737 1988 1795 4,ad
2016 1753 2067 1789 a.
2088 1736 2140 1789 d.
2160 1734 2370 1801 Baiter,

358 1806 516 1874 Boot,
536 1805 755 1874 Tyrrell
774 1822 858 1875 ep.
877 1812 942 1859 67
964 1805 1213 1875 probab.‚
1232 1822 1347 1859 non
1366 1808 1524 1872 oert.;
1554 1822 1896 1874 quamquam
1915 1809 2067 1859 errat
2082 1804 2373 1858 Woelfflin

363 1877 611 1930 ‘Archiv’
651 1876 728 1929 IV
773 1894 824 1946 p.
858 1883 941 1930 62.
1001 1874 1080 1932 Cf.
1112 1882 1194 1932 58.
1226 1883 1308 1932 14.
1366 1907 1436 1917 -
1492 1883 1558 1930 29
1604 1894 1718 1931 non
1754 1884 1853 1931 aut
1887 1876 2119 1944 Madvig
2154 1876 2291 1929 Adv.
2323 1875 2373 1928 Π

358 1967 410 2018 p.
435 1954 554 2015 235,
583 1946 862 2015 Wesenb„
901 1966 947 2002 v.
971 1953 1035 2002 31
1066 1949 1221 2003 vivas
1246 1946 1429 2019 [riori]
1454 1947 1787 2003 amitterem?
1829 1946 2048 2015 Tyrrell
2074 1946 2234 2000 falso,
2285 1944 2370 2000 Ci-

362 2036 485 2073 cero
521 2019 628 2073 hoc
663 2018 802 2072 mihi
839 2019 1059 2073 videtur
1096 2019 1304 2073 dicere:
1345 2022 1411 2073 ut
1446 2019 1585 2072 mihi
1622 2018 1776 2087 optio
1815 2017 2044 2070 daretur
2081 2020 2180 2069 aut
2207 2017 2372 2070 amit-

360 2091 518 2144 tendi
555 2091 696 2145 haec
724 2092 825 2143 aut
849 2090 1141 2157 moriendi,
1170 2091 1206 2144 i.
1229 2106 1274 2143 e.
1297 2092 1463 2155 certe,
1486 2090 1620 2142 dum
1638 2090 1893 2154 viverem,
1923 2104 2035 2141 non
2054 2087 2370 2156 amittendi,

361 2178 494 2214 sane
533 2162 671 2214 satis
708 2161 923 2230 putide,
971 2161 1070 2213 sed
1106 2161 1167 2214 in
1203 2161 1479 2215 eiusmodi
1514 2161 1679 2214 rebus
1717 2176 1816 2213 suo
1856 2175 2024 2212 more.
2100 2157 2373 2211 Similiter

361 2240 460 2287 aut
502 2233 749 2301 positum
795 2234 883 2284 est
917 2249 969 2300 p.
1000 2236 1084 2285 81.
1117 2237 1183 2285 10
1264 2234 1283 2301 ΙΙ
1348 2230 1416 2285 P.
1448 2231 1545 2286 83.
1577 2237 1608 2285 5
1654 2230 2053 2285 Thessalonica
2089 2228 2371 2296 Wesenb.,

361 2303 518 2356 Boot.
591 2302 682 2355 Ad
718 2321 771 2372 p.
804 2308 886 2356 77.
920 2308 1000 2356 15.
1041 2334 1109 2342 -
1150 2308 1214 2355 12
1252 2304 1520 2356 tenebant
1556 2301 1655 2367 Μ’,
1693 2302 1902 2368 Baiter,
1940 2299 2159 2369 Tyrrell
2195 2316 2280 2370 ep.
2304 2305 2370 2354 68

365 2374 433 2443 (is
472 2392 519 2427 v,
552 2380 581 2426 9
619 2380 691 2428 at
726 2381 852 2427 tuae
889 2373 1008 2426 sine
1046 2373 1218 2426 dubio
1255 2375 1460 2442 errore)
1495 2372 1661 2426 male.
1699 2373 1781 2443 ⁴V.
1806 2373 1879 2425 ad
1906 2373 2046 2425 Mur.
2068 2390 2121 2441 p.
2144 2378 2261 2424 323.
2285 2377 2371 2438 35,

362 2444 473 2498 Pis.
510 2451 626 2498 1··5.
659 2449 743 2512 28,
781 2443 884 2496 Mil
922 2449 1039 2497 286.
1063 2450 1148 2510 29,
1184 2444 1315 2497 fam.
1341 2450 1460 2497 203.
1484 2450 1568 2509 29,
1606 2443 1701 2497 hic
1739 2449 1820 2496 11.
1843 2449 1928 2509 27,
1970 2448 2172 2496 123.26
2200 2444 2303 2495 etc.
2356 2447 2373 2512 ᾖ,

436 2516 505 2569 Ρ.
538 2514 635 2569 84.
667 2521 698 2568 2
737 2516 788 2568 ei
824 2514 930 2568 del.
961 2515 1104 2568 Boot
1143 2516 1292 2568 ‘cum
1329 2515 1418 2568 R’.
1449 2546 1518 2554 —-
1548 2520 1614 2567 10
1635 2531 1716 2581 sq.
1755 2514 1970 2567 Scilicet
1995 2544 2064 2553 ——
2091 2514 2371 2581 significa-

363 2604 506 2641 ram
533 2585 765 2655 Madvig
790 2585 928 2638 Adv.
950 2585 1024 2638 III
1051 2603 1105 2654 p.
1130 2591 1230 2639 169
1249 2602 1348 2653 sq„
1378 2585 1620 2639 Licet—
1637 2584 2015 2654 siynifiicarem
2047 2583 2223 2649 codd,
2246 2601 2374 2636 cum

365 2673 526 2710 eruce
563 2656 731 2723 Boot,
779 2656 935 2711 Licet
977 2686 1047 2697 —-
1090 2654 1813 2729 significarim-Victorius,
1851 2652 1998 2723 vulg.
2030 2653 2155 2707 edd.
2197 2684 2267 2694 ·—
2305 2660 2369 2708 11

363 2729 456 2782 sed
494 2743 656 2796 opera
691 2734 789 2781 tua
825 2728 960 2780 mihi
996 2744 1097 2781 ser.
1127 2744 1267 2780 mus,
1299 2726 1473 2779 Rhen.
1508 2731 1644 2780 1898
1681 2743 1734 2795 p.
1767 2730 1868 2778 123
1891 2742 1990 2792 sq.,
2027 2725 2079 2779 si
2112 2725 2375 2779 donatam

362 2805 426 2852 at
462 2798 620 2851 codd.
652 2799 709 2850 et
747 2815 870 2850 cum
909 2813 1070 2851 cruce
1107 2798 1259 2865 edd,
1305 2799 1367 2854 id
1412 2798 1721 2852 omittamus
1764 2795 1994 2864 Madvig
2037 2795 2075 2849 1.
2103 2794 2168 2862 l.‚
2215 2794 2371 2865 prob.

363 2868 520 2922 Boot.
577 2898 647 2908 —
700 2874 763 2920 12
819 2875 868 2923 te
920 2885 986 2922 re
1030 2869 1153 2922 istic
1195 2870 1356 2935 vett„
1412 2867 1674 2922 Wesenb.
1731 2899 1801 2908 --
1857 2873 1922 2920 15
1976 2867 2376 2921 Tbessalonica

364 2938 652 3005 Wesenb.,
698 2938 854 2992 Boot.
927 2938 1018 2991 Ad
1053 2957 1107 3007 p.
1141 2944 1336 2994 77.15.
1385 2970 1455 2980 --
1505 2945 1571 2992 27
1593 2956 1673 3007 sq.
1704 2955 1884 3007 meque
1929 2937 2033 3005 (sic
2078 2937 2258 3005 codd.)
2305 2966 2375 2978 -·-

363 3026 476 3063 non
514 3008 645 3062 Otto
682 3026 821 3063 mue.
850 3009 1026 3063 Rhen.
1060 3013 1196 3064 1886
1232 3028 1286 3079 Ρ.
1318 3015 1439 3077 366,
1476 3027 1665 3079 neque
1700 3040 1769 3049 —
1805 3026 1894 3062 me
1929 3025 2036 3064 esse
2074 3010 2174 3061 aut
2207 3024 2376 3077 ‘neque

364 3097 444 3134 me
489 3081 741 3148 temporis
788 3080 940 3148 edd.,
986 3079 1130 3134 Boot
1174 3080 1294 3135 sine
1339 3081 1669 3151 pronomine
1716 3079 1810 3149 (ad
1845 3097 1898 3148 p.
1933 3080 2152 3145 11.11).
2225 3079 2292 3133 N
2296 3094 2377 3132 on

365 3167 469 3204 om.
499 3150 559 3203 in
599 3150 756 3204 codd.
785 3169 840 3220 Ρ.
874 3155 991 3205 105.
1016 3157 1099 3218 32,
1140 3156 1258 3205 138.
1283 3157 1367 3219 15,
1408 3157 1524 3205 163.
1548 3158 1596 3219 6,
1636 3157 1754 3204 224.
1776 3156 1861 3216 26,
1891 3156 2009 3203 229.
2036 3155 2117 3217 14,
2148 3155 2265 3203 260.
2291 3155 2375 3217 14,

365 3227 483 3275 265.
516 3227 564 3288 3,
604 3227 723 3275 296.
754 3227 823 3274 24
862 3221 1019 3275 alter.
1050 3238 1154 3275 om.
1185 3222 1287 3289 M¹,
1327 3228 1446 3276 298.
1478 3228 1562 3290 32,
1601 3227 1719 3276 303.
1752 3227 1835 3287 35,
1875 3226 1993 3274 319.
2025 3226 2109 3286 22,
2148 3226 2266 3273 325.
2289 3225 2375 3287 23,

365 3298 484 3346 397.
509 3298 607 3360 33,
656 3298 777 3347 417.
809 3298 903 3359 33,
950 3298 1070 3346 430.
1105 3299 1195 3360 16,
1243 3298 1364 3347 488.
1396 3299 1490 3361 26,
1540 3298 1661 3347 489.
1692 3298 1742 3359 6,
1790 3291 1965 3345 addit.
1993 3309 2047 3361 p.
2082 3297 2165 3345 71.
2196 3297 2226 3344 2
2263 3307 2378 3345 ‘mm

362 3365 599 3434 myrea„
647 3369 766 3418 266.
799 3369 829 3416 9
866 3381 981 3418 nori
1016 3381 1107 3431 eae,
1155 3370 1275 3419 289.
1306 3370 1374 3419 30
1411 3381 1524 3418 nori
1558 3370 1768 3431 nostre,
1816 3368 1934 3417 291.
1966 3367 2000 3415 4
2046 3378 2161 3416 ‘non
2194 3363 2377 3429 huius,

365 3441 482 3488 296.
515 3442 548 3488 4
594 3451 706 3488 ‘non
743 3441 933 3502 pote8t.
1006 3432 1084 3488 Cf.
1127 3435 1200 3487 ad
1244 3453 1298 3505 p.
1341 3441 1458 3489 124.
1492 3441 1584 3501 31,
1643 3439 1759 3488 193.
1792 3439 1884 3500 36,
1941 3439 2062 3487 499.
2091 3438 2185 3498 20,
2242 3432 2373 3486 fam.

363 3524 415 3575 p.
439 3512 486 3560 3.
511 3512 594 3559 32.
635 3537 703 3545 —-
741 3511 807 3558 32
846 3513 962 3560 aut
996 3506 1269 3561 volantati
1285 3504 1438 3559 Wes,
1462 3506 1580 3559 sine
1618 3505 1738 3558 ulla
1778 3521 1961 3558 causa.
2036 3505 2054 3571 ΙΙ
2137 3504 2207 3557 P.
2228 3502 2377 3558 85.2
