2642 3923
315 168 445 233 476
978 168 1052 222 M.
1092 168 1303 222 TULLI
1341 166 1718 223 CICERONIS
2584 0 2604 286 l

263 331 295 377 4
448 312 537 376 Et
590 312 750 376 heus
806 315 907 378 tu!
975 333 1057 376 ne
1115 313 1284 375 forte
1344 313 1433 375 sis
1492 313 1773 395 nescius,
1837 311 2175 376 Dolabella
2235 333 2342 375 me
2595 299 2605 446 ι

317 395 445 465 sibi
506 401 749 485 legavit
813 423 866 465 a.
923 401 978 464 d.
1035 418 1140 463 1111
1194 399 1258 463 N
1262 422 1435 465 onas.
1540 399 1614 464 Id
1673 400 1833 464 mihi
1888 400 2028 464 heri
2083 399 2339 483 vesperi

314 489 685 554 nuntiatum
740 493 855 553 est.
944 488 1186 552 Votiva
1238 511 1320 552 ne
1374 489 1498 553 tibi
1556 488 1814 572 quidem
1860 489 2179 572 placebat3
2247 494 2341 552 et-

316 578 486 642 enim
531 581 668 641 erat
705 578 1073 661 absurdum,
1120 599 1299 661 quae,
1346 578 1402 641 si
1441 578 1729 641 stetisset
1765 600 1868 642 res
1906 577 2183 662 publiea,
2227 599 2340 640 vo-
2605 633 2610 660 ,

315 666 569 752 vissem,
613 687 687 729 ea
730 687 833 729 me
879 687 1098 730 eversa
1143 665 1256 729 illa
1301 670 1455 729 vota
1503 666 1865 731 dissolvere.
1941 666 2030 729 Et
2074 665 2338 751 habent,
2397 696 2423 735 5
2606 667 2614 734 1

317 755 563 839 opinor,
607 754 846 818 liberae
891 754 1247 838 legationes
1294 754 1628 819 definitum
1673 758 1927 837 tempus
1974 754 2115 838 lege
2151 752 2340 837 Iulia,

315 865 430 906 neo
474 842 659 906 facile
697 842 842 906 addi
879 846 1112 927 potest.
1184 841 1364 906 Aveo
1404 863 1606 927 genus
1644 842 2009 927 legationis,
2055 846 2145 924 ut,
2191 864 2340 906 oum

313 931 504 1017 velis,
561 931 850 1016 introire,
907 931 1079 995 exire
1124 930 1342 1016 liceat3
1393 931 1581 1032 ‘quod
1623 953 1794 995 nuno
1839 894 2009 995 mihi'
2050 930 2340 995 additum

315 1024 430 1083 est.
512 1018 694 1083 Bella
739 1022 839 1084 est
885 1023 1101 1083 autem
1145 1019 1338 1083 huius
1388 1019 1547 1083 iuris
1595 1019 2020 1103 quinquennii
2057 1019 2337 1083 lieentia.

316 1107 717 1191 Quamquam
779 1109 933 1189 quid
992 1110 1065 1172 de
1129 1107 1567 1191 quinquennio
1629 1108 1949 1191 cogitem?
2024 1105 2341 1171 Contrahi
2370 1140 2426 1178 10

315 1196 476 1260 mihi
518 1197 856 1280 negotium
901 1196 1168 1260 videtur.
1263 1194 1388 1259 Sed
1431 1198 1789 1282 βλάσφημα
1835 1197 2182 1260 mittamus,

1253 1370 1397 1437 XII.

576 1493 688 1549 Sor.
717 1494 782 1547 in
818 1493 1043 1548 Antiati
1088 1493 1141 1545 V
1171 1492 1279 1546 aut‘
1305 1494 1402 1546 IV
1433 1495 1518 1548 Id.
1550 1494 1679 1547 Ium.
1710 1511 1762 1548 a.
1794 1497 1903 1549 710
1940 1497 2077 1562 (44).

921 1616 1211 1671 CICERO
1246 1617 1541 1672 ATTICO
1576 1618 1740 1673 SAL.

251 1744 276 1791 1
450 1725 623 1790 Bene
686 1725 1046 1790 mehercule
1109 1726 1184 1789 de
1250 1725 1591 1790 Buthroto.
1691 1726 1783 1789 At
1847 1748 1966 1811 ego
2032 1726 2341 1791 Tironem
2369 1758 2419 1797 15

317 1815 395 1879 ad
449 1813 855 1879 Dolabellam
910 1836 1055 1878 oum
1109 1814 1377 1900 litteris,
1442 1815 1593 1898 quia
1648 1815 1956 1899 iusseraS‚
2020 1816 2338 1880 miseram.

318 1902 482 1980 Quid
541 1903 772 1968 nooet‘?
845 1900 942 1968 De
987 1902 1230 1968 nostris
1278 1907 1491 1967 autem
1539 1903 1917 1968 Antiatibus
1965 1904 2122 1968 satis
2171 1905 2341 1969 vide-

318 1992 434 2056 bar
494 1993 681 2076 plane
747 1992 1104 2077 scripsisse,
1170 1995 1243 2054 ut
1297 2014 1426 2056 non
1486 1993 1844 2078 dubitareS,
1909 1993 2064 2075 quin
2122 1998 2339 2057 essent

319 2082 514 2145 otiosi
574 2081 781 2144 futuri
835 2080 1141 2163 usurique
1196 2080 1506 2145 beneficio
1553 2080 1800 2145 Antoni
1854 2082 2335 2146 contumeliosa

319 2168 579 2233 Cassius
625 2168 1112 2233 frumentariam
1158 2190 1293 2232 rem
1340 2169 1832 2252 aspernabatur3
1877 2193 2018 2233 eam
2065 2168 2339 2235 Servilia
2367 2202 2421 2240 20

319 2257 717 2321 sublaturam
755 2279 831 2320 ex
868 2262 1127 2320 senatus
1157 2257 1453 2320 consulto
1491 2279 1559 2321 se
1597 2279 1734 2321 esse
1763 2258 2032 2323 dicebat.
2095 2257 2341 2323 Noster

319 2368 467 2410 vero
515 2344 624 2410 καὶ
670 2347 844 2429 μάλα
890 2357 1141 2428 σεμνῶς
1187 2346 1256 2408 in
1292 2344 1535 2430 Asiam,
1580 2350 2000 2430 posteaquam
2037 2345 2198 2411 mihi
2236 2352 2339 2412 est

320 2435 624 2497 adsensus
680 2438 825 2497 tuto
884 2455 951 2497 se
997 2433 1239 2497 Romae
1294 2455 1434 2498 esse
1490 2455 1622 2497 non
1668 2456 1856 2517 posse
1902 2434 2117 2520 (ludos
2165 2436 2338 2500 enim

319 2523 550 2587 absens
606 2523 812 2586 faeere
866 2520 1201 2607 malebat),
1268 2522 1490 2586 statim
1547 2522 1655 2586 ait
1695 2545 1760 2586 se
1816 2523 2088 2610 iturum,
2142 2524 2338 2589 simul

320 2633 390 2675 ao
435 2611 735 2674 ludorum
778 2615 1159 2711 apparatum
1205 2611 1312 2694 iis,
1371 2611 1483 2694 qui
1528 2611 1812 2675 curaturi
1858 2616 2090 2699 essent,
2142 2614 2338 2677 tradi-
2366 2644 2418 2682 25

319 2700 534 2763 disset.
625 2698 905 2783 Navigia
950 2699 1320 2783 colligebat3
1369 2704 1505 2763 erat
1552 2701 1801 2763 animus
1850 2701 1917 2763 in
1963 2722 2167 2765 eursu.
2233 2701 2337 2766 In-

319 2793 491 2851 terea
547 2787 615 2850 in
671 2787 872 2851 isdem
928 2787 1085 2852 loeis
1133 2791 1313 2850 erant
1360 2788 1579 2851 futuri.
1672 2788 1914 2851 Brutus
1963 2777 2222 2871 quidem
2272 2813 2340 2854 se

247 2895 279 2941 2
319 2876 531 2940 aiebat
574 2875 869 2941 Asturae.
944 2874 1013 2939 L.
1046 2876 1301 2958 quidem
1347 2875 1672 2940 Antonius
1709 2877 2062 2941 liberaliter
2096 2878 2338 2943 litteris

320 2965 456 3028 sine
519 2985 671 3027 eura
732 2987 834 3027 me
899 2985 1037 3028 esse
1100 2964 1296 3028 iubet.
1398 2963 1624 3028 Habeo
1685 2987 1885 3028 unum
1938 2966 2338 3053 beneficium,

321 3053 593 3116 alterum
638 3053 934 3138 fortasse,
976 3054 1036 3115 si
1071 3052 1139 3115 in
1177 3052 1611 3117 Tusculanum
1648 3054 1909 3117 venerit.
1984 3052 2036 3117 Ο
2074 3057 2339 3139 negotia
2367 3086 2421 3124 so

317 3164 448 3204 non
487 3141 766 3204 ferenda!
830 3163 990 3247 quae
1027 3141 1324 3204 feruntur
1360 3146 1593 3205 tamen.
1677 3143 1899 3206 Τῶνδε
1946 3145 2166 3207 αἰτίαν
2202 3157 2339 3209 τῶν

318 3231 640 3311 Βρούτων
702 3254 801 3305 τις
863 3232 1022 3312 «ἔχεις
1086 3228 1162 3293 111
1218 3228 1598 3315 OctavianO,
1663 3234 1736 3293 ut
1792 3231 2118 3316 perspexi,
2176 3234 2338 3297 satis

317 3318 588 3402 ingenii,
642 3317 801 3380 satis
849 3317 1064 3401 animi,
1111 3318 1569 3401 videbaturque
1617 3340 1769 3403 erga
1813 3323 2071 3383 nostros
2118 3321 2340 3405 ἥρωας

316 3406 411 3469 ita
455 3407 627 3490 fore,
681 3409 755 3469 ut
799 3427 918 3469 nos
965 3407 1291 3491 veUemus,
1339 3407 1676 3471 animatus.
1770 3405 1890 3471 Sed
1939 3409 2093 3490 quid
2139 3411 2340 3474 aetati

318 3493 696 3556 eredendum
770 3494 883 3578 sit,
951 3494 1104 3576 quid
1167 3495 1441 3581 nomini,
1519 3496 1672 3579 quid
1735 3496 2105 3582 hereditati,
2181 3499 2338 3581 quid
2366 3526 2421 3566 35
