2642 3923
325 163 453 227 278
965 163 1039 217 Μ.
1078 162 1294 217 TULL1
1332 162 1709 218 CICERONIS

325 306 455 370 tuit
492 306 834 392 attendere,
880 329 1202 371 sermones
1240 307 1540 389 minaces,
1587 306 1880 370 inimicos
1919 307 2348 395 optimatium,

324 395 818 478 municipiorum
864 395 1103 480 hosteS,
1147 417 1356 459 meras
1395 394 1915 479 proscriptioneS,
1957 417 2166 460 meros
2204 393 2347 483 Sul-

325 483 450 567 las3
496 504 658 567 quae
704 482 1045 548 Lucceium
1089 484 1288 569 loqui,
1335 505 1497 567 quae
1544 487 1750 547 totam
1787 481 2137 569 Graeciam,
2183 506 2346 587 quae

328 594 478 636 vero
544 571 1023 655 Theophanem!
1095 572 1186 636 Et
1242 577 1459 636 tamen
1524 572 1731 636 omnis
1786 593 1931 655 spes
1990 572 2218 637 salutis
2276 575 2346 637 in

325 659 459 723 illis
506 665 623 744 est,
668 665 733 723 et
778 682 897 745 ego
946 661 1187 725 excubo
1236 662 1450 724 animo
1487 681 1603 724 nec
1638 663 1887 743 partem
1923 659 2123 735 ullam
2162 662 2343 745 capio
2396 688 2425 727 ⁵

325 748 560 830 quietis
615 753 710 833 et,
763 753 838 812 ut
893 748 1012 813 has
1059 752 1272 833 pestes
1319 747 1651 833 effugiam,
1705 769 1849 812 cum
1896 748 2341 813 dissimillimis

322 837 534 900 nostri
581 857 717 900 esse
763 837 978 920 cupio!
1044 835 1210 912 Quid
1256 838 1426 901 enim
1471 841 1544 900 tu
1589 836 1724 900 illic
1762 835 2145 919 Scipionem,
2191 838 2342 922 quid

323 922 661 1010 Faustum,
717 926 873 1008 quid
917 924 1227 990 Libonem
1282 926 1883 1010 praetermissurum
1930 925 2185 990 sceleris
2231 949 2344 1010 pu-

323 1017 452 1098 tas,
507 1034 781 1097 quorum
836 1015 1180 1078 creditores
1241 1013 1580 1078 convenire
1626 1014 1968 1077 dicuntur?
2031 1015 2189 1097 quid
2233 1036 2342 1079 eos

325 1104 566 1185 autem,
621 1122 766 1165 cum
821 1102 1116 1186 vicerint,
1167 1104 1238 1166 in
1282 1103 1452 1166 cives
1498 1102 1878 1166 effecturos?
1951 1124 2144 1185 quam
2188 1125 2340 1167 vero
2369 1131 2423 1170 10

321 1194 769 1274 μικροψυχίαν
813 1188 1016 1254 Gnaei
1070 1154 1282 1255 riostri
1338 1191 1518 1255 esse?
1591 1189 1914 1254 Nuntiant
1970 1189 2342 1276 Aegyptum

321 1281 387 1341 et
433 1277 738 1341 Arabiam
785 1277 1145 1362 εὐδαίμονα
1191 1282 1256 1343 et
1301 1283 1823 1361 Μεσοποταμίαν
1867 1280 2169 1364 cogitare,
2214 1281 2340 1363 †in

320 1363 702 1448 Hispaniam
741 1366 1062 1431 abiecisse.
1136 1367 1429 1431 Monstra
1464 1370 1757 1452 narrant3
1804 1388 1967 1450 quae
2001 1367 2164 1432 falsa
2200 1390 2340 1433 esse

320 1458 615 1540 possunt,
663 1455 773 1517 sed
818 1461 988 1519 certe
1033 1459 1097 1519 et
1143 1455 1299 1519 haec
1344 1455 1594 1539 perdita
1639 1458 1791 1519 sunt
1828 1459 1894 1518 et
1929 1456 2044 1519 illa
2077 1477 2211 1520 non
2247 1479 2341 1521 sa·

319 1540 574 1606 lutaria.
665 1541 835 1606 Tuas
893 1543 1144 1608 litteras
1191 1544 1319 1608 iam
1366 1543 1671 1608 desidero.
1762 1542 1919 1607 Post
1965 1544 2184 1628 fugam
2229 1567 2341 1609 no·
2368 1573 2421 1615 ιε

318 1634 522 1694 stram
577 1652 928 1714 numquam
983 1637 1114 1695 tam
1161 1632 1427 1717 longum
1474 1653 1692 1695 earum
1736 1631 2146 1696 intervallum
2197 1633 2339 1698 fuit.

319 1717 472 1782 Misi
518 1718 597 1782 ad
642 1723 708 1783 te
753 1721 1114 1803 exemplum
1149 1721 1514 1785 litterarum
1551 1743 1834 1784 mearum
1870 1720 1950 1784 ad
1987 1719 2342 1808 Caesarem,

322 1807 556 1890 quibus
602 1828 704 1871 me
750 1808 995 1892 aliquid
1040 1810 1479 1892 profecturum
1524 1814 1700 1892 puto

1287 1986 1365 2051 Α.

819 2106 934 2162 Ser.
962 2109 1027 2161 in
1063 2107 1366 2162 Formiano
1403 2107 1564 2161 XIV
1598 2107 1668 2161 Κ.
1699 2109 1838 2177 Apr.
2368 2124 2423 2162 no

749 2229 1006 2285 CICERO
1044 2230 1191 2285 IMP.
1223 2230 1275 2285 S.
1304 2230 1371 2285 D.
1403 2229 1720 2284 CAESARI
1754 2230 1901 2286 ΪΜΡ.

449 2336 542 2404 Ut
597 2338 726 2423 legi
779 2341 926 2402 tuas
980 2338 1258 2421 litteras,
1314 2360 1473 2422 quas
1531 2362 1569 2403 a
1613 2338 1854 2403 Furnio
1900 2343 2125 2404 nostro
2172 2362 2339 2405 acce-

317 2449 551 2511 peram,
600 2427 834 2510 quibus
879 2448 1126 2490 mecum
1173 2427 1426 2511 agebaS,
1470 2430 1544 2490 ut
1591 2429 1672 2491 ad
1715 2427 1941 2491 urbem
1985 2450 2217 2511 essem,
2271 2433 2337 2494 te

317 2516 479 2579 velle
542 2517 639 2579 uti
706 2515 1058 2579 ‘consilio
1115 2519 1188 2579 et
1244 2515 1633 2599 dignitate
1686 2516 1871 2579 mea'
1925 2516 2140 2580 minus
2195 2539 2338 2581 sum

318 2604 695 2687 admiratus3
751 2604 826 2667 de
883 2602 1180 2687 ‘gratia'
1240 2607 1304 2667 et
1361 2605 1437 2667 de
1493 2603 1676 2688 eope’
1734 2604 1887 2688 quid
1943 2604 2336 2688 significares
2366 2633 2419 2673 ιε

319 2714 565 2756 mecum
611 2694 747 2775 ipse
796 2692 1207 2776 quaerebam,
1262 2714 1375 2774 spe
1420 2695 1635 2755 tamen
1680 2692 2031 2757 deducebar
2077 2693 2155 2757 ad
2199 2716 2338 2758 eam

317 2780 791 2864 cogitationem,
837 2785 911 2843 ut
957 2784 1020 2843 te
1065 2801 1181 2863 pro
1228 2784 1343 2843 tua
1387 2780 1746 2844 admirabili
1783 2803 1855 2844 ac
1891 2782 2205 2867 singulari
2244 2804 2336 2846 sa-

317 2869 559 2953 pientia
604 2869 680 2932 de
727 2868 880 2952 otio,
926 2869 1002 2931 de
1048 2890 1218 2953 pace,
1265 2868 1341 2948 de
1389 2869 1724 2933 concordia
1760 2869 1997 2934 civium
2032 2871 2139 2955 agi
2175 2871 2337 2935 velle

317 2956 694 3041 arbitrarer,
749 2961 813 3021 et
860 2956 939 3020 ad
986 2977 1125 3020 eam
1168 2956 1487 3020 rationem
1534 2957 1980 3022 existimabam
2026 2958 2184 3022 satis
2232 2982 2338 3042 ap-

315 3050 449 3109 tam
497 3067 633 3109 esse
679 3049 743 3108 et
787 3050 1086 3108 naturam
1131 3048 1197 3108 et
1242 3067 1581 3128 personam
1625 3068 1847 3110 meam.
1922 3045 2106 3122 Quod
2151 3047 2208 3111 si
2243 3049 2337 3111 ita
2364 3074 2418 3115 ao

318 3138 435 3217 est,
481 3137 545 3197 et
593 3134 649 3197 si
697 3155 824 3216 qua
872 3133 945 3196 de
982 3131 1286 3215 Pompeio
1334 3138 1557 3197 nostro
1600 3135 1839 3198 tuendo
1877 3138 1942 3198 et
1978 3135 2102 3200 tibi
2139 3157 2211 3200 ac
2245 3137 2339 3200 rei

315 3221 610 3305 publicae
656 3220 1120 3285 reconciliando
1159 3242 1311 3285 cura
1347 3225 1413 3285 te
1449 3223 1734 3307 attingit,
1778 3224 1984 3308 magis
2023 3222 2339 3308 idoneum,

317 3330 509 3408 quam
564 3330 684 3393 ego
713 3332 910 3410 0snm,
965 3309 1045 3372 ad
1091 3330 1229 3372 eam
1276 3331 1533 3373 causam
1578 3312 1868 3394 profecto
1912 3313 2190 3412 reperies
2235 3335 2341 3377 ne-

314 3396 573 3479 minem,
619 3396 732 3478 qui
776 3400 841 3459 et
888 3396 985 3459 illi
1032 3419 1281 3479 semper
1319 3402 1385 3461 et
1422 3400 1692 3483 senatui,
1736 3421 1879 3463 cum
1916 3401 2193 3483 primum
2230 3424 2340 3484 po-

313 3482 440 3565 tui,
504 3484 680 3564 pacis
746 3488 968 3548 auctor
1027 3485 1123 3574 fui
1174 3506 1293 3550 nec
1350 3487 1624 3569 sumptis
1682 3489 1875 3551 armis
1931 3487 2083 3552 belli
2139 3489 2337 3553 ullam
2365 3515 2419 3557 π
