2642 3923
340 198 471 264 516
1058 198 1132 252 Μ.
1171 197 1388 252 TULLI
1425 196 1804 252 CICERONIS

342 342 596 426 saepius
651 341 936 426 quidem
993 345 1067 405 ut
1124 341 1320 405 etiam
1375 361 1700 404 accusarer
1747 340 1826 405 ab
1874 361 1978 425 e0,
2032 340 2204 424 quod
2250 362 2365 423 pa-

340 452 485 494 rum
544 430 942 495 constantiae
999 450 1150 492 suae
1203 428 1613 514 confiderem,
1668 432 1734 493 et
1786 427 1872 492 M.
1908 428 2247 492 Messallae
2293 432 2366 493 et

339 519 467 602 ipsi
503 517 724 583 Attico
773 517 957 603 dixit,
1000 520 1074 580 ut
1122 517 1258 581 sine
1303 538 1457 581 cura
1501 521 1733 603 essent,
1768 521 2110 599 aperteque
2148 521 2365 581 osten-

341 607 534 671 debat
580 628 650 671 se
694 605 1126 690 praesentium
1173 605 1422 670 animos
1471 602 1637 691 (erat
1683 604 1854 669 enim
1890 605 2235 689 popularis,
2279 608 2363 670 ut

338 693 560 782 noras)
616 694 935 758 offendere
992 694 1192 779 nolle3
1255 716 1401 758 cum
1457 698 1674 758 autem
1726 715 1902 758 mare
1954 694 2365 780 transissent,
2424 721 2453 762 ε

273 800 305 849 6
342 786 713 848 curaturum
759 804 844 866 se,
890 787 962 846 ut
1007 783 1079 846 in
1123 746 1320 847 al’ium
1370 802 1596 866 agrum
1638 782 2108 846 deducerentur.
2184 781 2365 846 Haec

343 872 456 935 illo
502 872 667 936 vivo.
757 870 915 935 Post
962 871 1297 935 interitum
1344 875 1559 935 autem
1605 869 1912 954 Caesaris,
1957 874 2030 933 ut
2075 871 2365 953 primum

341 981 420 1023 ex
476 965 735 1024 senatus
792 960 1084 1024 consulto
1147 980 1370 1023 causas
1416 959 1705 1023 consules
1751 980 2132 1042 cognoscere
2175 959 2365 1023 insti—

342 1052 628 1132 tuerunt,
685 1047 859 1133 haec,
904 1068 1066 1130 quae
1114 1069 1306 1130 supra
1354 1047 1601 1131 scripsi,
1647 1046 1725 1111 ad
1771 1068 1881 1111 eos
1928 1047 2138 1111 delata
2185 1052 2362 1112 sunt.

343 1135 786 1200 Probaverunt
831 1156 1086 1200 causam
1133 1135 1269 1198 sine
1315 1135 1450 1199 ulla
1494 1135 1897 1199 dubitatione
1943 1157 2137 1218 seque
2174 1135 2256 1198 ad
2290 1140 2362 1200 te
2391 1167 2447 1203 ιο

343 1225 595 1288 litteras
642 1224 904 1288 daturos
951 1244 1088 1287 esse
1124 1223 1441 1287 dixerunt.
1514 1223 1660 1308 Ego
1699 1227 1929 1306 autem,
1974 1224 2066 1287 mi
2105 1222 2365 1309 Plance,

343 1313 469 1376 etsi
512 1334 645 1376 non
692 1311 1084 1395 dubitabam,
1130 1311 1288 1395 quin
1333 1316 1397 1376 et
1445 1316 1703 1375 senatus
1749 1312 2114 1375 consultum
2153 1316 2217 1375 et
2255 1312 2364 1376 lex

345 1405 408 1464 et
463 1400 798 1464 consulum
854 1400 1177 1464 decretum
1232 1421 1304 1464 ac
1358 1400 1611 1463 litterae
1665 1399 1835 1482 apud
1887 1403 1952 1463 te
2006 1399 2364 1483 plurimum

345 1488 750 1552 auctoritatis
803 1487 1142 1572 haberent,
1195 1491 1388 1570 teque
1440 1488 1647 1571 ipsius
1701 1486 1907 1551 Attici
1960 1509 2150 1552 causa
2194 1488 2364 1552 velle

343 1576 809 1661 intellexeram,
863 1580 1081 1640 tamen
1133 1575 1257 1640 hoc
1307 1598 1427 1660 pro
1483 1576 1927 1640 coniunctione
1980 1580 2045 1639 et
2091 1576 2364 1640 benevo-
2389 1605 2438 1643 ιε

342 1663 542 1729 lentia
594 1668 820 1728 nostra
864 1664 1026 1728 mihi
1073 1664 1346 1748 sumpsi,
1400 1668 1475 1728 ut
1520 1664 1585 1727 id
1631 1687 1668 1728 a
1712 1668 1779 1727 te
1821 1667 2133 1749 peterem,
2186 1666 2364 1749 quod

344 1757 458 1817 tua
522 1752 868 1836 singularis
932 1752 1300 1816 humanitas
1367 1753 1857 1836 suavissimique
1918 1774 2129 1817 mores
2195 1776 2234 1817 a
2293 1758 2362 1817 te

347 1845 561 1904 essent
605 1840 1030 1923 impetraturi.
1104 1838 1180 1904 Id
1226 1844 1442 1904 autem
1480 1845 1596 1925 est,
1639 1845 1715 1903 ut
1750 1840 1889 1925 hoc,
1936 1840 2108 1924 quod
2144 1845 2210 1905 te
2244 1845 2358 1905 tua

347 1934 574 2014 sponte
618 1930 938 1994 facturum
984 1950 1120 1994 esse
1166 1933 1341 1994 certo
1388 1928 1546 2014 scio,
1603 1928 1868 1993 honoris
1912 1929 2124 1993 nostri
2168 1950 2350 1994 causa

279 2036 307 2083 7
342 2018 639 2102 libenter,
682 2018 950 2102 prolixe,
995 2018 1285 2082 celeriter
1330 2018 1544 2083 facias.
1619 2018 1784 2081 Mihi
1827 2040 2014 2082 nemo
2064 2024 2161 2082 est
2202 2018 2351 2080 ami·
2380 2046 2436 2084 20

346 2108 480 2171 cior
542 2127 658 2171 nec
720 2105 1056 2170 iucundior
1117 2127 1234 2168 nec
1298 2107 1504 2169 carior
1567 2104 1805 2169 Attico.
1907 2103 2107 2170 Cuius
2170 2109 2357 2170 antea

345 2217 444 2258 res
498 2194 708 2258 solum
753 2193 1089 2257 familiaris
1136 2194 1447 2278 agebatur
1491 2215 1690 2277 eaque
1735 2215 1993 2278 magna,
2046 2215 2216 2258 nunc
2262 2215 2361 2258 ac-

346 2283 536 2347 cessit
574 2283 768 2347 etiam
806 2282 1219 2365 existimatiO,
1245 2287 1340 2368 ut,
1367 2283 1539 2365 quod
1573 2287 1951 2346 consecutus
1989 2287 2088 2346 est
2127 2303 2366 2366 magna

346 2393 409 2435 er,
462 2371 779 2434 industria
833 2374 898 2434 et
953 2370 1164 2454 gratia
1217 2375 1282 2434 et
1337 2370 1484 2436 vivo
1532 2368 1800 2434 Caesare
1846 2375 1910 2434 et
1955 2375 2238 2453 mortuO,
2294 2371 2365 2434 id

347 2463 409 2523 te
457 2459 795 2524 adiuvante
842 2458 1146 2522 obtineat.
1231 2457 1413 2534 Quod
1462 2459 1516 2522 si
1563 2481 1600 2522 a
1644 2462 1710 2522 te
1755 2459 1879 2522 erit
1924 2458 2366 2545 impetratum,
2394 2488 2447 2527 25
2583 2464 2584 2513 l

347 2548 437 2611 sic
494 2547 688 2611 velim
744 2546 1096 2632 existimes,
1152 2567 1256 2609 me
1315 2548 1392 2610 de
1436 2551 1549 2610 tua
1594 2547 1985 2610 liberalitate
2028 2547 2120 2611 ita
2163 2547 2582 2627 inter-1

344 2639 768 2721 pretaturum,
821 2640 894 2698 ut
940 2639 1054 2699 tuo
1102 2655 1353 2699 summo
1401 2635 1708 2699 beneficio
1755 2656 1858 2699 me
1904 2635 2222 2700 adfectum
2268 2636 2368 2699 iu-
2575 2654 2580 2747 J

344 2725 561 2788 dicem.
652 2723 826 2807 Ego,
891 2744 1054 2806 quae
1108 2726 1174 2791 te
1228 2723 1392 2786 velle
1447 2745 1736 2807 quaeque
1790 2724 1866 2786 ad
1921 2718 2004 2787 te
2040 2723 2370 2807 pertinere

346 2812 726 2896 arbitrabor,
774 2811 1059 2876 studiose
1105 2811 1571 2896 diligenterque
1616 2811 1870 2876 curabo.
1944 2811 2044 2876 Da
2082 2833 2369 2899 operam,

344 2905 417 2964 ut
462 2901 689 2964 valeas.
2396 2929 2455 2969 so

1326 3073 1396 3140 Β.

957 3197 1069 3253 Ser.
1092 3197 1267 3266 paulo
1297 3203 1425 3266 post
1458 3213 1538 3265 ep.
1568 3201 1643 3252 16
1679 3197 1749 3252 A.

692 3319 950 3376 CICERO
988 3319 1275 3375 PLANCO
1314 3320 1574 3375 PRAET.
1602 3318 1832 3376 DESIG.
1864 3319 2011 3374 SAL.

276 3445 306 3490 8
477 3428 614 3491 lam
660 3432 846 3493 antea
891 3428 1092 3512 petivi
1138 3429 1253 3493 abs
1290 3433 1358 3493 te
1393 3450 1508 3512 per
1542 3428 1813 3515 litteras,
1858 3433 1949 3514 ut,
1995 3451 2138 3493 cum
2174 3451 2375 3496 causa

345 3514 838 3580 Buthrotiorum
900 3517 1176 3599 probata
1229 3538 1269 3581 a
1324 3517 1693 3582 consulibus
1751 3522 1944 3602 esset,
2006 3518 2242 3601 quibus
2299 3525 2374 3585 et
2400 3547 2459 3588 a..
