2642 3923
357 217 405 272 C
998 215 1420 277 ADNOTATIO
1460 213 1743 270 CRITICA

356 356 674 427 Stemkopf
694 374 878 429 progr.
897 357 1211 412 Dortde
1241 362 1377 411 1891
1396 361 1549 426 Ρ.40.
1594 355 1678 409 De
1704 355 1887 410 verbis
1916 361 2129 410 tantum
2156 355 2292 409 satis
2320 357 2380 407 et

354 429 487 482 sim.
516 446 565 483 v,
585 429 814 498 interpr.
834 428 975 498 Nep.
997 428 1175 481 XXIII
1196 433 1350 494 10.5,
1396 427 1580 482 Madv.
1609 426 1701 482 fin.
1730 426 1758 480 I
1777 431 1907 481 9.3o
1925 444 2026 492 m.‚
2071 424 2198 479 Val.
2228 423 2375 478 Max,

353 499 418 552 ’Π
446 505 475 552 7
496 502 605 553 ext.
637 506 668 552 2
688 515 791 567 ex.,
828 498 1007 553 Varro
1041 498 1080 555 l.
1099 498 1160 553 L.
1189 498 1319 551 VIII
1344 504 1414 550 43
1430 513 1532 564 ex.,
1572 496 1696 552 Sen.
1727 499 1898 551 contr.
1929 501 2013 551 26.
2043 502 2193 562 box„
2232 495 2376 550 Plin.

357 572 482 625 nat.
509 569 641 625 hist.
669 569 875 623 XXXII
902 576 969 625 82
988 588 1042 639 p.
1062 587 1162 636 m.,
1218 567 1397 623 Orest.
1426 571 1571 637 trag.
1603 572 1729 635 130,
1786 565 1937 621 Cass.
1966 565 2080 621 Fel.
2153 571 2269 621 .76.
2293 572 2377 621 19.

367 671 436 680 -
474 646 541 693 22
584 642 818 695 Treboni
854 642 1076 695 libertus
1113 638 1175 694 Ο.
1196 639 1259 694 E.
1280 638 1535 694 Schmidt
1573 636 1706 691 ‘Der
1732 636 2103 691 Briefwechse
2131 638 2146 663 '
2177 651 2232 706 Ρ.
2255 642 2380 705 229,

366 716 469 764 231
492 728 592 779 sq.,
635 711 882 766 Treboni.
909 729 948 765 u
986 710 1061 778 M,
1103 711 1403 765 Trebonius
1438 709 1565 764 edd.
1601 739 1671 750 —
1709 713 1773 762 27
1817 708 2038 778 Quintis
2074 707 2203 762 add.
2233 706 2378 761 Leh-

359 796 536 834 mann
573 779 825 846 Quaestt.
854 800 908 852 p.
941 787 1069 848 102,
1124 780 1341 856 ΤῑιτεΠ
1378 796 1408 833 e
1452 824 1465 835 .
1491 785 1625 847 444,
1680 796 1780 849 que
1834 777 1941 832 del.
1970 776 2119 848 vulg.
2176 809 2244 819 —
2310 784 2379 832 30

366 853 751 934 coquitionem
805 854 906 906 aut
946 853 1205 907 ultionem
1241 850 1382 905 coni.
1459 852 1569 904 oot.
1651 853 1670 919 ΙΙ
1749 849 1821 904 P.
1849 847 1988 903 346.
2021 854 2085 902 19
2115 850 2380 917 primum

360 939 468 989 qm
519 922 765 975 retinent
820 938 852 976 e
906 921 1217 986 codicibus,
1272 920 1417 974 Boot
1470 923 1528 975 et
1572 918 1812 988 Tyrrell,
1869 921 2117 973 statuere
2172 919 2382 973 debent

364 992 584 1046 Sullam
629 992 855 1063 saepius
901 993 975 1046 ad
1020 1008 1146 1046 eam
1188 990 1470 1061 legionem
1513 991 1745 1046 venisse.
1818 988 1885 1044 V.
1915 1005 2059 1057 quae
2097 989 2266 1042 attuli
2305 990 2379 1042 ad

364 1062 502 1118 fam.
531 1081 586 1133 p.
616 1068 737 1118 251.
766 1069 850 1117 23.
922 1062 1080 1116 Idem
1120 1062 1385 1115 mendum
1427 1080 1482 1131 p.
1514 1067 1632 1114 199.
1663 1065 1732 1114 30
1778 1076 1812 1113 a
1844 1060 2023 1114 -Bosio
2070 1062 2379 1114 correctum

366 1149 533 1187 nemo
568 1134 941 1188 recentiorum
975 1132 1231 1187 defendit
1264 1134 1489 1202 praeter
1523 1131 1828 1198 Klotzium,
1868 1135 1927 1184 et
1959 1129 2116 1184 haud
2151 1130 2265 1184 scio
2305 1146 2379 1184 an

367 1204 392 1258 i
460 1220 491 1259 e
526 1220 749 1273 quoque
784 1203 928 1258 falso
965 1203 1319 1259 toleraverim
1354 1202 1473 1257 Mil.
1503 1208 1588 1257 34.
1610 1208 1677 1256 98
1697 1216 1782 1257 ex.
1844 1200 1912 1256 V.
1940 1219 1995 1271 p.
2026 1206 2146 1256 508.
2176 1206 2260 1256 27.
2310 1232 2380 1241 -

369 1221 457 1329 1?
478 1276 515 1346 †
532 1276 698 1346 eqisse
733 1273 995 1330 Wesenb.
1026 1274 1167 1328 coni.
1196 1273 1430 1355 exegisse
1465 1275 1567 1326 aut
1600 1272 1809 1327 eiecisse
1845 1272 1948 1342 (sic
1985 1270 2178 1340 Orelli)
2216 1274 2318 1326 aut
2352 1290 2382 1326 e

370 1347 565 1400 castris
599 1347 778 1415 eyisse.
834 1344 903 1400 V.
931 1344 1074 1399 Plin.
1102 1347 1219 1398 nat.
1247 1343 1381 1397 hist.
1411 1342 1461 1395 X
1493 1349 1594 1396 124
1613 1359 1695 1397 ex.
1725 1345 1872 1397 corvi
1908 1345 1964 1411 (a
1991 1346 2251 1396 venatore
2281 1343 2377 1396 do-

370 1416 519 1485 miti)
556 1417 690 1471 veeti
723 1417 893 1471 abant
932 1416 1279 1486 agebantque,
1315 1412 1538 1468 Urlichs
1567 1413 1857 1468 chrestom.
1877 1413 1929 1467 H
1957 1420 2021 1467 21
2051 1431 2106 1483 Ρ.
2130 1420 2212 1480 11,
2251 1413 2378 1467 Sen.

372 1485 508 1542 Oed.
538 1492 642 1540 754
781 1488 955 1540 tinum
988 1503 1149 1541 canes
1182 1502 1332 1555 eyere
1352 1501 1539 1552 suum,
1577 1483 1867 1539 claudian.
1895 1484 1974 1537 [Π
2000 1489 2102 1539 232
2138 1501 2253 1538 non
2287 1501 2378 1539 ex-

370 1558 599 1612 tinxisse
700 1558 989 1627 opinquos,
1034 1557 1168 1610 Non
1202 1564 1360 1611 notos
1393 1556 1559 1625 eyisse
1591 1563 1680 1610 sat
1714 1563 1791 1610 est
1824 1558 1929 1610 etc.
1984 1586 2053 1596 —
2110 1560 2177 1607 26
2215 1572 2380 1625 aqam

371 1627 561 1695 Klotz,
608 1574 824 1696 'gn-rell
870 1626 1011 1682 coni.
1038 1629 1229 1680 tamen
1264 1633 1329 1680 ut
1376 1643 1494 1680 eam
1528 1644 1638 1695 qua
1674 1628 1769 1695 (sc.
1797 1626 1910 1696 via)
1945 1643 2027 1680 me
2062 1626 2139 1679 ad
2171 1631 2381 1694 tempus

371 1699 781 1765 accommodem,
1067 1697 1196 1752 add.
1225 1695 1488 1751 Wesenb.
1501 1740 1515 1763 ,
1560 1704 1624 1752 ut
1665 1714 1747 1751 me
1788 1713 2008 1766 meaque
2051 1697 2126 1750 ad
2170 1702 2381 1765 tempus

375 1770 759 1823 accommodem
795 1766 863 1823 Η.
938 1766 1127 1824 ,Koch
1161 1784 1347 1838 progr.
1372 1767 1588 1821 Putbus
1628 1773 1763 1821 1855
1798 1785 1852 1837 p.
1874 1772 1960 1834 18,
1997 1765 2205 1833 Baiter,
2240 1767 2278 1838 †
2297 1782 2381 1833 ea,

371 1856 510 1908 quae
546 1841 620 1893 ad
655 1846 692 1894 t.
715 1856 795 1893 ac.
841 1839 1001 1906 Boot,
1046 1845 1109 1893 ut
1135 1856 1216 1905 ea,
1242 1855 1381 1908 quae
1407 1839 1482 1892 ad
1504 1845 1715 1907 tempus
1742 1837 2240 1905 <accommodanda
2264 1838 2382 1892 sint

374 1912 476 1965 aut
536 1911 930 1965 accommodari
985 1909 1267 1983 possint),
1330 1909 1711 1965 accommodem
1773 1908 2060 1963 Lehmann
2124 1905 2377 1973 Quaestt.

370 1999 428 2051 Ρ.
460 1987 562 2035 130
580 1998 662 2050 sq.
708 2012 778 2023 —
833 1987 900 2036 34
944 1999 1109 2050 quam
1144 1982 1287 2051 quod
1323 1982 1421 2047 iis,
1465 1981 1541 2034 acl
1575 1996 1804 2049 quorwm
1837 1980 2127 2035 utilitatem
2161 1997 2242 2034 me
2278 1981 2379 2034 ad-

372 2053 541 2107 iunxi
575 2069 677 2107 scr.
697 2069 837 2107 mus.
856 2051 1033 2107 Rhen.
1057 2057 1194 2106 1898
1229 2070 1284 2121 p.
1306 2057 1407 2105 131
1420 2067 1501 2118 sq.
1532 2050 1799 2106 cf.fam.1
1823 2056 1937 2118 8.2,
1975 2056 2122 2118 9.11,
2150 2067 2379 2120 quorum

370 2124 663 2178 utilitatem
698 2140 868 2177 meam
906 2125 1045 2192 (eam
1071 2121 1166 2191 W)
1197 2123 1367 2175 iwnoei
1392 2122 1606 2190 (iwncaei
1622 2119 1715 2191 W)
1756 2120 1934 2186 codd.,
1969 2137 2199 2190 Quorum
2223 2121 2378 2176 utili-

372 2195 499 2249 tati
540 2210 712 2248 meam
751 2195 919 2248 ima-vi
955 2192 1129 2262 vulg„
1176 2192 1370 2245 Baiter
1412 2195 1471 2245 et
1517 2222 1587 2233 -
1641 2193 1881 2246 adiunai
1914 2191 2113 2245 Bootio
2152 2194 2380 2245 auctore

372 2263 613 2334 Tyrrell,
670 2281 857 2332 quam
909 2280 1138 2333 quorum
1187 2264 1422 2317 utilitati
1465 2279 1637 2316 meam
1678 2264 1844 2316 iunxi
1888 2261 2118 2332 Madvig
2165 2263 2299 2317 Adv.
2328 2263 2382 2315 Π

370 2352 427 2404 Ρ.
458 2339 586 2401 238,
632 2349 799 2403 quem
843 2333 1024 2388 secuti
1066 2336 1200 2387 sunt
1242 2332 1612 2402 Wesenberg,
1665 2333 1779 2387 nisi
1827 2333 1978 2401 quod
2012 2333 2062 2386 is
2096 2333 2379 2400 «waitate,

371 2408 432 2458 et
466 2403 633 2472 Boot,
688 2404 800 2459 nisi
844 2404 996 2472 quod
1040 2405 1280 2458 adiunxi
1314 2403 1566 2473 scripsit,
1620 2420 1849 2472 quorum
1882 2403 2174 2458 utilitatem
2207 2420 2376 2458 meam

371 2478 512 2530 duxi
563 2474 858 2543 Graevius,
912 2473 1165 2529 Schuetz.
1238 2477 1258 2543 ΙΙ
1339 2475 1410 2529 Ρ.
1434 2473 1576 2529 347.
1605 2479 1635 2529 7
1690 2492 1740 2530 v.
1771 2473 1833 2529 Ο.
1853 2473 1916 2529 Ε.
1937 2472 2191 2528 Schmidt
2246 2473 2381 2527 ‘Der

371 2545 786 2600 Briefwechsel’
829 2563 888 2615 p.
917 2551 1021 2598 220
1041 2561 1152 2612 ex.,
1196 2552 1420 2599 exeaeaente
1453 2562 1627 2599 meviae
1664 2544 1807 2599 Seoet.
1836 2543 2051 2611 Baiter,
2097 2543 2380 2612 Wesenb.,

372 2617 592 2685 Tyrrell
636 2633 722 2687 ep.
755 2622 873 2671 446.
927 2646 996 2657 --
1055 2622 1119 2669 15
1165 2633 1303 2683 quas
1338 2614 1585 2684 Kaysero
1621 2618 1849 2669 auctore
1884 2614 2173 2682 Wesenb.,
2220 2614 2379 2683 Boot,

373 2688 499 2741 vide
542 2703 615 2740 ne
655 2686 825 2741 nimis
872 2689 1087 2755 argute.
1155 2685 1344 2755 Quod
1376 2703 1546 2756 yenus
1580 2687 1908 2754 litteram,
1951 2685 1992 2740 i.
2012 2701 2059 2740 e.
2091 2686 2247 2739 cuius
2284 2702 2379 2755 ge-

373 2757 522 2811 neris
557 2756 800 2824 litterae,
837 2759 926 2811 est
960 2773 1028 2810 ex
1065 2773 1130 2810 eo
1168 2772 1388 2826 genere,
1424 2756 1578 2824 quod
1612 2772 1781 2826 saepe
1815 2755 1964 2811 male
1998 2755 2260 2811 habitum
2294 2759 2382 2811 est

373 2828 447 2882 ab
485 2827 811 2895 editoribus,
847 2827 918 2881 de
954 2843 1065 2894 quo
1102 2827 1177 2880 ad
1211 2845 1266 2897 p.
1299 2832 1523 2883 126.12.
1560 2858 1629 2867 —-
1666 2833 1734 2881 16
1771 2829 1932 2896 quasi
1965 2828 2079 2897 qui
2116 2844 2218 2882 scr.
2236 2844 2379 2881 mus.

374 2898 549 2953 Rhen.
572 2902 708 2952 1898
734 2916 791 2967 p.
815 2903 915 2951 132
944 2898 1013 2953 cf.
1033 2897 1222 2952 Plane.
1243 2904 1329 2953 24.
1350 2904 1437 2965 65,
1471 2897 1654 2953 Plaut.
1674 2897 1874 2968 Amph.
1894 2903 2015 2966 684,
2052 2897 2203 2953 Trin.
2226 2904 2380 2966 1142,

372 2968 715 3038 (Epid..859,)
743 2969 902 3023 Truc.
915 2974 1035 3036 563,
1062 2969 1315 3023 Ambr.H
1385 2974 1590 3034 .89.22,
1620 2975 1739 3023 383.
1752 2975 1801 3037 3,
1829 2976 2105 3039 tamquam
2131 2970 2228 3038 qui
2254 2968 2380 3025 Sen.

372 3039 500 3093 ben.
528 3039 579 3091 Π
607 3044 692 3094 24.
714 3045 771 3106 3,
819 3038 915 3094 Ov.
943 3038 1059 3094 her.
1082 3045 1164 3095 10.
1186 3046 1271 3107 31,
1317 2987 1538 3095 ffimon.
1561 3045 1645 3107 70,
1690 3039 1806 3094 Ioh.
1838 3038 1987 3095 Cass.
2018 3040 2044 3092 1
2077 3057 2132 3109 Ρ.
2151 3044 2273 3096 208.
2293 3045 2382 3108 23,

374 3115 568 3177 221.4,
607 3109 719 3164 Sid.
751 3111 854 3179 Ap.
882 3128 938 3180 Ρ.
962 3115 1044 3165 77.
1068 3116 1134 3164 10
1169 3110 1349 3178 Mohr,
1383 3111 1530 3165 velut
1650 3112 1661 3123 '
1694 3110 1811 3165 Liv.
1829 3109 2036 3164 XXXV
2060 3115 2237 3165 11.10
2267 3110 2383 3179 an..

373 3180 516 3233 alibi
553 3182 812 3249 quomodo
913 3183 936 3234 i
962 3184 1085 3249 etc„
1122 3183 1285 3250 quasi
1310 3197 1416 3249 quo
1444 3180 1550 3235 cod
1593 3225 1624 3248 .,
1651 3182 1812 3251 quasi
1837 3180 1964 3235 Ern.
1996 3183 2222 3235 auctore
2252 3181 2382 3237 secl.

373 3251 540 3318 Bait..
569 3251 744 3321 Tyn„
774 3252 843 3306 de
870 3251 1062 3318 ‚Wes.,
1091 3251 1250 3306 Boot.
1271 3282 1341 3292 —-
1367 3258 1437 3306 19
1465 3269 1547 3307 me
1571 3253 1656 3306 vis
1682 3252 1872 3320 (iubes)
1899 3251 2132 3321 Madvig
2157 3251 2386 3307 mlv-,111

370 3327 562 3406 p.188,
592 3321 898 3391 Sternkopf
918 3340 1000 3392 pr.
1019 3321 1334 3376 Dortmund
1364 3327 1499 3377 1891
1523 3328 1681 3392 Ρ.44,
1708 3322 1869 3389 Boot,
1896 3322 1975 3375 im
2012 3321 2131 3378 rob.
2149 3322 2387 3391 Tyrrell,

372 3409 434 3447 m
470 3393 623 3460 quod
658 3393 929 3447 iudicium
954 3391 1096 3447 mihi
1123 3393 1345 3447 videtur
1371 3393 1586 3460 cedere,
1622 3393 1775 3462 quod
1808 3393 1932 3464 ipse
2021 3392 2100 3447 cit
2127 3393 2197 3445 de
2225 3392 2386 3447 Mad-

372 3463 541 3532 vigi0.
592 3463 865 3533 ‘Madvigi
892 3481 973 3519 me
998 3467 1083 3519 vis
1107 3463 1158 3518 is
1185 3463 1344 3532 bad’,
1370 3463 1574 3532 inquit.
1624 3463 1824 3518 ‘What
1850 3462 2016 3519 could
2043 3461 2234 3518 Cicero
2260 3481 2390 3519 now

357 3533 446 3588 -do
491 3533 634 3588 with
669 3531 927 3589 Caesar?
993 3533 1062 3590 V.
1089 3551 1140 3590 v.
1170 3540 1204 3589 8
1245 3551 1364 3604 per
1397 3552 1488 3591 me
1527 3535 1730 3606 Quinto
1764 3536 1881 3599 fore
1910 3535 2280 3604 placatior-em.
2317 3567 2391 3579 -
