2642 3923
332 195 463 260 264
974 193 1048 249 Μ.
1087 193 1299 249 TULLI
1336 192 1713 250 CICERONIS

331 360 432 403 me
475 359 609 403 non
653 359 818 422 queo
873 338 1096 403 dicere.
1187 334 1313 402 Sed
1366 337 1554 422 plane
1612 338 1687 403 τὸ
1736 336 2018 422 συνέχον
2063 336 2351 403 effecisti.

331 427 477 511 Ego
525 425 694 490 enim
738 447 871 491 non
914 426 1044 490 iam
1088 426 1154 491 id
1199 446 1352 527 ago,
1408 425 1570 490 mihi
1628 426 1837 511 crede,
1884 429 1959 490 ut
2005 447 2350 510 prosperos

333 516 544 579 exitus
605 535 975 598 consequar.
1077 513 1184 579 Sic
1249 515 1421 578 enim
1479 514 1693 599 video,
1757 535 1874 578 nec
1940 514 2189 578 duobus
2245 513 2350 579 his

332 603 497 667 vivis
541 624 659 667 nec
703 602 826 667 hoc
871 624 1000 667 uno
1057 623 1178 667 nos
1239 624 1545 686 umquam
1603 624 1739 667 rem
1791 602 2115 704 publicam
2167 601 2351 666 habi-

333 696 532 756 turos,
604 688 708 756 Ita
749 711 956 774 neque
1002 690 1080 755 de
1128 690 1262 756 otio
1305 694 1532 755 nostro
1579 712 1767 775 spero
1812 691 1942 755 iam
1987 711 2105 755 nec
2148 691 2350 755 ullam
2405 717 2435 757 s

335 779 747 844 acerbitatem
809 800 1049 845 recuso.
1157 776 1378 844 Unum
1450 779 1613 843 illud
1677 779 2198 862 extimescebam,
2267 801 2352 843 ne

335 867 490 952 quid
535 868 810 952 turpiter
853 867 1143 953 facerem,
1187 868 1289 932 vel
1335 867 1541 931 dicam
1585 867 1714 931 iam
1755 889 1837 931 ne
1881 867 2237 932 fecissem.

258 973 297 1023 2
470 954 575 1021 Sic
619 976 771 1041 ergo
813 955 1080 1039 habet0,
1128 956 1439 1020 salutares
1486 960 1551 1019 te
1595 955 1756 1019 mihi
1801 955 2052 1019 litteras
2095 954 2351 1020 misisse

333 1065 540 1127 neque
585 1044 793 1109 solum
837 1043 954 1108 has
1007 1044 1363 1129 longiores,
1422 1044 1656 1128 quibus
1712 1043 1879 1108 nihil
1936 1047 2151 1126 potest
2210 1065 2351 1108 esse

336 1132 744 1218 explicatius,
809 1131 975 1196 nihil
1032 1132 1405 1216 perfectius,
1472 1133 1581 1196 sed
1645 1133 1840 1197 etiam
1897 1132 2043 1196 illas
2102 1131 2351 1196 brevio·
2379 1158 2435 1199 ιο

334 1242 463 1304 res,
521 1220 591 1284 in
649 1219 884 1303 quibus
938 1219 1062 1285 hoc
1118 1220 1277 1284 mihi
1336 1220 1867 1285 iucundissimum
1931 1220 2087 1303 fuit,
2146 1219 2349 1285 consi-

334 1308 496 1372 lium
542 1309 911 1392 factumque
960 1312 1258 1373 nostrum
1306 1330 1346 1372 a
1383 1308 1579 1373 Sexto
1625 1308 1905 1393 probari,
1954 1313 2351 1393 pergratum·

337 1418 461 1479 que
504 1396 664 1460 mihi
709 1400 783 1460 tu
822 1397 1049 1479 fecisti,
1108 1398 1272 1478 quod
1319 1417 1417 1462 me
1467 1398 1541 1461 de
1583 1397 1813 1462 iudicio
1862 1397 1997 1462 eius
2039 1398 2352 1462 certiorem

334 1485 571 1569 fecisti3
624 1507 663 1549 a
707 1505 835 1568 quo
881 1487 948 1548 et
991 1484 1174 1569 diligi
1220 1506 1323 1548 me
1369 1488 1459 1569 et,
1516 1484 1671 1569 quid
1715 1488 1960 1549 rectum
2006 1485 2118 1568 sit,
2162 1484 2351 1550 intel·

336 1573 465 1658 legi
511 1572 660 1638 scio,
750 1570 1035 1658 Longior
1087 1594 1238 1638 vero
1294 1577 1410 1638 tua
1463 1573 1739 1657 epistula
1795 1594 1928 1638 non
1971 1596 2074 1638 me
2121 1572 2350 1659 solum,
2379 1600 2431 1640 ιι

336 1661 446 1726 sed
491 1683 667 1725 meos
714 1682 932 1726 omnes
979 1661 1379 1746 aegritudine
1424 1661 1676 1726 levavit.
1768 1659 1995 1746 Itaque
2039 1665 2188 1726 utar
2233 1669 2349 1726 tuo

334 1750 602 1814 consilio
651 1754 717 1813 et
762 1770 869 1813 ero
916 1749 985 1813 in
1030 1747 1399 1833 Formiano,
1452 1770 1535 1814 ne
1588 1753 1701 1814 aut
1746 1749 1827 1814 ad
1880 1749 2105 1814 urbem
2148 1749 2351 1815 ἀπάν-

334 1855 517 1921 τησις
560 1860 702 1902 mea
747 1836 1290 1902 animadvertatur
1328 1841 1456 1922 aut,
1501 1838 1557 1902 si
1593 1859 1710 1902 nec
1745 1838 1850 1903 hic
1883 1859 2001 1903 nec
2034 1837 2168 1902 illic
2205 1859 2352 1903 eum

265 1944 298 1997 3
336 1926 571 2010 videro,
615 1925 970 1991 devitatum
1015 1947 1081 1991 se
1117 1948 1156 1990 a
1200 1947 1301 1991 me
1345 1930 1545 2011 putet.
1619 1925 1804 2004 Quod
1848 1929 2061 1992 autem
2108 1926 2351 2011 suades,

334 2020 409 2079 ut
455 2015 535 2079 ab
583 2037 658 2080 eo
702 2019 947 2099 petam,
1004 2020 1078 2080 ut
1121 2015 1284 2079 mihi
1329 2014 1660 2102 concedat,
1718 2019 1793 2080 ut
1854 2015 2022 2080 idem
2065 2015 2350 2080 tribuam
2378 2043 2432 2083 ιο

332 2102 659 2188 PompeiO,
704 2102 929 2187 quod
911 2101 1038 2186 1psi
1075 2103 1430 2187 tribuerim,
1475 2103 1539 2168 id
1575 2125 1679 2168 me
1714 2103 1844 2168 iam
1877 2103 2124 2188 pridem
2162 2124 2351 2188 agere

334 2192 667 2276 intelleges
713 2213 790 2255 ex
833 2190 1073 2256 litteris
1117 2190 1304 2255 Balbi
1362 2195 1427 2255 et
1471 2189 1670 2277 Oppi,
1729 2213 2002 2276 quarum
2061 2193 2352 2277 exempla

334 2279 458 2344 tibi
514 2280 680 2343 misi.
781 2279 932 2343 Misi
1000 2278 1194 2343 etiam
1256 2277 1545 2344 Caesaris
1606 2280 1686 2344 ad
1744 2302 1852 2345 eos
1923 2301 2080 2345 sana
2135 2285 2350 2345 mente

335 2367 605 2451 scriptas
653 2388 780 2451 quo
827 2367 1017 2431 modo
1063 2367 1133 2431 in
1177 2371 1363 2432 tanta
1407 2368 1674 2433 insania.
1749 2365 1864 2432 Sin
1907 2367 2070 2432 mihi
2117 2367 2352 2433 Caesar

333 2456 456 2521 hoc
497 2477 632 2521 non
674 2455 1003 2539 concedat,
1061 2454 1243 2520 video
1298 2456 1424 2520 tibi
1477 2456 1725 2539 placere
1770 2456 1961 2542 illud,
2016 2478 2119 2521 me
2162 2461 2351 2522 πολί-
2378 2485 2431 2524 25

182 2570 201 2586 ⁸
333 2543 2351 2732 m{ssfflfflfflffifflm312332250312513305205m1233

335 2722 496 2803 simo
544 2718 852 2804 depecisci
909 2719 1101 2784 velim
1112 2718 1194 2806 ‘?)‚
1241 2720 1352 2784 sed
1397 2741 1646 2806 vereor,
1698 2742 1781 2786 ne
1833 2720 2141 2805 Pompeio
2197 2722 2351 2806 quid

336 2807 547 2874 oneris
593 2808 937 2892 imponam,

466 2932 579 3015 (μή
623 2956 737 3016 μοι
781 2934 1095 3017 γοργείην
1139 2932 1436 3015 κεφαλὴν
1481 2932 1731 2997 δεινοῖο
1775 2932 2105 3018 πελώρου’
2377 2962 2432 3002 ³0

332 3074 720 3157 intorqueat.
801 3071 1167 3137 Mirandum
1204 3072 1376 3136 enim
1420 3073 1490 3136 in
1533 3072 1799 3137 modum
1837 3071 2090 3138 Gnaeus
2125 3078 2349 3139 noster

334 3159 582 3225 Sullani
610 3160 793 3245 regni
821 3161 1308 3225 similitudinem
1338 3159 1719 3244 concupivit.
1775 3162 1996 3238 Elaeae
2027 3178 2134 3227 σοι
2161 3161 2347 3245 λέγω.

330 3247 516 3314 Nihil
560 3248 670 3313 ille
715 3271 1020 3366 umquam
1070 3249 1284 3313 minus
1332 3248 1598 3314 obscure
1644 3248 1813 3314 tulit.
1907 3248 2102 3315 ³Gum
2143 3250 2350 3316 hocne

330 3336 586 3422 igitur',
629 3336 910 3421 inquies,
955 3336 1127 3401 ³esse
1172 3337 1349 3401 visP’
1439 3336 1829 3402 Beneficium
1876 3359 2135 3424 sequor,
2187 3339 2348 3404 mihi

331 3423 530 3507 crede,
573 3444 706 3487 non
751 3445 1024 3509 causam,
1072 3429 1145 3487 ut
1189 3424 1259 3488 in
1302 3423 1564 3509 Milone,
1608 3429 1683 3490 ut
1728 3426 1796 3490 in
1844 3476 1858 3491 .
1897 3476 1912 3491 .
1952 3477 1965 3491 .
2037 3425 2159 3492 Sed
2204 3426 2350 3492 hac·
2376 3455 2431 3496 aa

256 3527 294 3573 4
330 3518 532 3573 tenus.
625 3508 865 3575 Causa
917 3510 1119 3595 igitur
1166 3533 1298 3576 non
1351 3512 1521 3578 bona
1568 3514 1742 3578 εει-,Ψ
1832 3512 2036 3579 Immo
2085 3517 2349 3599 optima,
