2642 3923
1116 205 1173 258 P.
1209 212 1435 261 14—19.
2212 205 2286 258 IX

265 346 468 413 cepisse
515 344 732 399 laudem
778 343 1055 415 Pluygers
1101 345 1304 399 Mnem.
1347 351 1480 401 1881
1529 364 1584 417 p.
1616 352 1714 400 121
1738 364 1848 415 sq.,
1891 347 2091 403 Bootio
2126 365 2285 403 exce·

264 418 411 484 pisse
452 412 668 469 ‘Cicero
706 415 931 468 videtur
969 416 1276 486 scripsisse,
1315 434 1488 484 quum
1524 417 1696 471 vellet
1731 418 1915 472 dicere
1944 435 2072 472 eum
2099 436 2285 473 conse·

268 489 463 541 cutum
500 501 624 539 esse
661 485 889 539 laudem
928 486 1074 540 forte
1111 487 1221 541 sibi
1258 487 1549 542 oblatam’.
1611 488 1698 541 De
1735 489 2058 543 confusione
2083 490 2287 544 forma·

268 573 396 609 rum
430 558 692 611 excidisse
730 559 788 610 et
823 559 1089 626 excepisse
1125 575 1173 611 v.
1204 558 1279 610 ad
1313 576 1368 628 p.
1401 566 1448 613 2.
1483 564 1563 612 13.
1594 589 1665 600 -
1700 559 1778 614 Ib.
1807 562 1990 614 minus
2017 577 2138 628 ser,
2176 561 2289 631 †hi

272 626 559 695 Wesenb.,
608 643 713 680 om.
744 626 963 695 reliqui.
1002 658 1073 669 -—
1112 634 1179 681 30
1224 635 1295 682 ut
1341 630 1420 683 ita
1473 631 1670 684 diceret
1706 629 1893 697 codd,
1939 630 2115 702 vulg„
2161 649 2288 686 eum

272 714 432 751 cruce
470 697 761 766 Wesenb.,
819 698 916 766 qui
964 698 1105 752 coni.
1172 702 1273 752 aut
1316 717 1457 753 cum
1501 703 1582 755 ita
1617 701 1723 754 dic.
1797 704 1898 755 aut
1931 703 2039 767 ita,
2083 708 2147 757 ut
2180 702 2283 756 dic.

270 767 417 821 Hlud
453 768 701 838 praetuli
736 771 967 838 propter
1003 769 1345 892 graecedens
1382 787 1497 824 voc.
1526 773 1881 827 ornatissime.
1945 774 1963 841 ΙΙ
2026 772 2096 826 P.
2128 772 2222 827 17.
2253 778 2283 824 2

268 839 586 893 Proximus
625 840 970 907 Pompeium
1059 840 1259 894 iomed.
1289 858 1344 910 p.
1374 846 1494 895 410.
1530 848 1577 908 7,
1607 844 1897 910 proximus
1935 843 2190 911 Pompeio
2226 842 2284 896 Μ

264 909 422 976 Rev„
459 925 597 964 rece.
631 909 811 978 editt„
834 911 1084 978 proxime
1113 911 1431 980 Pompeium
1464 912 1606 967 ‘eod.
1635 911 1897 967 Turnes.:
1937 913 2036 967 sed
2072 929 2283 967 eorrec-

262 980 422 1048 toris,
475 995 575 1033 seu
619 981 809 1049 potius
855 981 1192 1050 corruptoris
1238 997 1439 1035 manus
1485 982 1671 1036 10611111
1705 983 2048 1050 inquinavit,
2095 987 2154 1038 et
2191 984 2283 1037 de—

304 1051 543 1104 ravavit'
576 1050 828 1104 Lambin.
876 1050 940 1105 V.
958 1051 1247 1105 Lehmann
1273 1054 1393 1108 Att.
1413 1071 1468 1122 p.
1492 1059 1610 1120 116,
1643 1059 1743 1106 163
1765 1071 1844 1121 sq.
1875 1085 1943 1094 —
1974 1060 2005 1107 3
2066 1056 2284 1125 utrum]

342 1120 560 1188 esenb.,
607 1139 800 1175 aea-um
833 1120 893 1174 M
929 1122 1082 1187 Rav„
1122 1123 1264 1176 coni.
1293 1140 1416 1177 cum
1449 1125 1653 1178 videret
1688 1124 1747 1178 Ρ.
1779 1123 2011 1178 Graffun
2053 1141 2113 1178 er
2150 1125 2281 1180 diss.

263 1190 448 1245 Berol.
490 1197 627 1245 1882
674 1192 817 1246 thes.
849 1198 906 1260 9,
953 1194 1218 1247 incertum
1252 1201 1441 1248 utrum
1477 1194 1635 1249 Boot.
1711 1192 1790 1248 cf.
1863 1239 1872 1249 .
1905 1200 1989 1249 27.
2021 1201 2103 1250 18.
2142 1227 2212 1237 —
2249 1203 2280 1250 6

262 1265 396 1318 meis
442 1263 897 1329 orationibus,
944 1265 1194 1318 omnibus
1230 1280 1297 1317 ex
1336 1265 1421 1319 ed.
1451 1264 1608 1318 Rom.
1638 1213 1870 1334 Tyrrefi.
1910 1297 1979 1307 -
2016 1271 2049 1320 8
2085 1274 2283 1333 tamen,

263 1335 335 1387 ab
362 1333 460 1387 illo
487 1341 686 1401 apeme,
713 1340 840 1387 tecte
857 1335 1117 1403 quicquid
1141 1334 1481 1404 interpunxi,
1512 1336 1633 1389 sine
1657 1336 1776 1389 inte
1846 1336 2109 1390 unctione
2128 1336 2283 1405 edd.;

261 1422 311 1457 v.
333 1403 555 1472 Tyrrell
581 1421 635 1473 p.
659 1409 777 1457 200.
795 1435 863 1443 -
888 1410 950 1457 11
972 1403 1191 1472 καμπαί
1209 1404 1426 1473 Rosius,
1446 1405 1605 1470 Boot,
1625 1406 1797 1475 Tyrre
1847 1451 1859 1474 ,
1878 1426 2084 1474 καρποι
2104 1407 2281 1475 codd„

264 1474 475 1541 Baiter,
498 1491 623 1527 611111
648 1490 809 1528 cruce
827 1474 1085 1529 Wesenb.
1102 1506 1172 1516 -—
1195 1482 1258 1527 12
1280 1479 1414 1529 ante
1431 1478 1911 1546 suppeditaverunt
1929 1494 2145 1531 comma
2162 1495 2279 1547 pos.

262 1545 448 1612 Klotz,
488 1544 725 1613 Tyrrell,
763 1545 964 1598 melius
1001 1545 1095 1600 hic
1131 1547 1208 1598 du
1247 1547 1534 1600 licandum
1572 1550 1775 1601 censet.
1804 1579 1872 1589 —
1905 1554 1970 1601 18
1999 1549 2152 1603 istim
2181 1566 2284 1602 sua

264 1618 467 1684 sponte
494 1615 678 1683 Klotz,
715 1614 872 1669 Boot.
928 1614 994 1669 V.
1014 1614 1196 1669 Neue-
1277 1633 1485 1688 agener
1513 1618 1948 1672 ‘Formenlehre’
1981 1619 2060 1671 11³
2084 1637 2138 1688 p.
2161 1625 2278 1674 661.

262 1718 333 1726 -
374 1692 440 1739 27
480 1688 543 1740 in
579 1702 685 1739 om.
709 1686 887 1754 codd„
924 1686 1133 1754 Baiter,
1172 1687 1391 1756 Tyrrell
1418 1691 1485 1741 ut
1511 1687 1599 1741 illi
1628 1688 1753 1758 (M1)
1782 1707 1834 1758 p.
1857 1695 1939 1743 23.
1964 1695 2031 1742 24
2059 1693 2279 1759 (quam),

264 1762 349 1810 27.
382 1763 468 1823 22,
524 1763 608 1810 42.
641 1762 726 1823 24,
784 1762 982 1824 1031,
1042 1763 1224 1811 8014
1263 1762 1447 1829 (const.
1477 1759 1601 1827 M1),
1650 1764 1849 1828 8814,
1900 1765 2017 1815 107.
2048 1766 2079 1813 5
2109 1763 2167 1814 et
2195 1766 2278 1826 28,

266 1834 387 1881 111.
411 1833 495 1895 24,
527 1833 753 1893 125.19,
786 1834 1008 1894 149.18,
1042 1835 1158 1882 153.
1183 1834 1214 1882 2
1244 1831 1465 1899 (pand),
1499 1836 1722 1892 155.15,
1756 1836 1871 1883 154.
1895 1836 1962 1883 30
1992 1832 2194 1899 (pena.)
2223 1835 2282 1885 et

261 1904 349 1967 33,
401 1903 517 1952 157.
550 1904 581 1951 5
620 1899 851 1967 (audisti
885 1897 996 1968 W),
1051 1904 1167 1954 158.
1199 1904 1250 1969 2,
1290 1904 1408 1953 170.
1439 1906 1486 1965 3,
1531 1906 1647 1954 195.
1680 1905 1728 1969 2,
1770 1906 1888 1969 197,
1918 1907 2002 1969 22,
2043 1907 2161 1955 222.
2193 1908 2276 1972 25,

264 1976 387 2024 238.
421 1975 504 2038 19,
553 1975 673 2024 250.
708 1976 789 2036 15,
837 1976 955 2024 255.
990 1976 1020 2024 5
1052 1973 1110 2024 et
1139 1976 1222 2039 14,
1273 1977 1393 2025 253.
1415 1977 1499 2039 33,
1547 1978 1667 2025 254.
1699 1977 1766 2025 35
1803 1974 1887 2040 (ut
1930 1974 2147 2027 millene
2183 1973 2278 2042 M),

262 2046 385 2094 270.
415 2048 466 2104 4,
506 2045 625 2094 292.
662 2047 726 2094 16
765 2042 918 2109 (quid
954 2040 1076 2111 M1),
1117 2048 1237 2095 297.
1266 2048 1353 2108 32,
1390 2047 1509 2096 301.
1541 2048 1607 2094 26
1646 2046 1893 2112 (yratus),
1930 2048 2049 2096 312.
2082 2050 2113 2097 6
2151 2046 2282 2111 (qua

258 2113 406 2180 desp.
437 2110 547 2181 W),
596 2117 700 2164 315
748 2117 797 2179 9,
845 2117 1045 2174 3421,
1093 2117 1211 2165 350.
1242 2119 1292 2179 5,
1340 2115 1481 2181 (389.
1514 2115 1585 2182 7,)
1621 2119 1741 2166 405.
1773 2118 1856 2180 25,
1896 2119 2016 2167 410.
2048 2120 2078 2165 5
2109 2116 2168 2166 et
2195 2121 2279 2182 31,

258 2189 383 2235 414.
402 2188 432 2234 5
454 2183 640 2251 (offic.)
668 2185 725 2235 et
741 2187 825 2248 29,
854 2188 974 2237 437.
996 2188 1080 2250 18,
1107 2188 1228 2236 455.
1246 2189 1333 2251 32,
1362 2189 1482 2238 489.
1501 2190 1549 2250 3,
1579 2189 1801 2250 49814,
1832 2189 1951 2237 500.
1969 2190 2053 2252 28,
2076 2190 2193 2238 542.
2212 2191 2280 2237 24

260 2255 321 2305 et
350 2258 443 2320 32,
492 2259 613 2307 554.
649 2260 694 2321 1,
749 2251 876 2307 add.
908 2259 992 2307 24.
1024 2257 1055 2305 8
1093 2256 1176 2322 (in
1212 2256 1512 2323 comitam),
1551 2260 1632 2307 52.
1668 2261 1734 2308 14
1772 2256 1855 2324 (in
1889 2257 2056 2324 meis),
2095 2262 2178 2309 55.
2213 2263 2279 2309 14

258 2324 631 2391 (infremitus),
671 2328 753 2377 86.
788 2329 854 2376 14
892 2324 1169 2391 (infirma),
1211 2330 1329 2378 101.
1363 2330 1426 2377 11
1467 2326 1745 2393 (inserto),
1786 2331 1902 2379 109.
1934 2332 1965 2380 5
2004 2328 2088 2395 (in
2115 2327 2275 2397 libr),

262 2400 383 2447 120.
415 2398 474 2460 8,
524 2399 640 2448 189.
673 2399 704 2447 8
743 2395 1030 2463 (invalet.),
1078 2401 1198 2448 202.
1230 2399 1296 2447 18
1336 2398 1419 2463 (in
1454 2398 1650 2463 instra),
1690 2402 1808 2450 216.
1842 2402 1906 2449 12
1946 2398 2279 2465 (impraeser·

256 2466 397 2533 tim),
444 2470 562 2517 239.
595 2470 661 2518 27
702 2466 786 2534 (in
820 2466 1156 2534 exemplum),
1211 2471 1331 2519 241.
1364 2472 1395 2519 3
1433 2468 1515 2535 (in
1548 2468 1771 2535 fecisse),
1808 2473 1927 2521 406.
1960 2473 1991 2520 6
2030 2469 2277 2538 (inutile),

259 2541 382 2589 437.
425 2540 458 2589 8
515 2536 817 2606 (insiynis),
864 2541 984 2588 438.
1025 2541 1092 2588 24
1139 2537 1221 2604 (in
1271 2538 1499 2603 caietae,
1560 2537 1676 2591 ‘sed
1724 2539 1787 2591 in
1834 2536 2082 2591 deletum
2128 2540 2276 2609 est’).

257 2605 324 2660 V.
345 2605 497 2658 infra
534 2605 608 2658 ad
635 2624 689 2675 p.
712 2611 795 2659 52.
822 2610 905 2674 19,
936 2612 1161 2674 102.13,
1191 2612 1311 2660 304.
1332 2613 1416 2673 23,
1446 2613 1565 2661 348.
1587 2614 1673 2675 25,
1702 2613 1821 2661 384.
1846 2615 1891 2660 7.
1925 2615 2042 2663 534.
2066 2616 2116 2676 5,
2144 2609 2275 2665 fam.

256 2694 311 2746 p.
344 2682 428 2731 25.
459 2682 543 2730 22.
599 2677 618 2748 Η
673 2676 742 2731 P.
766 2676 863 2731 18.
886 2682 914 2730 1
952 2677 1225 2746 Accepta
1260 2695 1346 2732 res
1382 2685 1458 2733 est
1485 2677 1715 2748 Madvig
1744 2678 1978 2731 Adv.111
2005 2698 2058 2749 p.
2083 2686 2274 2748 165sq.

257 2779 328 2787 —-
377 2753 408 2800 2
454 2748 712 2802 tribunus
754 2754 868 2801 tum
906 2746 1119 2800 Manut.
1137 2791 1150 2814 ,
1206 2747 1353 2818 vulg.
1370 2793 1382 2814 ,
1440 2751 1654 2803 testium
1703 2748 1888 2815 codd,
1946 2767 2072 2803 611111
2118 2767 2278 2805 611166

258 2817 419 2884 Boot,
457 2821 681 2873 territus
719 2816 1004 2872 Graevius.
1044 2849 1113 2859 —
1153 2824 1217 2871 21
1256 2821 1292 2889 †
1317 2818 1529 2872 addidi.
1602 2818 1669 2873 V.
1698 2818 1987 2873 Lehmann
2025 2820 2275 2884 Quaestt.

256 2906 311 2957 p.
340 2895 411 2942 45
432 2906 570 2957 sqq.,
608 2888 708 2956 qui
745 2889 885 2942 60111.
927 2890 1084 2957 (quid
1120 2889 1400 2958 quaeris&
1440 2907 1589 2943 ‘nunc
1624 2892 1836 2959 optimo.
1893 2891 2063 2945 Nunc
2098 2899 2162 2946 ut
2186 2894 2275 2946 ad.

258 2990 329 2998 —
377 2965 439 3012 27
489 2961 652 3013 redii
701 2958 935 3029 Madvig
979 2959 1206 3013 Advers.
1235 2960 1288 3013 H
1323 2978 1378 3030 p.
1410 2966 1538 3029 234,
1592 2960 1881 3028 Wesenb.,
1938 2961 2105 3027 Boot,
2160 2964 2280 3017 redi

259 3029 446 3098 codd,
501 3029 720 3097 Baiter,
769 3029 1002 3098 Tyrrell.
1059 3031 1077 3101 [ξ
1131 3030 1201 3085 Ρ.
1232 3030 1329 3087 19.
1361 3037 1393 3083 4
1439 3039 1497 3086 et
1541 3033 1689 3098 effice
1727 3032 1811 3085 ed.
1842 3031 2010 3100 Iens.,
2067 3033 2276 3101 Baiter,

257 3100 550 3168 Wesenb.,
598 3100 758 3167 Boot,
811 3099 1029 3168 Tyrrell
1068 3117 1152 3170 ep.
1184 3108 1248 3154 21
1288 3101 1443 3154 haud
1480 3103 1594 3155 scio
1634 3119 1706 3155 an
1743 3119 1884 3169 vere,
1924 3110 1973 3157 et
2009 3103 2275 3157 dubitans

255 3172 423 3226 omisi
454 3189 581 3226 cum
600 3170 923 3225 Lehmanno
945 3170 1195 3236 Quaestt.
1212 3191 1266 3241 p.
1284 3178 1368 3226 25.
1425 3172 1552 3226 Non
1580 3173 1761 3226 rarius
1791 3189 1960 3240 quam
1987 3173 2046 3226 in
2076 3175 2275 3228 ceteris

253 3241 633 3296 voluminibus
672 3242 768 3310 (ad
805 3241 944 3295 Sest.
966 3260 1019 3311 p.
1041 3250 1090 3296 4.
1113 3248 1162 3308 8,
1202 3243 1333 3297 fam.
1355 3261 1408 3313 p.
1431 3249 1513 3297 64.
1538 3247 1589 3308 3)
1617 3244 1679 3296 111
1705 3243 1810 3297 hoc
1837 3243 1927 3297 vel
1954 3245 2161 3299 01111883
2188 3245 2276 3299 vel

255 3313 457 3366 addita
494 3313 779 3367 invenitur
814 3313 956 3366 haec
991 3314 1288 3382 particula.
1337 3345 1407 3354 —
1457 3320 1521 3367 18
1559 3312 1789 3381 ὕστερον
1824 3312 2095 3382 πρότερον
2131 3315 2275 3369 falso

250 3384 395 3437 mihi
445 3383 710 3437 videntur
756 3384 1091 3453 interpretes
1140 3383 1213 3436 ad
1257 3384 1686 3453 grammaticam
1728 3385 1966 3453 figuram
2000 3402 2274 3441 revocare.

249 3454 332 3509 De
384 3454 671 3523 Odysseae
719 3454 913 3508 ordine
960 3454 1174 3508 dictum
1221 3457 1385 3524 puto,
1433 3455 1493 3508 in
1549 3472 1661 3523 qua
1715 3454 1783 3508 τὰ
1837 3454 2038 3523 ὕστερα
2083 3455 2273 3524 πρότε·

249 3546 351 3590 ρον
409 3528 728 3579 narrantur.
776 3555 847 3565 —
893 3530 960 3579 25
999 3524 1025 3553 ’¹‘
1045 3525 1071 3553 ¹⁸
1092 3524 1118 3553 ’¹‘
1138 3524 1165 3554 ‘¹
1204 3528 1341 3594 queis
1376 3542 1470 3596 eqo
1504 3542 1746 3597 puynas,
1801 3528 2038 3595 qudntas
2073 3534 2275 3594 strayes
