2642 3923
616 204 1128 260 EPISTULARUM
1165 205 1265 259 AD
1304 204 1630 260 ATTICUM
1665 206 1744 259 111
1782 211 2008 260 17—19.
2226 206 2307 269 91

293 353 582 414 versatae
629 352 781 413 sunt
825 346 1118 416 Caesaris
1162 349 1438 435 litterae,
1482 371 1567 414 an
1609 354 1710 414 est
1750 349 1997 434 aliquid
2039 350 2111 413 in
2156 350 2310 433 spe?

293 438 515 502 Etiam
586 437 745 502 illud
818 437 1163 522 scripseras
1238 438 1507 502 eundem
1577 438 1595 467 ‘
1610 437 1956 502 secundum
2028 437 2310 502 comitia'

293 526 547 591 dixisse.
619 526 666 610 †
693 524 836 611 Fac,
884 527 938 589 si
974 524 1167 608 vides,
1215 526 1474 610 quantis
1513 526 1583 590 in
1616 525 1804 591 malis
1840 525 2098 611 iaceam,
2144 531 2207 590 et
2254 523 2308 590 si
2348 545 2379 591 2

293 619 484 698 putas
545 635 683 678 esse
747 613 1167 679 humanitatis
1232 619 1411 699 tuae,
1474 636 1576 678 me
1638 615 1739 679 fac
1797 614 1876 678 de
1927 618 2068 678 tota
2123 636 2313 678 causa

240 729 266 768 5
291 707 515 767 nostra
568 701 920 767 certiorem.
1011 700 1180 767 Nam
1235 667 1513 804 Quintus
1567 704 1793 788 frater,
1842 702 2036 767 homo
2093 703 2309 786 miruS,

295 792 406 874 qui
443 812 544 854 me
588 795 722 854 tam
768 790 950 855 valde
998 794 1196 875 amat,
1252 792 1466 855 omnia
1512 791 1719 855 mittit
1767 791 1902 875 spei
1949 791 2139 875 plena
2184 813 2311 855 me-

293 884 497 962 tuens,
543 879 747 965 credo,
791 874 1223 943 defectionem
1256 879 1455 943 animi
1500 880 1654 963 mei3
1699 884 1849 943 tuae
1887 884 2101 943 autem
2138 879 2309 943 litte·

294 988 402 1031 rae
465 972 617 1032 sunt
677 966 916 1052 variae3
977 987 1186 1051 neque
1249 968 1420 1031 enim
1482 989 1584 1032 me
1639 930 1979 1051 ’desperare
2038 967 2136 1032 vis
2196 989 2311 1031 nec

294 1059 530 1120 temere
576 1077 846 1139 sperare.
937 1054 1081 1137 Fac,
1127 1056 1391 1120 obsecro
1439 1060 1523 1141 te,
1566 1060 1643 1120 ut
1690 1056 1921 1138 omnia,
1969 1077 2131 1138 quae
2175 1077 2310 1139 per-

215 1170 267 1208 ιο
295 1143 454 1228 spici
499 1166 539 1208 a
582 1148 646 1208 te
693 1148 989 1227 possunt,
1029 1143 1318 1209 sciamus,

1220 1318 1389 1383 XIX.

585 1439 699 1495 Ser.
743 1440 1151 1496 amazonicae
1188 1440 1349 1494 XVI
1379 1400 1451 1494 ἐ.
1495 1440 1605 1495 Oct.
1644 1458 1695 1494 a.
1737 1444 1850 1495 696
1886 1443 2027 1509 (58).

931 1561 1184 1617 CICERO
1222 1561 1484 1617 ATTICO
1525 1563 1673 1618 SAL.

428 1671 649 1749 Quoad
695 1671 833 1737 eius
877 1671 1051 1736 modi
1105 1670 1264 1736 mihi
1319 1672 1574 1735 litterae
1622 1694 1659 1734 a
1703 1672 1888 1736 vobis
1945 1671 2309 1735 adfereban-

213 1787 266 1827 15
294 1766 419 1843 tur,
466 1764 540 1824 ut
585 1760 828 1844 aliquid
874 1781 950 1824 ex
996 1760 1077 1824 iis
1124 1765 1292 1824 esset
1330 1760 1839 1842 exspectandum,
1887 1781 1998 1843 spe
2037 1764 2101 1824 et
2140 1760 2309 1842 cupi·

293 1850 493 1914 ditate
538 1848 1023 1913 Thessalonicae
1071 1852 1356 1912 retentus
1404 1869 1571 1931 sum3
1628 1851 2045 1931 posteaquam
2102 1848 2308 1911 omnis
2380 1872 2385 1878 ·

293 1937 460 2003 actio
515 1937 707 2002 huius
762 1937 913 2001 anni
968 1937 1255 2001 confecta
1307 1935 1498 2002 nobis
1555 1935 1919 2021 videbatur,
1972 1937 2040 2000 in
2085 1936 2308 2001 Asiam

292 2027 387 2091 ire
430 2027 630 2109 nolui,
677 2026 846 2110 quod
891 2030 955 2089 et
983 2025 1320 2089 celebritas
1358 2025 1520 2089 mihi
1559 2024 1704 2089 odio
1744 2029 1862 2111 est,
1907 2029 1991 2112 et,
2037 2026 2093 2088 si
2129 2025 2310 2089 fieret

294 2114 539 2199 aliquid
586 2138 623 2178 a
665 2113 851 2178 novis
907 2113 1421 2198 magistratibus,
1476 2113 1697 2178 abesse
1749 2113 1940 2198 longe
1992 2113 2306 2177 nolebam

213 2229 267 2268 20
292 2203 517 2288 Itaque
562 2202 633 2266 in
674 2202 947 2284 Epirum
992 2202 1071 2265 ad
1116 2206 1182 2266 te
1227 2201 1428 2265 statui
1481 2224 1583 2266 me
1630 2202 1932 2285 conferre,
1993 2224 2126 2266 non
2181 2222 2307 2284 quo

293 2313 435 2357 mea
478 2292 814 2355 interesset
850 2290 976 2355 loci
1010 2294 1259 2372 natura,
1306 2291 1416 2373 qui
1463 2290 1668 2354 lucem
1706 2291 1966 2354 omnino
2004 2290 2308 2375 fugerem,

295 2380 407 2444 sed
444 2383 508 2443 et
535 2379 615 2443 ad
651 2378 925 2443 salutem
963 2377 1409 2442 lubentissime
1446 2400 1523 2442 ex
1559 2382 1675 2442 tuo
1712 2382 1906 2461 portu
1942 2377 2308 2462 proficiscar

294 2475 378 2555 et,
422 2468 477 2532 si
523 2489 597 2533 ea
639 2468 923 2550 praecisa
967 2466 1116 2551 erit,
1159 2488 1481 2549 nusquam
1526 2466 1775 2531 facilius
1822 2466 1986 2530 hanc
2031 2467 2307 2530 miserri-

292 2578 464 2621 mam
503 2556 704 2620 vitam
740 2555 842 2619 vel
878 2554 1253 2619 sustentabo
1299 2554 1421 2637 vel,
1467 2555 1637 2638 quod
1674 2555 1877 2619 multo
1925 2558 2024 2619 est
2059 2555 2306 2639 melius,

211 2671 265 2710 25
294 2644 598 2709 abiecero.
662 2643 795 2709 Ero
835 2665 980 2706 cum
1016 2642 1254 2744 paucis,
1297 2607 1775 2706 multitudinem
1811 2643 2147 2707 dimittam.
2204 2643 2306 2707 Me

293 2737 443 2797 tuae
504 2732 760 2796 litterae
816 2752 1168 2814 numquam
1224 2730 1296 2794 in
1353 2736 1602 2795 tantam
1661 2752 1840 2814 spem
1910 2730 2309 2795 adduxerunt

294 2824 601 2904 quantam
646 2819 944 2905 aliorum3
1003 2840 1076 2883 ac
1132 2822 1350 2882 tamen
1407 2841 1548 2883 mea
1603 2841 1748 2902 spes
1804 2819 1999 2883 etiam
2052 2820 2310 2884 tenuior

294 2930 541 2993 semper
584 2908 711 2972 fuit
756 2929 948 3009 quam
991 2910 1141 2971 tuae
1185 2908 1457 2972 litterae.
1549 2904 1672 2971 Sed
1716 2912 1957 2993 tamen,
2005 2907 2307 2992 quoniam

293 3000 591 3081 coeptum
645 3000 744 3061 est
799 2995 932 3081 agi,
992 3017 1250 3079 quoquo
1309 2996 1501 3060 modo
1563 2999 1858 3079 coeptum
1903 3000 2001 3060 est
2047 3000 2112 3060 et
2159 3017 2307 3079 qua-

211 3112 265 3151 ³0
293 3106 562 3168 cumque
620 3085 696 3149 de
753 3105 968 3168 causa,
1025 3105 1156 3148 non
1216 3084 1500 3147 deseram
1557 3104 1766 3167 neque
1812 3084 2064 3168 optumi
2114 3088 2308 3168 atque

292 3173 465 3238 unici
510 3173 730 3236 fiatris
775 3173 1041 3237 miseras
1078 3193 1152 3236 ac
1188 3172 1515 3237 luctuosas
1552 3193 1770 3256 preces
1806 3193 1923 3236 nec
1951 3170 2121 3236 Sesti
2148 3177 2307 3237 cete-

291 3282 637 3345 rorumque
672 3261 990 3345 promissa
1025 3281 1140 3324 nec
1179 3282 1357 3344 spem
1385 3260 1983 3325 aerumnosissimae
2019 3260 2307 3325 mulieris

291 3348 627 3414 Terentiae
670 3370 788 3414 nec
830 3349 1221 3414 miserrimae
1269 3347 1612 3432 [mulieris]
1660 3348 1976 3412 Tulliolae
2024 3350 2306 3413 obsecra-
2348 3355 2354 3364 '

129 3494 140 3505 .
291 3437 536 3503 tionem
581 3442 645 3502 et
690 3438 905 3502 fideles
959 3437 1210 3501 litteras
1265 3443 1429 3501 tuas,
1521 3436 1685 3501 Mihi
1731 3436 1972 3520 Epirus
2027 3440 2139 3501 aut
2182 3436 2309 3500 iter

130 3599 136 3604 ⁴
211 3552 264 3593 ³5
293 3526 372 3591 ad
411 3526 687 3591 salutem
732 3526 928 3606 dabit,
975 3530 1088 3590 aut
1134 3526 1305 3610 quod
1352 3525 1580 3609 scripsi
1628 3547 1836 3608 supra.
