2642 3923
1119 184 1176 238 P.
1208 190 1505 239 404-410.
2165 168 2335 241 cxix

310 323 439 379 add.
479 322 762 393 Wesenb„
808 323 1008 379 laudat
1042 325 1210 388 Boot,
1261 325 1277 351 ‘
1284 325 1395 379 Sed
1433 324 1623 381 Cicero
1699 326 1848 381 otuit
1882 326 2057 381 etiam
2093 327 2333 381 scribere

308 396 630 451 sententiam
666 403 892 462 mutare,
926 396 1130 450 omisso
1157 413 1332 463 suam,
1370 399 1438 451 ut
1471 397 1610 451 fecit
1703 415 1784 451 ur.
1808 399 1917 466 61’,
1954 399 2145 453 habere
2174 398 2336 452 audit

311 464 568 519 Schmidt
600 484 654 535 p.
687 472 816 533 322,
862 468 1182 523 sententiam
1225 483 1384 522 suam
1426 498 1498 509 —
1543 469 1637 523 sed
1671 475 1852 522 tamen
1887 486 2024 537 quae
2057 476 2173 524 tum
2209 475 2335 523 acta

309 543 455 604 sunt,
490 553 603 590 non
634 553 858 606 possum
891 554 1004 592 non
1042 569 1108 577 —
1222 538 1385 593 oboere
1420 538 1653 608 Tyrrell.
1745 538 1836 592 Ad
1871 557 1924 621 p.
1956 545 2144 593 16.14.
2192 570 2263 580 —
2300 544 2332 592 9

309 608 519 673 famam
568 607 706 661 fecit
742 623 810 661 ex
845 615 1026 663 tamen
1061 608 1126 662 R.
1142 555 1486 663 frAlbrecht
1523 609 1675 680 apud
1712 609 1966 663 Schmidt
1996 609 2012 635 ‘
2017 609 2129 663 Der
2154 609 2331 663 Brief·

310 677 573 731 wechsel‘
612 697 668 748 p.
700 684 821 734 376.
868 709 937 720 -
987 685 1053 733 12
1090 698 1138 732 v.
1179 677 1415 734 Schiche
1451 678 1638 734 Herm.
1676 679 1856 733 XVIII
1888 699 1943 750 p.
1976 686 2078 734 605
2116 683 2175 733 et
2211 685 2331 748 615,

312 748 568 805 Schmidt
600 768 655 819 p.
686 754 816 815 509,
855 749 957 804 Jul
1028 754 1105 804 28
1143 749 1361 819 Tyrrell
1399 765 1431 804 e
1474 794 1484 805 .
1521 757 1642 818 652,
1677 768 1853 806 mense
1892 752 2076 820 Quint.
2122 750 2331 818 Baiter,

313 824 462 886 (ante
499 819 719 887 Nonas)
762 767 1019 874 Wesenz.
1066 851 1137 861 —
1184 826 1250 874 18
1287 824 1430 875 simu
1488 829 1646 891 atque
1682 822 1987 889 obtinuero,
2022 823 2154 876 scies
2190 822 2330 876 coni.

311 890 479 956 Boot3
519 907 591 943 an
627 892 791 945 simul
825 897 1127 960 accepero?,
1164 892 1265 945 sed
1301 891 1447 946 nihil
1479 895 1708 962 praesto
1744 892 1856 946 nisi
1900 893 2165 946 mendum
2203 892 2330 945 sub-

312 976 449 1015 esse.
524 961 615 1014 Ad
647 979 701 1032 p.
732 966 853 1016 385.
885 968 932 1016 1.
971 993 1042 1004 —
1089 967 1155 1014 19
1191 970 1471 1017 venerunt
1505 961 1724 1031 Tyrrell
1759 962 1993 1028 institue,
2042 963 2221 1017 credo.
2261 995 2330 1004 —-

312 1037 380 1085 20
416 1033 472 1088 A
506 1033 708 1102 Quinto
735 1049 986 1101 quoque
1011 1032 1300 1086 Lehmann
1330 1031 1581 1097 Quaestt.
1611 1052 1662 1103 p.
1696 1039 1797 1087 102
1816 1050 1896 1102 sq.
1933 1033 2060 1087 fort.
2091 1050 2230 1087 vere.
2263 1065 2332 1074 —

312 1107 381 1156 30
423 1104 855 1158 remotissimum
899 1102 1189 1169 Wesenb.,
1243 1104 1411 1171 Boot,
1464 1104 1696 1173 Tyrrell.
1778 1104 1868 1158 Ad
1901 1122 1957 1174 p.
1988 1110 2107 1158 252.
2140 1110 2222 1158 15.
2261 1135 2330 1146 -

311 1178 381 1227 33
418 1172 675 1228 Lucilius
708 1173 967 1244 Malasp.,
1003 1174 1213 1240 Baiter,
1250 1174 1411 1241 Boot,
1449 1174 1721 1242 Schmidt,
1749 1174 1983 1243 Tyrrell,
2011 1175 2332 1244 †Lueullue

317 1243 573 1298 Wesenb.
613 1275 683 1287 —
710 1250 780 1298 34
807 1247 1089 1300 sustineat
1123 1245 1225 1312 Μ’,
1262 1245 1423 1300 Boot.
1487 1248 1506 1315 ΙΙ
1568 1245 1639 1300 Ρ.
1670 1244 1807 1300 408.
1838 1253 1868 1299 5
1898 1246 2144 1301 Polione
2170 1245 2328 1300 Boot.

312 1346 382 1355 —
435 1314 513 1368 Π).
546 1332 626 1383 sq.
675 1315 938 1371 Pollione.
985 1314 1076 1370 De
1119 1316 1311 1371 Pansa
1358 1315 1626 1370 Schmidt.
1707 1315 1869 1370 Nihil
1914 1316 2131 1370 definio
2180 1348 2250 1358 —
2297 1322 2327 1368 7

311 1392 465 1453 esset,
509 1392 649 1441 certe
694 1403 763 1441 ne
798 1387 863 1440 de
900 1386 1021 1440 sine
1058 1402 1220 1440 cruce
1254 1386 1472 1454 Baiter,
1512 1394 1614 1454 est,
1649 1388 1741 1442 sed
1777 1393 1912 1441 certe
1947 1388 2012 1442 de
2047 1386 2329 1454 Wesenb.,

311 1455 555 1525 Tyrrell,
602 1463 679 1512 eet
723 1458 879 1523 certi,
924 1464 1060 1512 certe
1104 1458 1171 1511 de
1220 1458 1361 1511 coni.
1399 1457 1560 1524 Boot,
1594 1459 1646 1512 si
1680 1459 1815 1527 quid
1848 1459 1981 1513 scies
2015 1465 2066 1513 et
2101 1459 2329 1513 certiora

311 1529 378 1582 de
413 1528 635 1581 Metello
672 1534 722 1582 et
754 1528 935 1583 Balbo
970 1530 1176 1582 minore
1210 1526 1278 1581 H.
1308 1527 1375 1582 A.
1404 1528 1562 1582 Koch
1588 1546 1727 1582 mus,
1758 1527 1934 1583 Rhen.
1965 1534 2101 1582 1857
2130 1546 2184 1597 p.
2208 1534 2327 1583 279.

312 1604 613 1666 —9sqq.V.
637 1597 952 1667 Schmidtp.
967 1604 1089 1665 510,
1116 1598 1335 1667 Tyrrell
1345 1614 1427 1669 ep.
1444 1605 1566 1667 632,
1583 1599 1716 1654 Kal.
1736 1600 1864 1654 oder
1883 1600 1972 1654 VI
1983 1600 2118 1653 Non
2140 1599 2324 1670 Quint.

314 1668 548 1723 Schiche
586 1667 771 1722 Herm.
800 1668 978 1722 XVIII
1013 1687 1068 1738 p.
1100 1675 1202 1723 606
1242 1671 1301 1723 et
1338 1674 1456 1738 614,
1495 1687 1580 1739 ep.
1618 1669 1747 1723 XXI
1775 1674 1805 1736 ξ
1833 1676 1867 1723 4
1900 1670 2132 1740 priores,
2163 1702 2232 1711 —
2263 1675 2327 1724 15

316 1740 462 1809 Quid
495 1738 676 1793 illud?
713 1740 837 1793 edd.
877 1739 967 1793 Ad
1002 1758 1055 1809 p.
1077 1746 1197 1795 404.
1221 1746 1268 1794 9.
1307 1771 1378 1781 -
1415 1746 1484 1794 29
1505 1757 1586 1807 sq.
1617 1740 1741 1795 Sed
1773 1743 1996 1795 nescio
2032 1757 2137 1810 quo
2173 1742 2331 1795 modo

312 1817 509 1866 antea
555 1827 657 1864 scr.
704 1828 842 1864 mua.
881 1810 1058 1865 Rhen.
1099 1815 1236 1865 1898
1272 1828 1328 1880 p.
1360 1816 1462 1865 133
1483 1827 1632 1879 sqq„
1673 1827 1779 1880 quo
1813 1812 1971 1865 modo
2006 1819 2185 1866 autem
2223 1811 2330 1865 -·.9

314 1881 470 1935 codd.
510 1882 569 1934 et
606 1880 729 1934 edd.
771 1910 840 1922 -
876 1887 941 1936 31
965 1897 989 1934 s
1036 1923 1046 1934 .
1084 1882 1340 1936 describit
1375 1898 1411 1935 a
1437 1882 1550 1936 tuis
1576 1879 1780 1935 seclusi
1806 1879 1892 1935 l.1.
1957 1884 1976 1951 ΙΙ
2045 1881 2116 1937 Ρ.
2138 1883 2274 1937 409.
2297 1889 2327 1936 2

313 1971 392 2021 sq.
424 1953 865 2022 praetermissum
898 1953 971 2008 eit
1074 1952 1106 2006 ¹.
1162 1952 1252 2007 Ad
1286 1971 1342 2023 p.
1375 1957 1520 2007 1.11.
1560 1983 1629 1994 -
1667 1958 1699 2007 8
1735 1951 2030 2025 [Seoetiles]
2064 1952 2221 2007 Boot.
2260 1983 2330 1995 --

316 2029 379 2078 11
407 2040 601 2079 nomen
627 2024 816 2094 potius
844 2040 1015 2092 quam
1040 2025 1307 2078 hominem
1336 2022 1589 2091 Schuetz,
1617 2022 1899 2091 Wesenb„
1927 2054 1998 2065 -
2028 2029 2094 2077 13
2120 2025 2330 2090 Scrofa,

313 2096 473 2151 etiam
499 2096 671 2164 quod
690 2096 938 2163 proxime
965 2095 1196 2149 accidit.
1244 2094 1308 2149 Si
1332 2093 1615 2159 Wesenb.,
1642 2093 1800 2148 Boot.
1821 2125 1891 2135 —
1911 2100 1980 2147 20
2007 2112 2056 2149 v.
2078 2093 2330 2148 Schmidt

311 2182 364 2234 p.
395 2171 515 2233 511,
553 2164 774 2233 Tyrrell
810 2180 895 2234 ep.
927 2170 1049 2232 635,
1097 2166 1150 2219 V
1178 2166 1307 2220 oder
1341 2166 1441 2219 IV
1469 2166 1616 2220 Non.
1658 2164 1891 2219 Schiche
1927 2164 2112 2218 Herm.
2151 2164 2330 2218 XVIII

312 2254 363 2305 p.
395 2241 497 2290 606
536 2239 596 2290 et
631 2241 752 2303 614,
802 2252 976 2290 mense
1019 2237 1203 2305 Quint.
1241 2236 1458 2302 Baiter,
1499 2241 1652 2303 (ante
1687 2237 1907 2303 Nonas)
1947 2235 2206 2289 Wesenb.
2260 2267 2330 2277 ·—

313 2313 376 2360 27
421 2307 467 2361 0
500 2307 717 2360 habent
751 2324 797 2372 c,
834 2306 1080 2376 L(mgo),
1119 2306 1279 2361 codd.
1316 2306 1468 2373 Boni,
1496 2324 1608 2361 v.c.
1647 2306 1954 2376 (Lehmann
1982 2306 2099 2360 Att.
2128 2325 2181 2376 p.
2208 2313 2327 2373 124,

313 2380 451 2448 204),
506 2393 647 2431 recc.
707 2378 830 2430 edd.
880 2393 1097 2442 omneS,
1152 2377 1327 2431 etiam
1373 2376 1650 2444 Schmidt,
1697 2377 1798 2431 sed
1847 2395 1973 2431 cum
2008 2377 2235 2432 Baitero
2273 2381 2331 2432 et

311 2448 583 2517 Tyrrellio
622 2451 912 2516 tamquam
941 2447 1305 2514 ,additicium3
1346 2463 1478 2501 nam
1514 2465 1618 2502 om.
1655 2451 1771 2501 ΛΣ.
1811 2480 1881 2490 --
1919 2453 1987 2501 30
2022 2450 2331 2503 videbitur

312 2517 382 2572 Ο1
423 2519 732 2588 (Lehmann
777 2518 892 2572 Att.
920 2536 975 2588 p.
1007 2521 1095 2586 37)
1113 2560 1126 2585 ,
1170 2517 1348 2587 vulg.,
1393 2533 1534 2573 recc.
1580 2521 1805 2589 praeter
1848 2518 2328 2589 Wesenbergium,

309 2590 518 2645 vibetwr
571 2589 655 2657 M,
705 2591 921 2643 videtur
965 2588 1227 2642 Wesenb.
1275 2620 1343 2629 -
1391 2595 1458 2642 32
1503 2590 1721 2657 habere,
1758 2607 1896 2659 quae
1936 2592 2050 2644 nisi
2084 2609 2119 2645 a
2158 2597 2205 2644 te
2243 2590 2328 2645 ed.

310 2660 468 2728 Iena,
505 2659 716 2726 Baiter,
752 2659 911 2727 Boot,
941 2659 1175 2728 Tyrrell,
1195 2658 1280 2688 *¹⁸*
1318 2658 1578 2714 Wesenb.
1619 2660 1760 2713 coni.
1798 2661 2007 2728 habere,
2043 2678 2181 2730 quae
2216 2662 2331 2715 nisi

308 2750 346 2785 a
374 2733 485 2787 tuis
508 2730 729 2798 melina,
757 2732 793 2799 †
811 2731 1002 2785 habere
1031 2730 1287 2784 Schmidt
1314 2729 1455 2784 coni.
1486 2732 1770 2799 quaedam,
1832 2748 1934 2785 uae
1962 2748 1998 2785 a
2024 2749 2105 2786 me
2121 2732 2327 2786 habere.

310 2834 377 2842 -
406 2808 476 2856 33
503 2803 764 2868 satisfac.
793 2801 945 2855 Boot
1006 2802 1026 2869 ΙΙ
1088 2800 1158 2855 Ρ.
1188 2799 1326 2856 410.
1358 2807 1388 2854 3
1409 2802 1592 2870 probo
1619 2799 1783 2855 Woel
1834 2801 1918 2854 lin
1948 2799 2184 2855 ‘Latein
2213 2802 2330 2854 und

309 2889 518 2927 roman.
560 2871 977 2941 Comparation'
1008 2890 1063 2942 p.
1087 2878 1182 2925 9n.
1213 2871 1303 2940 (cf.
1324 2890 1379 2941 p.
1403 2877 1521 2926 118.
1536 2878 1586 2938 3,
1635 2877 1818 2937 163.9,
1857 2876 2072 2939 186.28,
2111 2878 2229 2926 380.
2244 2879 2328 2938 32,

309 2949 492 3010 4022,
538 2948 757 3010 409.11,
803 2948 1023 3010 413.11‚
1072 2943 1198 2996 add.
1229 2948 1413 3009 387.2,
1451 2942 1582 2995 fam.
1613 2941 1716 2995 XV
1744 2947 1890 3008 17.4‚
1928 2939 1990 3006 Q.
2027 2942 2092 2997 fr.
2131 2943 2208 2995 ΠΙ
2240 2950 2328 2997 1.2
2412 2975 2416 2980 -

308 3032 361 3083 p.
381 3033 473 3081 m.,
517 3015 675 3069 valde
713 3014 877 3068 laudo
914 3013 1044 3066 fam.
1076 3012 1177 3066 XII
1206 3018 1288 3074 30.
1313 3019 1362 3081 7,
1398 3014 1555 3068 valde
1585 3014 1765 3081 placet
1798 3031 1850 3082 p.
1884 3018 2065 3081 15.25,
2102 3020 2220 3067 426.
2245 3020 2328 3081 29,

308 3091 428 3140 459.
443 3091 529 3153 23,
567 3090 785 3151 47214,
823 3089 1040 3151 49615,
1079 3082 1141 3148 Q.
1171 3084 1237 3138 fr.
1267 3084 1320 3137 Il
1341 3089 1449 3150 7.1,
1487 3083 1565 3136 III
1585 3089 1676 3136 1.1
1698 3102 1751 3154 p.
1763 3100 1836 3138 m.
1858 3086 1916 3138 et
1935 3089 1966 3136 5
1988 3100 2036 3137 a.
2057 3086 2331 3153 m.‚plane

304 3157 473 3224 probo
499 3174 554 3225 p.
586 3160 768 3222 546.1,
806 3171 1084 3223 nusquam
1119 3156 1277 3209 valde
1303 3155 1473 3223 probe
1512 3157 1614 3207 aut
1634 3155 1876 3224 probus),
1912 3153 2056 3208 Boot
2082 3156 2240 3210 tacit.
2270 3156 2329 3209 in

307 3229 545 3294 utraque
566 3225 832 3293 editione,
846 3226 1011 3294 probe
1031 3226 1189 3280 codd.
1213 3228 1285 3295 (p.
1306 3231 1393 3279 24.
1406 3227 1460 3295 8)
1480 3228 1540 3279 et
1557 3225 1682 3278 edd.
1703 3227 1769 3278 ut
1784 3243 1839 3295 p.
1864 3230 1981 3279 133.
2002 3230 2086 3292 20,
2107 3231 2327 3292 439.16,

305 3303 507 3351 46613
537 3299 834 3367 (,486.19).
873 3296 963 3349 Ad
981 3302 1100 3349 426.
1119 3302 1203 3351 32.
1254 3325 1325 3340 —-
1373 3301 1404 3349 5
1440 3297 1523 3351 ita
1565 3296 1698 3365 post
1744 3298 1858 3350 vita
1906 3296 2146 3350 addend.
2186 3297 2321 3351 coni.

302 3367 523 3434 Baiter,
580 3385 683 3422 scr.
741 3366 1029 3434 Wesenh„
1084 3369 1167 3422 ita
1219 3368 1337 3421 vita
1391 3364 1581 3420 Orelli.
1638 3397 1707 3407 -
1763 3372 1794 3419 6
1841 3367 2129 3421 humanae
2175 3369 2328 3432 vett,

307 3439 595 3506 Wesenb.,
632 3437 792 3492 Boot.
831 3469 898 3478 -
937 3438 1014 3491 Ib.
1045 3438 1236 3507 iniquo
1273 3439 1461 3506 (inico)
1499 3435 1702 3506 Stangl
1726 3436 1998 3491 Fleckeis.
2032 3452 2158 3490 ann.
2191 3442 2326 3490 1896

304 3528 357 3579 p.
383 3516 502 3578 782,
531 3510 753 3564 inimico
783 3508 941 3563 codd.
973 3511 1030 3562 et
1058 3509 1184 3562 edd.
1232 3507 1325 3561 Ad
1350 3513 1633 3579 p.213.11.
1665 3538 1733 3547 —
1762 3507 1840 3561 Ib.
1872 3509 1934 3561 in
1962 3506 2103 3560 coni.
2136 3505 2327 3567 Orelli,
