2642 3923
309 168 438 233 120
947 169 1019 222 M.
1058 168 1155 224 TU
1157 168 1274 223 LLI
1310 167 1685 223 CICERONIS

306 316 433 395 est3
492 312 761 396 pecunia
815 313 1103 377 omnium
1160 312 1546 396 dignitatem
1604 315 1930 396 exaequat.
2021 310 2327 375 Messalla

307 399 589 485 languet,
633 422 768 464 non
803 422 930 483 quo
968 405 1081 464 aut
1118 401 1369 464 animus
1399 400 1564 464 desit
1592 404 1703 464 aut
1733 400 1940 486 amici,
1982 399 2093 464 sed
2128 399 2324 463 coitio

307 489 641 553 consulum
684 494 741 553 et
782 487 1127 573 Pompeius
1173 489 1427 553 obsunt.
1518 488 1617 552 Ea
1670 489 1931 552 comitia
1984 492 2142 571 puto
2188 488 2325 552 fore

311 581 383 640 ut
429 576 757 642 ducantur.
847 576 1205 641 Tribunicii
1240 576 1559 641 candidati
1605 577 1901 640 iurarunt
1942 598 2010 640 se
2057 575 2324 640 arbitrio

311 662 575 729 Catonis
621 665 957 748 petituros.
1050 664 1241 748 Apud
1295 686 1441 728 eum
1492 662 1600 729 HS
1647 665 1968 749 quingena
2022 663 2322 748 deposue-
2380 690 2406 729 ο

309 756 481 837 runt,
525 757 616 836 ut,
662 754 774 837 qui
819 776 858 817 a
903 750 1146 818 Catone
1191 753 1528 817 damnatus
1574 757 1767 836 esset,
1812 754 1879 817 id
1923 752 2215 838 perderet
2261 756 2324 816 et

311 841 844 925 competitoribus
890 842 1297 905 tribueretur.

239 946 271 995 8
442 928 618 994 Haec
662 951 782 1015 ego
830 930 1033 1013 pridie
1073 929 1447 1016 scribebam,
1491 952 1682 1013 quam
1720 930 1979 994 comitia
2025 928 2149 1030 [in]
2187 930 2324 994 fore

309 1015 722 1100 putabantur.
822 1016 946 1081 Sed
1003 1018 1084 1082 ad
1142 1023 1232 1101 te,
1295 1019 1523 1102 quinto
1569 1017 1711 1086 Kal.
1774 1016 1996 1083 Sextil.
2044 1018 2100 1082 si
2158 1018 2325 1082 facta

312 1110 526 1188 erunt,
586 1110 651 1169 et
696 1106 1071 1170 tabellarius
1117 1128 1250 1170 non
1295 1107 1421 1170 erit
1463 1107 1805 1189 profectus,
1865 1110 2007 1171 tota
2064 1107 2324 1171 comitia
2354 1133 2406 1171 10

312 1194 717 1277 perscribam.
823 1192 996 1270 Quae
1055 1195 1138 1278 si,
1197 1199 1272 1258 ut
1331 1198 1668 1278 putantur,
1727 1195 2011 1279 gratuita
2068 1195 2327 1280 fuerint,

312 1282 458 1366 plus
504 1304 671 1346 unus
719 1280 881 1347 Cato
937 1283 1219 1365 potuerit
1276 1305 1468 1366 quam
1523 1304 1728 1348 omnes
1774 1284 1927 1366 leyes
1981 1304 2325 1368 omnesque

243 1387 273 1435 9
313 1371 330 1432 i
339 1369 568 1435 udices
673 1369 947 1434 Messius
1008 1369 1462 1435 defendebatur
1520 1394 1558 1435 a
1614 1372 1802 1436 nobis
1871 1372 1947 1435 de
2005 1372 2324 1457 legatione

182 1528 186 1531 Α
313 1463 673 1543 revocatus3
718 1480 868 1522 nam
914 1481 1058 1522 eum
1097 1457 1353 1523 Caesari
1400 1460 1646 1544 legarat
1682 1458 1952 1544 AppiuS.
2018 1458 2325 1525 Servilius

314 1547 533 1631 edixit,
577 1550 652 1610 ut
697 1547 962 1611 adesset.
1035 1546 1269 1610 Tribus
1310 1547 1508 1612 habet
1541 1546 1968 1633 Pomptinam,
2011 1547 2408 1635 Velinam,1⁵

313 1634 634 1699 Maeciam.
698 1633 1034 1719 Pugnatur
1061 1636 1316 1717 acriter3
1356 1636 1571 1721 agitur
1598 1639 1813 1700 tamen
1842 1637 2018 1701 satis.
2082 1602 2327 1701 Deinde

315 1745 415 1786 me
461 1723 725 1806 expedio
780 1724 860 1787 ad
905 1721 1218 1809 Drusum,
1271 1724 1417 1787 inde
1472 1724 1552 1788 ad
1598 1723 1919 1789 Scaurum.
2009 1723 2328 1789 Parantur

316 1811 715 1875 orationibus
768 1811 1009 1876 indices
1064 1812 1349 1965 ἳΙὲπίοεί.
1439 1811 1739 1876 Fortasse
1794 1814 2088 1877 accedent
2133 1814 2326 1877 etiam

315 1899 608 1966 consules
657 1899 989 1985 designati.
1203 1900 1440 1985 quibus
1496 1901 1553 1966 si
1599 1898 1874 1966 Scaurus
1927 1922 2059 1966 non
2111 1901 2324 1986 fuerit,

313 1990 384 2053 in
426 1989 550 2053 11013
591 1989 827 2054 1111111310
872 1990 1054 2054 valde
1097 1989 1434 2054 laborabit.
2357 2019 2409 2055 20

232 2097 294 2144 10
445 2076 547 2140 Ex
596 2075 818 2152 Quinti
875 2077 1095 2142 fratris
1154 2078 1390 2142 litteris
1451 2079 1741 2161 suspicor
1797 2079 1926 2143 iam
1985 2101 2130 2144 eum
2189 2101 2327 2144 esse

313 2165 383 2230 in
439 2164 792 2230 Britannia.
898 2163 1222 2250 Suspenso
1283 2166 1495 2230 animo
1556 2170 1853 2250 exspecto
1862 2219 1880 2252 ,
1946 2168 2099 2252 quid
2158 2171 2324 2253 agat.

312 2253 481 2318 Illud
542 2254 799 2337 quidem
860 2275 1080 2318 sumus
1140 2254 1383 2340 adepti,
1442 2254 1614 2338 quod
1671 2255 1893 2319 multis
1953 2260 2018 2320 et
2074 2256 2325 2340 magnis

313 2341 565 2406 indiciis
611 2363 951 2424 possumus
997 2342 1302 2425 iudicare,
1359 2363 1479 2406 nos
1525 2340 1781 2407 Caesari
1840 2347 1903 2407 et
1962 2344 2324 2408 carissimos

313 2435 377 2493 et
413 2429 904 2494 iucundissimos
942 2451 1095 2494 esse.
1169 2392 1557 2514 Dio'nysium
1590 2432 1782 2495 velim
1829 2432 2072 2496 salvere
2106 2432 2324 2497 iubeas
2356 2459 2407 2498 2⁵

314 2522 379 2582 et
423 2539 569 2582 eum
613 2538 802 2601 roges
849 2522 914 2582 et
957 2518 1243 2604 hortere,
1290 2522 1363 2582 ut
1410 2540 1602 2602 quam
1645 2520 1923 2621 primum
1967 2521 2208 2605 veniat,
2253 2525 2327 2584 ut

309 2607 521 2691 possit
549 2604 917 2672 Ciceronem
953 2628 1167 2671 meum
1212 2610 1407 2690 atque
1442 2607 1636 2672 etiam
1673 2631 1774 2672 me
1810 2609 2022 2693 ipsum
2058 2573 2325 2674 erudire.

1230 2785 1406 2852 XVI.

501 2909 618 2968 Ser.
655 2909 862 2966 Romae
896 2927 977 2966 ex.
1015 2927 1085 2965 m.
1122 2911 1253 2965 Iwn.
1291 2915 1393 2964 aut
1426 2910 1505 2964 in.
1548 2908 1734 2978 Quint.
1772 2926 1824 2963 a.
1866 2912 1976 2965 700
2014 2912 2149 2977 (54).

949 3031 1206 3089 CICERO
1244 3031 1506 3087 ATTICO
1546 3031 1693 3087 SAL.
2357 3043 2409 3082 30

246 3161 274 3208 1
447 3141 953 3226 Occupationum
997 3163 1283 3206 mearum
1328 3141 1432 3207 vel
1473 3140 1598 3205 hoc
1653 3140 1910 3225 signum
1955 3140 2104 3224 erit,
2159 3141 2327 3224 quod

313 3232 592 3316 epistula
626 3229 874 3294 librarii
908 3251 1101 3293 manu
1139 3238 1250 3295 est.
1305 3229 1405 3295 De
1432 3230 1851 3313 epistularum
1878 3229 2240 3312 frequentia
2264 3232 2331 3293 te

312 3320 478 3384 nihil
520 3339 765 3404 accuso,
815 3318 924 3382 sed
966 3317 1304 3403 pleraeque
1344 3322 1598 3382 tantum
1639 3318 1828 3381 modo
1870 3316 2031 3381 1111111
2078 3317 2331 3382 nuntia-

312 3407 492 3492 bant,
535 3406 649 3470 ubi
686 3427 874 3490 esses,
916 3406 1020 3470 vel
1056 3406 1252 3471 etiam
1287 3406 1736 3491 significabant
1772 3410 1941 3470 recte
1969 3427 2122 3489 esse,
2160 3405 2327 3489 quod

315 3498 498 3560 erant
543 3493 655 3558 abs
699 3497 780 3557 te.
855 3491 994 3569 Quo
1039 3494 1110 3557 in
1154 3516 1384 3579 genere
1429 3495 1703 3558 maxime
1739 3494 2135 3559 delectarunt
2171 3494 2330 3558 duac
2358 3520 2411 3560 aa
