2642 3923
613 221 1126 276 EPISTULARUM
1162 219 1262 275 AD
1299 219 1618 275 ATTICUM
1657 219 1757 273 XV
1795 225 2019 274 27—29.
2191 220 2317 283 491

308 365 557 428 litteras
623 364 1006 446 exspectabo
1071 367 1137 427 et
1200 363 1484 426 maxime
1540 362 1618 427 de
1678 362 1873 445 ludis;
1947 363 2022 426 de
2085 361 2321 447 quibus

308 453 504 517 etiam
572 452 653 515 ad
710 451 985 516 Brutum
1057 451 1181 515 tibi
1250 450 1656 515 scribendum
1713 454 1827 513 est.
1933 448 2154 514 Cuius⁷
2192 450 2320 533 epi·

307 541 530 622 stulae,
577 562 768 623 quam
816 539 1226 622 interpretari
1269 539 1409 622 ipse
1455 539 1565 602 vix
1611 542 1917 625 poteram,
1961 538 2321 621 exemplum

306 628 510 711 pridie
564 627 684 691 tibi
740 628 1056 691 miseram.
1146 626 1404 690 Atticae
1457 647 1633 690 meae
1687 626 1881 690 velim
1934 648 2036 689 me
2080 626 2175 689 ita
2220 647 2321 688 ex-

255 741 281 782 ⁶
308 737 508 800 cuses,
554 719 629 780 ut
675 736 930 779 omnem
976 715 1226 798 culpam
1274 715 1344 777 in
1388 718 1454 777 te
1500 715 1846 777 transferas
1893 718 1958 777 et
2001 713 2061 778 61
2106 718 2322 777 tamen

307 804 642 867 confirmes
695 823 800 868 me
844 804 1253 867 immutatum
1302 823 1585 865 amorem
1630 824 1842 866 meum
1887 823 2134 865 mecum
2181 801 2322 865 abs·

305 892 551 956 tulisse.

1196 1062 1427 1130 XXIX.

572 1186 688 1242 Ser.
715 1187 779 1240 in
818 1186 1118 1240 Formiano
1154 1185 1268 1239 HI
1293 1185 1443 1240 Non.
1478 1184 1663 1255 Quint.
1694 1202 1745 1239 a.
1778 1188 1886 1240 710
1923 1187 2061 1254 (44).

226 1320 278 1359 10
829 1352 837 1358 .
911 1306 1200 1363 CICERO
1232 1307 1524 1363 ATTICO
1561 1307 1724 1362 SAL.

436 1414 626 1479 Bruti
673 1416 754 1479 ad
796 1419 863 1480 te
907 1415 1249 1498 epistulam
1296 1416 1459 1480 misi.
1533 1413 1620 1479 Di
1664 1415 1837 1500 boni,
1883 1418 2122 1499 quanta
2157 1414 2319 1499 ἄμη-

303 1506 525 1586 χανίαέ
592 1502 973 1587 CognosceS,
1017 1525 1162 1566 cum
1207 1503 1456 1587 legeris
1529 1501 1628 1567 De
1673 1504 2098 1568 celebratione
2141 1503 2321 1567 ludo-

304 1613 448 1653 rum
501 1590 692 1655 Bruti
756 1590 880 1654 tibi
934 1591 1275 1655 adsentior.
1375 1590 1477 1655 Ad
1531 1590 1616 1654 M.
1663 1590 1921 1655 Aelium
1974 1592 2191 1655 nullus
2244 1595 2319 1654 tu

306 1677 562 1761 quidem
608 1679 888 1763 domum,
934 1677 1042 1742 sed
1089 1678 1293 1742 sicubi
1339 1678 1650 1743 inciderit.
1741 1676 1838 1742 De
1883 1678 2180 1742 Tulliano
2228 1699 2319 1742 se-

226 1793 277 1834 15
306 1766 500 1830 misse
546 1764 631 1830 M.
673 1767 996 1830 Axianum
1052 1765 1417 1851 adhibebis,
1470 1771 1544 1830 ut
1600 1766 1843 1840 scribis,
1936 1766 2120 1843 Quod
2173 1788 2318 1831 cum

306 1851 558 1918 Cosano
608 1854 828 1939 egisti,
884 1854 1139 1937 optime.
1224 1853 1408 1930 Quod
1452 1876 1584 1918 non
1629 1854 1838 1918 solum
1882 1875 2042 1939 mea,
2094 1874 2317 1918 verum

305 1941 500 2007 etiam
564 1946 677 2007 tua
740 1963 930 2008 causa
991 1965 1092 2008 me
1158 1942 1446 2027 expedis,
1518 1946 1791 2028 gratum.
1899 1941 2318 2027 Legationem

303 2030 565 2113 probari
639 2053 843 2095 meam
916 2032 1179 2115 gaudeo.
1289 2029 1472 2105 Quod
1532 2031 1861 2115 promittis
1871 2082 1888 2115 ,
1954 2031 2019 2095 di
2083 2032 2316 2095 faxint!

304 2117 469 2193 Quid
514 2119 686 2183 enim
729 2120 890 2183 mihi
934 2119 1094 2182 meis
1140 2119 1522 2183 iucundius?
1596 2116 1720 2183 Sed
1757 2119 1968 2204 istam,
2014 2141 2204 2202 quam
2240 2123 2316 2183 tu

224 2232 278 2272 so
305 2207 569 2307 excipis,
625 2212 862 2359 &etussi
961 2207 1264 2359 Brutiui)
1293 2228 1439 2308 cum
1493 2227 1874 2358 convenercii,
1925 2207 2314 2359 persScribam

306 2315 533 2358 omma.
688 2316 722 2358 e
865 2317 1020 2360 anco
1086 2317 1118 2359 6
1268 2317 1469 2359 6611116
1536 2317 1686 2359 sane
1745 2317 1822 2359 ve
1873 2318 1953 2358 m.
2095 2316 2171 2359 ex
2205 2318 2314 2359 um

304 2387 559 2446 scutum
621 2383 869 2447 abicere
931 2384 1245 2448 nolebam.
1335 2382 1433 2447 De
1485 2381 1753 2466 Mundo,
1818 2384 1873 2447 si
1926 2382 2083 2467 quid
2137 2384 2311 2448 scieS.

304 2468 633 2554 Rescripsi
680 2472 759 2535 ad
805 2471 1020 2534 omnia
1064 2475 1203 2556 tua3
1247 2492 1418 2535 nunc
1460 2475 1684 2536 nostra
1707 2471 1958 2572 accipe.

436 2557 710 2634 Quintus
768 2559 942 2622 filius
995 2580 1197 2642 usque
1242 2558 1619 2631 Puteolos(
1606 2559 1835 2631 (mirus
1882 2559 2067 2645 civis,
2119 2562 2193 2622 ut
2237 2563 2314 2623 tu

222 2670 276 2710 25
304 2644 658 2710 Favonium
713 2645 1011 2710 Asinium
1065 2644 1263 2732 dicas)
1327 2651 1392 2711 et
1438 2646 1696 2730 quidem
1741 2647 1897 2711 duas
1945 2647 2027 2711 ob
2074 2668 2313 2731 causaS,

302 2733 349 2814 ’1-
367 2737 432 2796 et
484 2738 560 2797 ut
612 2756 859 2797 mecum
911 2738 978 2799 et
1031 2738 1104 2798 ut
1164 2739 1555 2800 σπείσασθαι
1614 2735 1756 2798 vult
1809 2756 1953 2798 cum
2000 2734 2203 2800 Bruto
2258 2741 2317 2800 et

303 2819 544 2885 Cassio,
637 2821 759 2885 Sed
822 2826 896 2886 tu
961 2822 1113 2905 quid
1173 2822 1311 2886 ais‘?
1387 2820 1530 2886 Scio
1588 2823 1759 2887 enim
1813 2826 1879 2887 te
1932 2823 2312 2887 familiarem

302 2928 441 2971 esse
488 2908 831 2973 Othonum.
909 2908 1022 2973 Ait
1067 2909 1172 2975 hic
1218 2911 1344 2973 sibi
1380 2910 1613 2974 Iuliam
1649 2911 1840 2996 ferre3
1887 2912 2313 2975 constitutum

302 2996 472 3060 enim
527 3018 663 3060 esse
717 2997 1068 3062 discidium.
1161 2997 1489 3075 Quaesivit
1543 3021 1620 3064 ex
1674 3021 1776 3063 me
1824 2962 2042 3084 ⁷pater,
2105 3000 2312 3082 qualis

219 3109 275 3149 ao
300 3088 470 3148 esset
531 3085 716 3149 fama.
808 3085 962 3150 Dixi
1022 3086 1187 3150 nihil
1251 3108 1403 3150 sane
1456 3108 1558 3150 me
1617 3086 1870 3150 audisse
1926 3084 2312 3173 (nesciebam

300 3173 486 3256 enim,
532 3195 645 3237 cur
693 3172 1052 3260 quaereret)
1099 3174 1226 3238 nisi
1272 3175 1349 3237 de
1395 3195 1505 3238 ore
1551 3178 1615 3239 et
1660 3178 1855 3257 patre.
1931 3173 2078 3238 Sed
2126 3196 2311 3257 quor-

300 3259 477 3323 sus‘P'
541 3261 822 3345 inquam.
922 3261 1014 3327 At
1070 3262 1179 3326 ille
1231 3263 1439 3326 filium
1493 3261 1671 3326 velle.
1762 3261 1928 3326 Tum
1983 3283 2131 3347 ego,
2189 3263 2312 3326 etsi

298 3347 802 3435 ἐβδελυττόμην,
849 3354 1066 3415 tamen
1110 3351 1342 3434 negavi
1386 3353 1614 3433 putare
1661 3372 1763 3413 me
1807 3349 1920 3413 illa
1964 3370 2102 3414 esse
2145 3371 2310 3414 vera.

298 3438 562 3513 Σκοπὸς
613 3438 787 3522 [1106]
837 3444 935 3502 est
983 3438 1150 3503 enim
1189 3438 1339 3502 huic
1375 3441 1598 3501 nostro
1635 3437 1799 3500 nihil
1835 3436 2157 3523 praebere,
2199 3438 2313 3503 illa

213 3549 267 3590 85
298 3529 513 3589 autem
560 3526 642 3590 οὐ
687 3528 866 3612 παρὰ
909 3536 1122 3592 τοῦτο.
1215 3527 1360 3611 Ego
1407 3529 1625 3589 tamen
1670 3524 1959 3606 suspicor
2005 3523 2192 3604 hunc,
2238 3531 2312 3590 ut

2350 2490 2381 2537 2
