2642 3923
629 193 1141 248 EPISTULARUM
1174 194 1272 248 AD
1310 195 1617 250 BRUTUM
1654 196 1679 249 I
1718 202 1940 251 12—14.
2161 196 2288 261 537

274 338 664 403 cessitudine
701 339 970 422 privata,
1008 339 1206 403 debeo
1244 339 1605 423 impetrare.
1663 339 1828 415 Quid
1865 341 1954 404 sis
1991 341 2296 427 facturuS,

274 427 675 581 gpligsglniigai
723 450 915 511 quam
962 428 1242 511 primum
1279 428 1611 493 rescribas.
1686 428 1826 493 Kal.
1866 428 2295 504 Quinctilibus

1193 692 1366 757 XIV.

212 825 247 864 s
692 812 804 869 Ser.
835 814 1043 869 Romae
1087 814 1142 868 V
1169 815 1257 870 Id.
1294 814 1481 884 Quint.
1512 832 1563 869 a.
1596 817 1700 870 711
1743 818 1879 883 (43).

923 936 1178 992 CICERO
1216 937 1460 992 BRUTO
1501 938 1648 993 SAL.

410 1046 647 1111 Breves
693 1047 949 1110 litterae
994 1050 1144 1111 tuae
1191 1084 1276 1093 -
1326 1047 1549 1111 breves
1597 1047 1767 1131 dico,
1823 1047 2019 1112 immo
2063 1048 2293 1112 nullae.
2332 1063 2357 1113 1

276 1135 593 1199 Tribusne
667 1135 997 1199 versiculis
1062 1134 1165 1198 his
1229 1135 1633 1218 temporibus
1698 1136 1940 1200 Brutus
2005 1137 2084 1200 ad
2147 1136 2293 1200 me?

276 1222 463 1287 Nihil
508 1224 871 1308 scripsisses
917 1224 1154 1306 potius.
1227 1222 1318 1286 Et
1364 1224 1639 1307 requiris
1685 1227 1885 1288 meas!
1958 1223 2114 1300 Quis
2160 1248 2295 1288 um-

194 1339 248 1379 ιο
277 1335 470 1397 quam
517 1313 596 1376 ad
641 1317 707 1377 te
753 1316 1015 1376 tuorum
1063 1312 1200 1375 sine
1236 1312 1397 1376 meis
1436 1311 1653 1376 venit?
1719 1336 1879 1396 quae
1917 1317 2129 1377 autem
2168 1314 2294 1396 epi-

276 1401 448 1465 stula
492 1422 624 1465 non
670 1401 921 1483 pondus
967 1399 1241 1464 habuit?
1315 1398 1490 1475 Quae
1538 1401 1595 1465 si
1631 1401 1709 1464 ad
1746 1405 1811 1466 te
1846 1401 2128 1485 perlatae
2163 1423 2295 1465 non

278 1493 448 1574 sunt,
492 1511 575 1553 ne
611 1488 991 1552 domesticas
1030 1488 1287 1571 quidem
1324 1493 1468 1552 tuas
1506 1489 1784 1573 perlatas
1823 1489 2117 1554 arbitror.
2193 1487 2293 1554 Ci-

277 1578 491 1641 ceroni
540 1577 768 1640 scribis
811 1581 878 1640 te
922 1577 1280 1661 longiorem
1326 1578 1626 1641 daturum
1664 1577 2020 1662 epistulam.
2094 1577 2294 1642 Recte

277 1666 344 1729 id
391 1665 664 1749 quidem,
710 1665 821 1729 sed
863 1665 1021 1729 haec
1067 1687 1320 1749 quoque
1368 1665 1590 1730 debuit
1636 1688 1773 1730 esse
1809 1667 2073 1750 plenior.
2147 1665 2291 1751 Ego

195 1779 250 1821 15
279 1758 521 1839 autem,
580 1775 724 1817 cum
780 1753 858 1817 ad
902 1775 1003 1817 me
1049 1754 1125 1817 de
1173 1752 1497 1818 Ciceronis
1544 1754 1658 1819 abs
1704 1758 1770 1818 te
1815 1755 2098 1818 discessu
2145 1756 2293 1818 scri-

278 1843 537 1928 psisseS,
597 1842 818 1905 statim
866 1842 1109 1906 extrusi
1153 1842 1527 1907 tabellarios
1572 1843 1950 1926 litterasque
1996 1844 2076 1907 ad
2122 1841 2294 1907 Cice-

277 1952 525 2016 ronem,
586 1934 689 2017 ut,
743 1931 994 1996 etiamsi
1039 1931 1109 1994 in
1151 1930 1409 1995 Italiam
1452 1932 1752 2017 venisset,
1799 1932 1876 1996 ad
1920 1935 1987 1997 te
2032 1931 2294 2018 rediret3

276 2020 441 2084 nihil
488 2020 654 2084 enim
702 2019 864 2083 mihi
899 2020 1256 2104 iucundiuS,
1302 2019 1469 2084 nihil
1505 2021 1603 2085 illi
1638 2021 1990 2085 honestius.
2065 2019 2294 2096 Quam-

279 2131 473 2192 quam
546 2109 931 2192 aliquotiens
1006 2108 1063 2172 ei
1128 2109 1508 2192 scripseram
1572 2110 1970 2173 sacerdotum
2032 2111 2294 2174 comitia

196 2224 250 2263 κο
278 2220 421 2262 mea
485 2219 735 2261 summa
802 2197 1209 2261 contentione
1263 2197 1334 2260 in
1388 2197 1661 2261 alterum
1718 2219 1952 2262 annum
2009 2220 2145 2263 esse
2199 2220 2294 2262 re-

277 2288 457 2350 iecta.
551 2284 736 2361 Quod
794 2306 913 2370 ego
969 2308 1114 2349 cum
1174 2282 1498 2350 Ciceronis
1545 2308 1736 2350 causa
1781 2286 2108 2351 elaboravi
2152 2292 2292 2351 tum

277 2373 546 2459 Domiti,
584 2372 866 2458 Catonis,
902 2373 1180 2459 Lentuli,
1215 2372 1625 2460 Bibulorum3
1672 2375 1845 2458 quod
1882 2375 1961 2439 ad
1997 2380 2060 2439 te
2099 2377 2292 2441 etiam

278 2464 672 2547 scripseram.
766 2461 890 2527 Sed
933 2463 1248 2547 videlicet,
1293 2484 1438 2526 cum
1482 2463 1663 2527 illam
1707 2463 2010 2547 pusillam
2058 2465 2294 2548 epistu-

276 2554 407 2616 lam
459 2556 640 2616 tuam
697 2551 776 2615 ad
829 2573 931 2615 me
978 2551 1203 2636 dabaS,
1257 2552 1544 2615 nondum
1588 2557 1725 2616 erat
1771 2552 1894 2615 tibi
1938 2553 2005 2615 id
2048 2557 2292 2617 notum.

196 2665 250 2706 25
279 2639 487 2727 Quare
534 2640 708 2704 omni
756 2640 969 2704 studio
1016 2662 1053 2702 a
1098 2644 1181 2723 te,
1227 2640 1318 2703 mi
1365 2640 1583 2723 Brute,
1630 2641 1964 2725 contendo,
2009 2645 2083 2704 ut
2122 2639 2292 2706 Cice·
2327 2656 2360 2704 2

277 2751 501 2793 ronem
570 2750 783 2792 meum
856 2750 936 2792 ne
1000 2728 1288 2792 dimittas
1353 2733 1691 2812 tecumque
1753 2729 2048 2815 deduca83
2123 2730 2293 2814 quod

278 2818 510 2919 ipsum,
556 2818 613 2880 si
648 2839 784 2881 rem
820 2816 1161 2903 publicam,
1205 2817 1307 2881 cui
1346 2822 1680 2901 susceptus
1716 2840 1801 2901 eS,
1838 2818 2123 2901 respicis,
2170 2819 2292 2882 tibi

277 2905 409 2970 iam
453 2906 708 2989 iamque
751 2905 1109 2969 faciendum
1157 2909 1269 2969 est.
1345 2904 1667 2969 Renatum
1710 2907 1879 2969 enim
1916 2906 2157 2970 bellum
2196 2912 2293 2971 est

278 2994 472 3078 idque
532 3015 666 3058 non
726 3016 996 3096 parvum
1061 2994 1294 3058 scelere
1348 2993 1589 3078 Lepidi.
1680 2994 2021 3059 Exercitus
2078 3000 2291 3060 autem

195 3108 251 3149 so
280 3081 597 3167 Caesaris,
653 3083 765 3166 qui
821 3086 957 3146 erat
1012 3083 1325 3168 optimus,
1376 3105 1510 3147 non
1566 3083 1756 3148 modo
1803 3083 1967 3147 nihil
2012 3085 2292 3168 prodest,

279 3172 390 3235 sed
435 3172 628 3235 etiam
675 3172 850 3256 cogit
897 3172 1239 3235 exercitum
1289 3175 1477 3235 tuum
1521 3171 1819 3256 flagitari.
1895 3170 2019 3246 Qui
2066 3172 2122 3235 si
2166 3171 2291 3236 Ita-

275 3260 430 3324 liam
485 3260 807 3346 attigerit,
865 3260 989 3323 erit
1049 3259 1206 3324 civis
1262 3282 1478 3344 nem0,
1534 3281 1725 3343 quem
1787 3259 2042 3344 quidem
2088 3260 2290 3323 civem

277 3349 586 3433 appellari
639 3348 737 3412 fas
794 3349 908 3433 sit,
962 3348 1074 3431 qui
1130 3370 1198 3412 se
1250 3371 1381 3412 non
1437 3348 1506 3410 in
1562 3353 1675 3412 tua
1725 3351 1932 3412 castra
1990 3348 2288 3413 conferat.

276 3437 423 3501 Etsi
471 3437 746 3500 Brutum
804 3436 1127 3521 praeclare
1174 3459 1320 3501 cum
1366 3436 1602 3500 Planco
1650 3436 2061 3500 coniunctum
2103 3436 2292 3500 habe·

192 3552 246 3594 35
276 3548 448 3610 mus;
515 3526 625 3589 sed
684 3547 818 3589 non
881 3525 1141 3609 ignoras
1151 3575 1170 3608 ,
1235 3547 1428 3608 quam
1495 3525 1626 3588 sint
1687 3524 1916 3587 incerti
1975 3529 2038 3587 et
2095 3525 2290 3588 animi
