2642 3923
336 200 473 262 444
984 199 1059 255 Μ.
1089 200 1304 255 TULLI
1343 199 1722 255 CICERONIS

337 343 586 408 eliciam
632 347 796 407 tuas.
889 343 1017 429 Tu,
1082 344 1136 407 si
1192 343 1348 426 quid
1401 343 1524 407 erit
1579 344 1655 407 de
1709 343 1966 426 ceteris,
2025 343 2101 406 de
2154 343 2370 407 Bruto

336 433 589 516 utique,
660 431 981 515 quicquid.
1083 430 1257 495 Haec
1331 431 1683 514 conscripsi
1745 449 1795 495 x
1849 430 1992 495 Kal.
2050 432 2371 496 accubans

337 520 507 604 apud
550 519 955 605 Vestorium,
1017 519 1345 583 hominem
1400 524 1717 584 remotum
1775 540 1813 584 a
1858 520 2233 605 dialecticis,
2294 519 2371 584 in

339 608 759 672 arithmeticis
805 608 965 672 satis
1013 608 1448 673 exercitatum.

1258 782 1438 849 XIII.
2429 811 2457 851 ι

747 905 859 962 Ser.
889 905 1135 960 Puteolis
1187 906 1275 959 VI
1304 906 1379 959 K.
1409 906 1556 960 Mai.
1585 923 1637 961 a.
1671 910 1779 960 710
1817 909 1951 973 (44).

948 1010 1239 1065 CICERO
1273 1011 1569 1066 ATTICO
1604 1011 1769 1066 SAL.

272 1137 298 1183 1
474 1117 763 1203 Septimo
830 1120 1102 1203 denique
1163 1118 1265 1182 die
1316 1119 1573 1183 litterae
1636 1118 1797 1183 mihi
1856 1120 2141 1185 redditae
2197 1124 2371 1207 sunt,

342 1230 502 1292 quae
547 1212 728 1273 erant
776 1230 814 1272 a
856 1211 923 1272 te
966 1226 1095 1272 xm
1140 1207 1283 1271 Kal.
1332 1207 1542 1293 datae3
1591 1208 1827 1291 quibus
1875 1209 2127 1291 quaeris
2173 1212 2368 1292 atque

341 1297 533 1360 etiam
588 1319 689 1360 me
753 1296 967 1380 ipsum
1010 1296 1253 1360 nescire
1306 1295 1674 1382 arbitraris,
1738 1300 1958 1360 utrum
2012 1297 2220 1384 magis
2266 1302 2368 1361 tu·
2400 1323 2455 1361 ιο

339 1386 533 1449 mulis
586 1389 1058 1468 prospectaque
1112 1406 1192 1448 an
1250 1383 1689 1449 ambulatione
1735 1384 2021 1450 ἁλιτενεῖ
2075 1385 2366 1450 delecter.

341 1472 464 1536 Est
501 1472 878 1557 mehercule,
913 1477 988 1536 ut
1026 1472 1204 1557 dicis,
1240 1471 1579 1556 utriusque
1608 1472 1733 1537 loci
1769 1476 1955 1537 tanta
1993 1475 2368 1558 amoenitas,

341 1565 414 1624 ut
461 1560 766 1644 dubitem,
813 1565 961 1624 utra
1005 1560 1450 1644 anteponenda
1498 1561 1598 1623 sit.

457 1703 542 1713 —
589 1703 675 1713 -
723 1667 740 1695 ³
761 1665 933 1732 Ἀλλ’
991 1665 1073 1730 οὐ
1120 1667 1345 1742 δαιτὸς
1392 1664 1722 1751 ἐπηράτου
1768 1669 1928 1751 ἔργα
1972 1664 2283 1750 μέμηλεν,

457 1754 623 1820 ἀλλὰ
668 1758 823 1837 λίην
865 1753 1030 1839 μέγα
1074 1763 1278 1838 πῆμα,
1326 1753 1688 1839 διοτρεφές,
1735 1755 2154 1838 εἰςορόωντες
2398 1780 2453 1820 15

456 1845 777 1927 δείδιμεν·
826 1842 900 1908 ἐν
945 1845 1097 1929 δοιῇ
1144 1839 1218 1907 δὲ
1264 1841 1606 1926 σαωσέμεν
1649 1841 1691 1925 ἢ
1737 1841 2159 1907 ἀπολέσθαι.’

270 1984 301 2031 2
342 1968 646 2044 Quamvis
711 1968 881 2031 enim
939 1971 1013 2030 tu
1076 1987 1309 2050 magna
1365 1971 1428 2029 et
1484 1966 1644 2030 mihi
1699 1965 1977 2030 iucunda
2033 1967 2367 2050 scripseris

341 2058 417 2120 de
463 2055 539 2121 D.
591 2056 778 2120 Bruti
830 2054 1109 2118 adventu
1166 2055 1247 2118 ad
1303 2076 1452 2118 suas
1507 2055 1794 2139 legiones
1803 2105 1821 2138 ,
1882 2055 1953 2118 in
2008 2076 2135 2138 quo
2191 2077 2368 2138 spem

340 2146 686 2209 maximam
731 2143 946 2229 vide0,
998 2147 1239 2228 tamen,
1285 2143 1340 2206 si
1386 2146 1485 2206 est
1530 2143 1770 2206 bellum
1826 2143 2012 2207 civile
2056 2144 2370 2229 futurum,

342 2234 513 2318 quod
559 2237 727 2296 certe
773 2232 916 2317 erit,
960 2231 1017 2295 si
1065 2228 1296 2295 Sextus
1350 2231 1419 2294 in
1465 2230 1658 2295 armis
1704 2231 2133 2317 permanebit,
2179 2254 2370 2315 quem
2397 2258 2454 2296 20

340 2343 828 2405 permansurum
891 2341 1028 2383 esse
1082 2323 1256 2384 certo
1317 2320 1479 2405 scin,
1543 2320 1698 2403 quid
1750 2319 1939 2384 nobis
2010 2319 2370 2384 faciendum

344 2409 458 2494 sit,
513 2409 759 2494 ignoro.
849 2408 1076 2491 Neque
1130 2408 1299 2471 enim
1355 2409 1483 2471 iam
1537 2408 1784 2491 licebit,
1849 2408 2020 2492 quod
2077 2406 2368 2472 Caesaris

341 2498 512 2563 bello
550 2497 754 2580 licuit,
780 2517 987 2580 neque
1021 2495 1148 2560 huc
1182 2517 1390 2579 neque
1427 2496 1595 2560 illuc.
1688 2495 2162 2579 Quemcumque
2200 2496 2369 2560 enim

340 2584 495 2649 haec
542 2606 694 2669 pars
730 2585 1128 2669 perditorum
1173 2584 1482 2648 laetatum
1520 2582 1810 2649 Caesaris
1854 2589 2063 2648 morte
2107 2585 2370 2668 putabit

343 2674 687 2761 (laetitiam
733 2676 947 2737 autem
993 2672 1399 2755 apertissime
1443 2673 1710 2736 tulimus
1758 2671 2035 2757 omnes),
2080 2673 2253 2736 hunc
2298 2674 2370 2737 in
2397 2699 2455 2739 25

342 2760 628 2827 hostium
681 2781 945 2825 numero
1000 2760 1293 2845 habebit3
1350 2782 1511 2843 quae
1564 2782 1666 2824 res
1723 2760 1804 2824 ad
1859 2761 2111 2824 caedem
2172 2761 2370 2825 maxi-

343 2873 513 2913 mam
562 2854 822 2934 spectat.
904 2847 1152 2934 Restat,
1194 2852 1270 2912 ut
1314 2850 1386 2911 in
1421 2853 1631 2912 castra
1678 2849 1858 2913 Sexti
1904 2852 2033 2933 aut,
2081 2849 2137 2912 si
2181 2850 2371 2935 forte,

341 2938 531 3002 Bruti
585 2959 705 3002 nos
765 2938 1182 3002 conferamus.
1274 2936 1404 3001 Res
1462 2936 1682 3001 odiosa
1738 2942 1803 3001 et
1864 2937 2070 3000 aliena
2124 2939 2369 3002 nostris

343 3026 663 3091 aetatibus
718 3031 783 3090 et
842 3027 1086 3090 incerto
1145 3026 1323 3089 exitu
1377 3025 1558 3108 belli,
1612 3028 1677 3090 et
1732 3025 1946 3089 nescio
2004 3047 2132 3109 quo
2179 3029 2368 3108 pacto

342 3115 469 3179 tibi
514 3136 632 3198 ego
678 3136 958 3198 possum,
1003 3113 1166 3177 mihi
1212 3117 1287 3177 tu
1336 3113 1568 3178 dicere.
2396 3139 2458 3178 30

503 3220 521 3246 ‘
549 3219 796 3286 Τέκνον
842 3220 1021 3305 ἐμόν,
1068 3220 1150 3284 οὔ
1196 3243 1299 3284 τοι
1348 3218 1612 3283 δέδοται
1657 3221 1981 3303 πολεμήια
2027 3221 2209 3302 ἔργα,

512 3308 680 3374 ἀλλὰ
717 3307 871 3392 σύγ’
926 3310 1266 3392 ἱμερόεντα
1313 3306 1617 3391 μετέρχεο
1666 3312 1825 3392 ἔργα
1872 3305 2147 3389 λόγοιο.’

272 3449 304 3496 3
345 3432 468 3497 Sed
511 3431 668 3496 haec
720 3432 856 3496 fors
902 3431 1162 3513 viderit,
1209 3453 1283 3494 ea
1339 3452 1501 3514 quae
1554 3431 1798 3495 talibus
1851 3431 1922 3493 in
1975 3431 2165 3496 rebus
2220 3431 2370 3515 plus

345 3541 537 3602 quam
582 3520 748 3583 ratio
795 3524 1024 3602 potest.
1117 3519 1256 3583 Nos
1303 3523 1518 3582 autem
1563 3519 1629 3582 id
1676 3519 1998 3583 videamus
2009 3568 2026 3602 ,
2084 3518 2254 3602 quod
2299 3519 2371 3582 in
