2642 3923
637 188 1151 243 EPISTULARUM
1190 189 1286 242 AD
1328 187 1648 242 ATTICUM
1685 188 1711 241 1
1750 194 1833 256 17,
1873 193 1955 241 18.
2218 187 2303 249 29

289 331 590 416 Pompeio
644 331 1159 398 familiarissime,
1251 330 1485 416 Video,
1541 331 1693 414 quid
1750 332 1933 396 dicas.
2032 328 2305 415 Cavebo,

291 442 448 504 quae
509 426 660 485 sunt
715 421 1016 505 cavenda,
1080 441 1151 484 ac
1206 420 1481 483 scribam
1536 421 1693 483 alias
1749 420 1828 483 ad
1892 424 1955 483 te
2016 419 2092 482 de
2144 419 2303 483 meis

289 509 571 573 consiliis
618 510 1032 593 capessendae
1078 508 1171 572 rei
1217 508 1507 592 publicae
1552 509 1752 591 plura.

419 596 759 662 Lucceium
823 599 982 662 scito
1040 597 1443 661 consulatum
1496 596 1730 660 habere
1786 597 1851 660 in
1909 598 2120 660 animo
2178 600 2302 659 sta·
2344 612 2400 658 11

236 709 264 749 0
289 685 403 749 tim
462 690 691 769 petere.
783 683 930 749 Duo
991 686 1159 749 enim
1210 685 1332 749 soli
1379 685 1679 748 dicuntur
1721 685 2012 769 petituri,
2071 682 2303 748 Caesar

292 771 462 860 (cum
518 796 591 838 eo
645 773 815 837 coire
869 794 982 856 per
1035 774 1295 837 Arrium
1352 772 1625 860 cogitat)
1682 778 1745 837 et
1799 773 2071 836 Bibulus
2129 770 2302 857 (cum

291 862 410 926 hoc
457 883 523 926 se
567 866 756 946 putat
802 883 914 945 per
962 860 1027 925 O.
1067 860 1365 925 Pisonem
1410 883 1595 946 posse
1642 860 1990 947 coniungi).
2064 859 2302 924 Rides?

290 948 440 1014 Non
484 954 636 1014 sunt
680 948 836 1013 haec
881 949 1176 1034 ridicula,
1229 950 1388 1015 mihi
1434 951 1630 1016 crede.
1724 950 1889 1026 Quid
1937 949 2108 1012 aliud
2155 948 2304 1012 scri·

290 1038 439 1102 bam
485 1038 563 1102 ad
620 1041 714 1123 te,
775 1038 970 1121 quid?
1052 1003 1260 1101 Multa
1307 1044 1484 1123 sunt,
1545 1040 1653 1103 sed
1699 1039 1768 1103 in
1814 1039 1987 1102 aliud
2034 1042 2300 1120 tempus

212 1151 263 1190 10
290 1127 718 1210 †exspectare
764 1126 942 1210 velis,
988 1146 1185 1210 cures,
1232 1130 1304 1188 ut
1351 1127 1558 1190 sciam.
1632 1126 1767 1191 Iam
1815 1127 1974 1191 illud
2019 1126 2304 1190 modeste

290 1235 474 1300 rogO,
530 1214 701 1298 quod
756 1214 1033 1277 maxime
1087 1214 1304 1299 cupio,
1359 1219 1433 1277 ut
1490 1237 1674 1298 quam
1735 1217 2014 1300 primum
2069 1215 2302 1277 venias.

288 1300 494 1367 Nonis
540 1301 1018 1367 Decembribus.

1179 1476 1417 1578 xvm.

773 1598 885 1653 Ser.
926 1599 1025 1652 XI
1060 1600 1189 1652 Kal.
1230 1599 1392 1654 Febr.
1431 1618 1481 1652 a.
1524 1604 1632 1653 694
1670 1604 1810 1668 (60).

208 1741 258 1782 16
924 1721 1179 1777 CICERO
1216 1721 1477 1776 ATTlCO
1519 1723 1664 1777 SAL.

420 1830 605 1895 Nihil
650 1831 810 1895 mihi
854 1854 1024 1895 nunc
1072 1832 1230 1895 scito
1277 1835 1413 1894 tam
1459 1832 1677 1896 deesse
1734 1854 1926 1915 quam
1979 1831 2304 1897 hominem
2382 1851 2403 1897 1

286 1943 462 2005 eum,
516 1942 789 2005 quocum
837 1919 1079 2005 omnia,
1110 1941 1294 2021 ‘quae
1348 1929 1450 1984 me
1505 1940 1657 1984 cura
1713 1920 1927 2004 aliqua
1984 1920 2307 2008 adficiunt,

286 2030 415 2073 uno
473 2010 960 2094 communicem,
1016 2009 1127 2092 qui
1180 2032 1280 2073 me
1339 2013 1536 2093 amet,
1591 2010 1701 2092 qui
1757 2010 1993 2094 sapiat,
2050 2011 2304 2093 quicum

286 2117 406 2182 ego
455 2118 600 2161 cum
643 2099 899 2182 loquar,
954 2096 1117 2161 nihil
1163 2097 1421 2181 fingam,
1474 2096 1639 2160 nihil
1684 2097 2099 2183 dissimulem,
2142 2097 2307 2161 nihil

202 2212 259 2251 20
287 2185 607 2270 obtegam.
707 2150 916 2251 Abes't
980 2186 1148 2250 enim
1213 2185 1414 2249 frater
1467 2185 1905 2269 ἀφελέστατος
1970 2190 2035 2251 et
2094 2208 2304 2250 aman-

285 2274 595 2338 tissimus.
683 2274 985 2339 Metellus
1031 2295 1162 2337 non
1208 2273 1422 2358 hom0,
1469 2274 1579 2338 sed

556 2394 779 2459 elitus
828 2399 1054 2479 atque
1101 2397 1226 2458 001·
1273 2400 1346 2459 et
1396 2387 1738 2460 solitud6
1786 2398 2035 2463 mera’.

288 2536 389 2600 Tu
445 2540 688 2621 autem,
743 2536 855 2619 qui
910 2536 1282 2618 saepissime
1338 2557 1554 2600 curam
1616 2540 1680 2600 et
1740 2558 2044 2622 angorem
2110 2539 2304 2603 animi

290 2624 421 2689 mei
479 2645 768 2689 sermone
826 2628 889 2687 et
944 2624 1210 2687 consilio
1267 2623 1498 2688 levasti
1552 2630 1694 2709 tuo,
1748 2627 1860 2709 qui
1914 2626 2075 2689 mihi
2129 2632 2194 2691 et
2238 2628 2304 2691 in

204 2738 262 2779 25
293 2711 550 2813 publica
602 2734 672 2776 re
727 2712 937 2776 socius
992 2716 1057 2775 et
1113 2712 1181 2774 111
1236 2713 1505 2796 privatis
1562 2713 1859 2777 omnibus
1906 2715 2196 2779 conscius
2242 2721 2306 2781 et

291 2801 578 2865 omnium
633 2822 922 2865 meorum
980 2821 1346 2864 sermonum
1402 2805 1466 2865 et
1522 2802 1935 2866 consiliorum
1987 2804 2305 2888 particeps

289 2911 430 2953 esse
477 2889 664 2973 soles,
718 2888 980 2952 ubinam
1028 2889 1139 2952 es‘?
1229 2887 1331 2952 Ita
1379 2910 1520 2952 sum
1570 2890 1648 2953 ab
1698 2891 1995 2955 omnibus
2044 2892 2305 2956 destitu-

290 2983 416 3062 tuS,
460 2981 535 3041 ut
572 2981 827 3040 tantum
865 2977 1174 3060 requietis
1219 2976 1510 3063 habeam,
1559 2983 1870 3061 quantum
1918 3001 2063 3043 cum
2107 3003 2304 3045 uxore

289 3070 356 3130 et
408 3065 610 3129 filiola
665 3069 729 3129 et
784 3065 1029 3130 mellito
1078 3063 1384 3129 Cicerone
1435 3067 1848 3131 consumitur.
1940 3066 2109 3132 Nam
2156 3069 2303 3133 illae

202 3180 259 3220 ³0
289 3153 669 3217 ambitiosae
722 3157 979 3217 nostrae
1033 3154 1417 3237 fucosaeque
1474 3154 1791 3219 amicitiae
1838 3161 1990 3219 sunt
2036 3157 2105 3220 111
2152 3179 2303 3240 quo-

288 3242 435 3305 dam
489 3240 823 3324 splendore
878 3241 1144 3326 forensi,
1199 3242 1481 3305 fructum
1536 3242 1957 3308 domesticum
2010 3266 2143 3308 non
2195 3244 2303 3308 ha-

288 3330 459 3394 bent.
542 3327 788 3413 Itaque,
833 3351 974 3393 cum
1021 3330 1182 3395 bene
1229 3330 1550 3413 completa
1595 3330 1821 3396 domus
1871 3336 1970 3396 est
2016 3336 2303 3415 tempore

287 3418 639 3502 matutine,
701 3439 845 3481 cum
906 3417 984 3482 ad
1039 3418 1251 3482 forum
1312 3419 1537 3502 stipati
1592 3420 1896 3504 gregibus
1954 3420 2302 3483 amicorum

289 3505 748 3586 descendimuS,
793 3506 1069 3586 reperire
1111 3529 1188 3571 ex
1226 3528 1460 3591 magna
1497 3507 1688 3571 turba
1723 3508 2043 3571 neminem
2082 3528 2301 3584 possu-
