<?xml version="1.0" encoding="UTF-8"?>
<!DOCTYPE html PUBLIC "-//W3C//DTD XHTML 1.0 Transitional//EN"
    "http://www.w3.org/TR/xhtml1/DTD/xhtml1-transitional.dtd">
<html xmlns="http://www.w3.org/1999/xhtml" xml:lang="en" lang="en">
 <head>
  <title>
</title>
<meta http-equiv="Content-Type" content="text/html;charset=utf-8" />
  <meta name='ocr-system' content='tesseract 3.04.00' />
  <meta name='ocr-capabilities' content='ocr_page ocr_carea ocr_par ocr_line ocrx_word'/>
</head>
<body>
  <div class='ocr_page' id='page_1' title='image "./scriptaquaemans00friegoog_0314.png"; bbox 0 0 2642 3923; ppageno 0'>
   <div class='ocr_carea' id='block_1_1' title="bbox 341 214 1713 278">
    <p class='ocr_par' dir='ltr' id='par_1_1' title="bbox 341 214 1713 278">
     <span class='ocr_line' id='line_1_1' title="bbox 341 214 1713 278; baseline -0.004 0"><span class='ocrx_word' id='word_1_1' title='bbox 341 214 468 278; x_wconf 82' lang='lat'><strong>150</strong></span> <span class='ocrx_word' id='word_1_2' title='bbox 837 259 840 260; x_wconf 19' lang='grc' dir='ltr'><em>ν</em></span> <span class='ocrx_word' id='word_1_3' title='bbox 977 217 1046 270; x_wconf 88' lang='lat' dir='ltr'><strong>M.</strong></span> <span class='ocrx_word' id='word_1_4' title='bbox 1086 216 1299 271; x_wconf 89' lang='lat' dir='ltr'>TULLI</span> <span class='ocrx_word' id='word_1_5' title='bbox 1336 216 1713 273; x_wconf 81' lang='lat' dir='ltr'>CICERONIS</span> 
     </span>
    </p>
   </div>
   <div class='ocr_carea' id='block_1_2' title="bbox 331 359 2444 3601">
    <p class='ocr_par' dir='ltr' id='par_1_2' title="bbox 331 359 2444 3601">
     <span class='ocr_line' id='line_1_2' title="bbox 335 359 2350 427; baseline 0.003 -6"><span class='ocrx_word' id='word_1_6' title='bbox 335 379 477 422; x_wconf 88' lang='lat' dir='ltr'><strong>sum</strong></span> <span class='ocrx_word' id='word_1_7' title='bbox 521 360 667 422; x_wconf 86' lang='lat' dir='ltr'><strong>veni</strong></span> <span class='ocrx_word' id='word_1_8' title='bbox 712 382 763 424; x_wconf 91' lang='lat' dir='ltr'><strong>a.</strong></span> <span class='ocrx_word' id='word_1_9' title='bbox 814 360 869 424; x_wconf 92' lang='lat' dir='ltr'><strong>d.</strong></span> <span class='ocrx_word' id='word_1_10' title='bbox 916 377 993 424; x_wconf 92' lang='lat'><strong>111</strong></span> <span class='ocrx_word' id='word_1_11' title='bbox 1039 359 1260 425; x_wconf 88' lang='lat' dir='ltr'><strong>Nonas</strong></span> <span class='ocrx_word' id='word_1_12' title='bbox 1305 359 1635 426; x_wconf 77' lang='lat' dir='ltr'>Octobres</span> <span class='ocrx_word' id='word_1_13' title='bbox 1708 360 1865 426; x_wconf 87' lang='lat' dir='ltr'><strong>Inde</strong></span> <span class='ocrx_word' id='word_1_14' title='bbox 1910 362 1992 427; x_wconf 91' lang='lat' dir='ltr'><strong>ad</strong></span> <span class='ocrx_word' id='word_1_15' title='bbox 2027 362 2350 427; x_wconf 83' lang='lat' dir='ltr'><strong>Amanum</strong></span> 
     </span>
     <span class='ocr_line' id='line_1_3' title="bbox 335 447 2347 534; baseline 0.002 -24"><span class='ocrx_word' id='word_1_16' title='bbox 335 447 655 532; x_wconf 88' lang='lat' dir='ltr'><strong>contendi,</strong></span> <span class='ocrx_word' id='word_1_17' title='bbox 715 447 826 532; x_wconf 88' lang='lat' dir='ltr'><strong>qui</strong></span> <span class='ocrx_word' id='word_1_18' title='bbox 886 447 1136 531; x_wconf 81' lang='lat' dir='ltr'><strong>Syriam</strong></span> <span class='ocrx_word' id='word_1_19' title='bbox 1192 472 1230 513; x_wconf 92' lang='lat' dir='ltr'><strong>a</strong></span> <span class='ocrx_word' id='word_1_20' title='bbox 1289 447 1514 514; x_wconf 83' lang='lat' dir='ltr'><strong>Cilicia</strong></span> <span class='ocrx_word' id='word_1_21' title='bbox 1573 451 1645 514; x_wconf 90' lang='lat' dir='ltr'><strong>in</strong></span> <span class='ocrx_word' id='word_1_22' title='bbox 1701 473 2016 534; x_wconf 88' lang='lat' dir='ltr'><strong>aquarum</strong></span> <span class='ocrx_word' id='word_1_23' title='bbox 2076 451 2347 515; x_wconf 77' lang='lat' dir='ltr'><strong>divertio</strong></span> 
     </span>
     <span class='ocr_line' id='line_1_4' title="bbox 336 534 2346 623; baseline 0.003 -26"><span class='ocrx_word' id='word_1_24' title='bbox 336 534 588 619; x_wconf 84' lang='lat' dir='ltr'><strong>dividit3</strong></span> <span class='ocrx_word' id='word_1_25' title='bbox 635 537 745 620; x_wconf 90' lang='lat' dir='ltr'><strong>qui</strong></span> <span class='ocrx_word' id='word_1_26' title='bbox 791 558 975 601; x_wconf 91' lang='lat' dir='ltr'><strong>mons</strong></span> <span class='ocrx_word' id='word_1_27' title='bbox 1021 542 1158 602; x_wconf 88' lang='lat' dir='ltr'><strong>erat</strong></span> <span class='ocrx_word' id='word_1_28' title='bbox 1204 537 1493 602; x_wconf 86' lang='lat' dir='ltr'><strong>hostium</strong></span> <span class='ocrx_word' id='word_1_29' title='bbox 1531 539 1757 622; x_wconf 91' lang='lat' dir='ltr'><strong>plenus</strong></span> <span class='ocrx_word' id='word_1_30' title='bbox 1797 541 2346 623; x_wconf 89' lang='lat' dir='ltr'><strong>sempiternorum.</strong></span> 
     </span>
     <span class='ocr_line' id='line_1_5' title="bbox 335 620 2349 711; baseline 0.003 -26"><span class='ocrx_word' id='word_1_31' title='bbox 335 620 463 686; x_wconf 87' lang='lat' dir='ltr'><strong>Hic</strong></span> <span class='ocrx_word' id='word_1_32' title='bbox 503 646 556 687; x_wconf 90' lang='lat' dir='ltr'><strong>a.</strong></span> <span class='ocrx_word' id='word_1_33' title='bbox 603 624 658 687; x_wconf 90' lang='lat' dir='ltr'><strong>d.</strong></span> <span class='ocrx_word' id='word_1_34' title='bbox 705 642 782 688; x_wconf 93' lang='lat'><strong>111</strong></span> <span class='ocrx_word' id='word_1_35' title='bbox 828 623 978 689; x_wconf 88' lang='lat' dir='ltr'><strong>Idus</strong></span> <span class='ocrx_word' id='word_1_36' title='bbox 1024 623 1283 690; x_wconf 89' lang='lat' dir='ltr'><strong>Octobr.</strong></span> <span class='ocrx_word' id='word_1_37' title='bbox 1329 647 1634 711; x_wconf 88' lang='lat' dir='ltr'><strong>magnum</strong></span> <span class='ocrx_word' id='word_1_38' title='bbox 1680 648 2017 692; x_wconf 89' lang='lat' dir='ltr'><strong>numerum</strong></span> <span class='ocrx_word' id='word_1_39' title='bbox 2062 627 2349 694; x_wconf 91' lang='lat' dir='ltr'><strong>hostium</strong></span> 
     </span>
     <span class='ocr_line' id='line_1_6' title="bbox 338 710 2432 799; baseline 0.003 -25"><span class='ocrx_word' id='word_1_40' title='bbox 338 710 699 777; x_wconf 89' lang='lat' dir='ltr'><strong>occidimus.</strong></span> <span class='ocrx_word' id='word_1_41' title='bbox 804 710 1081 777; x_wconf 85' lang='lat' dir='ltr'><strong>Castella</strong></span> <span class='ocrx_word' id='word_1_42' title='bbox 1149 714 1585 778; x_wconf 90' lang='lat' dir='ltr'><strong>munitissima</strong></span> <span class='ocrx_word' id='word_1_43' title='bbox 1648 717 1962 780; x_wconf 88' lang='lat' dir='ltr'><strong>nocturno</strong></span> <span class='ocrx_word' id='word_1_44' title='bbox 2023 714 2348 799; x_wconf 77' lang='lat' dir='ltr'><strong>Pomptini</strong></span> <span class='ocrx_word' id='word_1_45' title='bbox 2408 742 2432 780; x_wconf 69' lang='grc' dir='ltr'><strong>ο</strong></span> 
     </span>
     <span class='ocr_line' id='line_1_7' title="bbox 336 798 2349 892; baseline 0.002 -30"><span class='ocrx_word' id='word_1_46' title='bbox 336 798 629 881; x_wconf 87' lang='lat' dir='ltr'><strong>adventu,</strong></span> <span class='ocrx_word' id='word_1_47' title='bbox 674 803 895 865; x_wconf 92' lang='lat' dir='ltr'><strong>nostro</strong></span> <span class='ocrx_word' id='word_1_48' title='bbox 941 802 1260 867; x_wconf 87' lang='lat' dir='ltr'><strong>matutino</strong></span> <span class='ocrx_word' id='word_1_49' title='bbox 1265 803 1625 892; x_wconf 80' lang='lat' dir='ltr'><strong>,cepimus</strong></span> <span class='ocrx_word' id='word_1_50' title='bbox 1656 802 2068 868; x_wconf 77' lang='lat' dir='ltr'><strong>incendimus,</strong></span> <span class='ocrx_word' id='word_1_51' title='bbox 2148 802 2349 887; x_wconf 87' lang='lat' dir='ltr'><strong>Impe-</strong></span> 
     </span>
     <span class='ocr_line' id='line_1_8' title="bbox 337 847 2362 975; baseline 0.003 -25"><span class='ocrx_word' id='word_1_52' title='bbox 337 890 581 951; x_wconf 77' lang='lat' dir='ltr'><strong>ratores</strong></span> <span class='ocrx_word' id='word_1_53' title='bbox 629 889 933 972; x_wconf 88' lang='lat' dir='ltr'><strong>appellati</strong></span> <span class='ocrx_word' id='word_1_54' title='bbox 979 912 1217 954; x_wconf 90' lang='lat' dir='ltr'><strong>sumus.</strong></span> <span class='ocrx_word' id='word_1_55' title='bbox 1265 847 1520 955; x_wconf 85' lang='lat' dir='ltr'><strong>Castra</strong></span> <span class='ocrx_word' id='word_1_56' title='bbox 1562 911 1798 975; x_wconf 86' lang='lat' dir='ltr'><strong>paucos</strong></span> <span class='ocrx_word' id='word_1_57' title='bbox 1835 892 1969 956; x_wconf 92' lang='lat' dir='ltr'><strong>dies</strong></span> <span class='ocrx_word' id='word_1_58' title='bbox 2006 891 2362 956; x_wconf 90' lang='lat' dir='ltr'><strong>habuimus</strong></span> 
     </span>
     <span class='ocr_line' id='line_1_9' title="bbox 336 976 2350 1064; baseline 0.002 -26"><span class='ocrx_word' id='word_1_59' title='bbox 336 997 410 1039; x_wconf 87' lang='lat' dir='ltr'><strong>ea</strong></span> <span class='ocrx_word' id='word_1_60' title='bbox 473 976 654 1061; x_wconf 45' lang='lat' dir='ltr'><strong>ipsa*</strong></span> <span class='ocrx_word' id='word_1_61' title='bbox 702 997 865 1059; x_wconf 89' lang='lat' dir='ltr'><strong>quae</strong></span> <span class='ocrx_word' id='word_1_62' title='bbox 923 982 1147 1042; x_wconf 88' lang='lat' dir='ltr'><strong>contra</strong></span> <span class='ocrx_word' id='word_1_63' title='bbox 1206 976 1474 1042; x_wconf 87' lang='lat' dir='ltr'><strong>Darium</strong></span> <span class='ocrx_word' id='word_1_64' title='bbox 1538 978 1852 1044; x_wconf 89' lang='lat' dir='ltr'><strong>habuerat</strong></span> <span class='ocrx_word' id='word_1_65' title='bbox 1912 980 2080 1064; x_wconf 90' lang='lat' dir='ltr'><strong>apud</strong></span> <span class='ocrx_word' id='word_1_66' title='bbox 2139 978 2350 1044; x_wconf 92' lang='lat' dir='ltr'><strong>Issum</strong></span> 
     </span>
     <span class='ocr_line' id='line_1_10' title="bbox 337 1062 2381 1152; baseline 0.003 -26"><span class='ocrx_word' id='word_1_67' title='bbox 337 1062 714 1150; x_wconf 79' lang='lat' dir='ltr'><strong>Alexander,</strong></span> <span class='ocrx_word' id='word_1_68' title='bbox 759 1064 1110 1149; x_wconf 86' lang='lat' dir='ltr'><strong>imperator</strong></span> <span class='ocrx_word' id='word_1_69' title='bbox 1152 1065 1330 1130; x_wconf 88' lang='lat' dir='ltr'><strong>haud</strong></span> <span class='ocrx_word' id='word_1_70' title='bbox 1374 1068 1565 1150; x_wconf 90' lang='lat' dir='ltr'><strong>paulo</strong></span> <span class='ocrx_word' id='word_1_71' title='bbox 1612 1067 1839 1131; x_wconf 90' lang='lat' dir='ltr'><strong>melior</strong></span> <span class='ocrx_word' id='word_1_72' title='bbox 1886 1089 2079 1152; x_wconf 90' lang='lat' dir='ltr'><strong>quam</strong></span> <span class='ocrx_word' id='word_1_73' title='bbox 2125 1074 2258 1132; x_wconf 92' lang='lat' dir='ltr'><strong>aut</strong></span> <span class='ocrx_word' id='word_1_74' title='bbox 2276 1074 2381 1132; x_wconf 90' lang='lat' dir='ltr'><strong>tu</strong></span> 
     </span>
     <span class='ocr_line' id='line_1_11' title="bbox 336 1152 2432 1239; baseline 0.002 -23"><span class='ocrx_word' id='word_1_75' title='bbox 336 1155 447 1216; x_wconf 88' lang='lat' dir='ltr'><strong>aut</strong></span> <span class='ocrx_word' id='word_1_76' title='bbox 492 1173 627 1236; x_wconf 79' lang='lat' dir='ltr'><strong>ego,</strong></span> <span class='ocrx_word' id='word_1_77' title='bbox 720 1152 822 1217; x_wconf 92' lang='lat' dir='ltr'><strong>Ibi</strong></span> <span class='ocrx_word' id='word_1_78' title='bbox 866 1153 1001 1217; x_wconf 88' lang='lat' dir='ltr'><strong>dies</strong></span> <span class='ocrx_word' id='word_1_79' title='bbox 1048 1155 1332 1238; x_wconf 90' lang='lat' dir='ltr'><strong>quinque</strong></span> <span class='ocrx_word' id='word_1_80' title='bbox 1386 1155 1621 1219; x_wconf 89' lang='lat' dir='ltr'><strong>morati</strong></span> <span class='ocrx_word' id='word_1_81' title='bbox 1675 1155 1927 1239; x_wconf 90' lang='lat' dir='ltr'><strong>direpto</strong></span> <span class='ocrx_word' id='word_1_82' title='bbox 1985 1161 2048 1220; x_wconf 91' lang='lat' dir='ltr'><strong>et</strong></span> <span class='ocrx_word' id='word_1_83' title='bbox 2093 1161 2348 1221; x_wconf 78' lang='lat' dir='ltr'><strong>vastato</strong></span> <span class='ocrx_word' id='word_1_84' title='bbox 2378 1188 2432 1227; x_wconf 79' lang='lat'><strong>10</strong></span> 
     </span>
     <span class='ocr_line' id='line_1_12' title="bbox 335 1238 2350 1329; baseline 0.003 -27"><span class='ocrx_word' id='word_1_85' title='bbox 335 1238 585 1304; x_wconf 88' lang='lat' dir='ltr'><strong>Amano</strong></span> <span class='ocrx_word' id='word_1_86' title='bbox 624 1240 768 1305; x_wconf 90' lang='lat' dir='ltr'><strong>inde</strong></span> <span class='ocrx_word' id='word_1_87' title='bbox 795 1241 1213 1306; x_wconf 78' lang='lat' dir='ltr'><strong>discessimus,</strong></span> <span class='ocrx_word' id='word_1_88' title='bbox 1286 1241 1556 1307; x_wconf 91' lang='lat' dir='ltr'><strong>Interim</strong></span> <span class='ocrx_word' id='word_1_89' title='bbox 1593 1240 1747 1329; x_wconf 80' lang='lat' dir='ltr'><strong>(scis</strong></span> <span class='ocrx_word' id='word_1_90' title='bbox 1785 1243 1955 1308; x_wconf 91' lang='lat' dir='ltr'><strong>enim</strong></span> <span class='ocrx_word' id='word_1_91' title='bbox 1994 1244 2118 1309; x_wconf 92' lang='lat' dir='ltr'><strong>dici</strong></span> <span class='ocrx_word' id='word_1_92' title='bbox 2161 1266 2350 1329; x_wconf 87' lang='lat' dir='ltr'><strong>quae-</strong></span> 
     </span>
     <span class='ocr_line' id='line_1_13' title="bbox 336 1328 2444 1418; baseline 0.002 -27"><span class='ocrx_word' id='word_1_93' title='bbox 336 1328 535 1392; x_wconf 91' lang='lat' dir='ltr'><strong>dam</strong></span> <span class='ocrx_word' id='word_1_94' title='bbox 540 1329 826 1413; x_wconf 79' lang='grc' dir='ltr'>πανικά’,</span> <span class='ocrx_word' id='word_1_95' title='bbox 872 1329 995 1393; x_wconf 92' lang='lat' dir='ltr'><strong>dici</strong></span> <span class='ocrx_word' id='word_1_96' title='bbox 1033 1330 1242 1393; x_wconf 90' lang='lat' dir='ltr'><strong>item</strong></span> <span class='ocrx_word' id='word_1_97' title='bbox 1234 1333 1327 1395; x_wconf 79' lang='grc' dir='ltr'><strong>τὰ</strong></span> <span class='ocrx_word' id='word_1_98' title='bbox 1360 1333 1520 1396; x_wconf 82' lang='grc' dir='ltr'><strong><em>’κενὰ</em></strong></span> <span class='ocrx_word' id='word_1_99' title='bbox 1556 1341 1677 1396; x_wconf 82' lang='grc' dir='ltr'><strong>τοῦ</strong></span> <span class='ocrx_word' id='word_1_100' title='bbox 1712 1331 1880 1396; x_wconf 80' lang='grc' dir='ltr'><strong><em>πολέ</em></strong></span> <span class='ocrx_word' id='word_1_101' title='bbox 1873 1332 2057 1418; x_wconf 85' lang='grc' dir='ltr'><strong>μόυ)</strong></span> <span class='ocrx_word' id='word_1_102' title='bbox 2093 1354 2349 1397; x_wconf 87' lang='lat' dir='ltr'><strong>rumore</strong></span> <span class='ocrx_word' id='word_1_103' title='bbox 2439 1369 2444 1374; x_wconf 86' lang='lat'><strong>·</strong></span> 
     </span>
     <span class='ocr_line' id='line_1_14' title="bbox 334 1357 2349 1506; baseline 0.004 -28"><span class='ocrx_word' id='word_1_104' title='bbox 334 1416 641 1481; x_wconf 85' lang='lat' dir='ltr'><strong>adventus</strong></span> <span class='ocrx_word' id='word_1_105' title='bbox 698 1419 904 1482; x_wconf 89' lang='lat' dir='ltr'><strong>nostri</strong></span> <span class='ocrx_word' id='word_1_106' title='bbox 963 1422 1028 1482; x_wconf 90' lang='lat' dir='ltr'><strong>et</strong></span> <span class='ocrx_word' id='word_1_107' title='bbox 1088 1416 1340 1503; x_wconf 80' lang='lat' dir='ltr'><strong>Cassio,</strong></span> <span class='ocrx_word' id='word_1_108' title='bbox 1411 1418 1523 1503; x_wconf 90' lang='lat' dir='ltr'><strong>qui</strong></span> <span class='ocrx_word' id='word_1_109' title='bbox 1577 1357 1924 1484; x_wconf 76' lang='lat' dir='ltr'><strong>Antiochia</strong></span> <span class='ocrx_word' id='word_1_110' title='bbox 1990 1420 2349 1506; x_wconf 88' lang='lat' dir='ltr'><strong>tenebatur,</strong></span> 
     </span>
     <span class='ocr_line' id='line_1_15' title="bbox 334 1504 2347 1593; baseline 0.003 -26"><span class='ocrx_word' id='word_1_111' title='bbox 334 1504 583 1568; x_wconf 88' lang='lat' dir='ltr'><strong>animus</strong></span> <span class='ocrx_word' id='word_1_112' title='bbox 631 1505 911 1591; x_wconf 89' lang='lat' dir='ltr'><strong>accessit,</strong></span> <span class='ocrx_word' id='word_1_113' title='bbox 956 1510 1022 1571; x_wconf 90' lang='lat' dir='ltr'><strong>et</strong></span> <span class='ocrx_word' id='word_1_114' title='bbox 1055 1505 1313 1570; x_wconf 89' lang='lat' dir='ltr'><strong>Parthis</strong></span> <span class='ocrx_word' id='word_1_115' title='bbox 1359 1507 1555 1571; x_wconf 90' lang='lat' dir='ltr'><strong>timor</strong></span> <span class='ocrx_word' id='word_1_116' title='bbox 1600 1507 1873 1572; x_wconf 89' lang='lat' dir='ltr'><strong>iniectus</strong></span> <span class='ocrx_word' id='word_1_117' title='bbox 1920 1513 2031 1572; x_wconf 89' lang='lat' dir='ltr'><strong>est.</strong></span> <span class='ocrx_word' id='word_1_118' title='bbox 2121 1508 2347 1593; x_wconf 89' lang='lat' dir='ltr'><strong>Itaque</strong></span> 
     </span>
     <span class='ocr_line' id='line_1_16' title="bbox 333 1559 2431 1695; baseline 0.004 -40"><span class='ocrx_word' id='word_1_119' title='bbox 333 1614 441 1656; x_wconf 90' lang='lat' dir='ltr'><strong>eos</strong></span> <span class='ocrx_word' id='word_1_120' title='bbox 501 1591 791 1657; x_wconf 76' lang='lat' dir='ltr'><strong>cedentes</strong></span> <span class='ocrx_word' id='word_1_121' title='bbox 851 1559 932 1659; x_wconf 81' lang='lat' dir='ltr'><strong>ab</strong></span> <span class='ocrx_word' id='word_1_122' title='bbox 992 1594 1227 1695; x_wconf 90' lang='lat' dir='ltr'><strong>oppido</strong></span> <span class='ocrx_word' id='word_1_123' title='bbox 1285 1592 1546 1659; x_wconf 82' lang='lat' dir='ltr'><strong>Cassius</strong></span> <span class='ocrx_word' id='word_1_124' title='bbox 1607 1596 1934 1660; x_wconf 88' lang='lat' dir='ltr'><strong>insecutus</strong></span> <span class='ocrx_word' id='word_1_125' title='bbox 1995 1618 2129 1661; x_wconf 92' lang='lat' dir='ltr'><strong>rem</strong></span> <span class='ocrx_word' id='word_1_126' title='bbox 2187 1596 2348 1661; x_wconf 87' lang='lat' dir='ltr'><strong>bene</strong></span> <span class='ocrx_word' id='word_1_127' title='bbox 2378 1629 2431 1668; x_wconf 71' lang='grc' dir='ltr'><strong>ιε,</strong></span> 
     </span>
     <span class='ocr_line' id='line_1_17' title="bbox 333 1679 2346 1783; baseline 0.002 -38"><span class='ocrx_word' id='word_1_128' title='bbox 333 1680 551 1763; x_wconf 85' lang='lat' dir='ltr'><strong>gessit.</strong></span> <span class='ocrx_word' id='word_1_129' title='bbox 651 1679 789 1757; x_wconf 82' lang='lat' dir='ltr'><strong>Qua</strong></span> <span class='ocrx_word' id='word_1_130' title='bbox 847 1683 917 1746; x_wconf 93' lang='lat' dir='ltr'><strong>in</strong></span> <span class='ocrx_word' id='word_1_131' title='bbox 973 1683 1127 1768; x_wconf 84' lang='lat' dir='ltr'><strong>fuga</strong></span> <span class='ocrx_word' id='word_1_132' title='bbox 1192 1689 1426 1783; x_wconf 80' lang='lat' dir='ltr'><strong>magna</strong></span> <span class='ocrx_word' id='word_1_133' title='bbox 1485 1683 1867 1749; x_wconf 89' lang='lat' dir='ltr'><strong>auctoritate</strong></span> <span class='ocrx_word' id='word_1_134' title='bbox 1923 1682 2155 1749; x_wconf 89' lang='lat' dir='ltr'><strong>Osaces</strong></span> <span class='ocrx_word' id='word_1_135' title='bbox 2217 1685 2346 1749; x_wconf 89' lang='lat' dir='ltr'><strong>dux</strong></span> 
     </span>
     <span class='ocr_line' id='line_1_18' title="bbox 332 1767 2349 1857; baseline 0.003 -26"><span class='ocrx_word' id='word_1_136' title='bbox 332 1767 719 1833; x_wconf 83' lang='lat' dir='ltr'><strong>Parthorum</strong></span> <span class='ocrx_word' id='word_1_137' title='bbox 775 1771 1008 1835; x_wconf 82' lang='lat' dir='ltr'><strong>vulnus</strong></span> <span class='ocrx_word' id='word_1_138' title='bbox 1069 1771 1309 1855; x_wconf 87' lang='lat' dir='ltr'><strong>accepit</strong></span> <span class='ocrx_word' id='word_1_139' title='bbox 1366 1792 1568 1856; x_wconf 87' lang='lat' dir='ltr'><strong>eoque</strong></span> <span class='ocrx_word' id='word_1_140' title='bbox 1623 1772 1871 1836; x_wconf 89' lang='lat' dir='ltr'><strong>interiit</strong></span> <span class='ocrx_word' id='word_1_141' title='bbox 1924 1773 2142 1856; x_wconf 85' lang='lat' dir='ltr'><strong>paucis</strong></span> <span class='ocrx_word' id='word_1_142' title='bbox 2198 1775 2349 1857; x_wconf 90' lang='lat' dir='ltr'><strong>post</strong></span> 
     </span>
     <span class='ocr_line' id='line_1_19' title="bbox 336 1856 2345 1945; baseline 0.002 -25"><span class='ocrx_word' id='word_1_143' title='bbox 336 1856 576 1921; x_wconf 90' lang='lat' dir='ltr'><strong>diebus.</strong></span> <span class='ocrx_word' id='word_1_144' title='bbox 615 1857 832 1921; x_wconf 85' lang='lat' dir='ltr'><strong>Erat</strong></span> <span class='ocrx_word' id='word_1_145' title='bbox 813 1880 883 1922; x_wconf 92' lang='grc' dir='ltr'><strong>ιιι</strong></span> <span class='ocrx_word' id='word_1_146' title='bbox 920 1856 1107 1942; x_wconf 81' lang='lat' dir='ltr'><strong>Syria</strong></span> <span class='ocrx_word' id='word_1_147' title='bbox 1140 1862 1435 1923; x_wconf 89' lang='lat' dir='ltr'><strong>nostrum</strong></span> <span class='ocrx_word' id='word_1_148' title='bbox 1470 1881 1708 1925; x_wconf 93' lang='lat' dir='ltr'><strong>nomen</strong></span> <span class='ocrx_word' id='word_1_149' title='bbox 1745 1859 1811 1924; x_wconf 89' lang='lat' dir='ltr'><strong>in</strong></span> <span class='ocrx_word' id='word_1_150' title='bbox 1850 1861 2078 1945; x_wconf 88' lang='lat' dir='ltr'><strong>gratia.</strong></span> <span class='ocrx_word' id='word_1_151' title='bbox 2152 1861 2345 1925; x_wconf 85' lang='lat' dir='ltr'><strong>Venit</strong></span> 
     </span>
     <span class='ocr_line' id='line_1_20' title="bbox 334 1944 2346 2033; baseline 0.001 -23"><span class='ocrx_word' id='word_1_152' title='bbox 334 1944 594 2010; x_wconf 89' lang='lat' dir='ltr'><strong>interim</strong></span> <span class='ocrx_word' id='word_1_153' title='bbox 640 1945 940 2033; x_wconf 86' lang='lat' dir='ltr'><strong>Bibulus3</strong></span> <span class='ocrx_word' id='word_1_154' title='bbox 994 1947 1207 2032; x_wconf 89' lang='lat' dir='ltr'><strong>credo,</strong></span> <span class='ocrx_word' id='word_1_155' title='bbox 1259 1947 1469 2013; x_wconf 77' lang='lat' dir='ltr'><strong>voluit</strong></span> <span class='ocrx_word' id='word_1_156' title='bbox 1524 1947 1951 2033; x_wconf 86' lang='lat' dir='ltr'><strong>appellatione</strong></span> <span class='ocrx_word' id='word_1_157' title='bbox 2005 1948 2126 2015; x_wconf 88' lang='lat' dir='ltr'><strong>hac</strong></span> <span class='ocrx_word' id='word_1_158' title='bbox 2171 1950 2346 2014; x_wconf 90' lang='lat' dir='ltr'><strong>inani</strong></span> 
     </span>
     <span class='ocr_line' id='line_1_21' title="bbox 333 2034 2429 2121; baseline 0.001 -23"><span class='ocrx_word' id='word_1_159' title='bbox 333 2035 522 2098; x_wconf 90' lang='lat' dir='ltr'><strong>nobis</strong></span> <span class='ocrx_word' id='word_1_160' title='bbox 586 2056 725 2099; x_wconf 84' lang='lat' dir='ltr'><strong>esse</strong></span> <span class='ocrx_word' id='word_1_161' title='bbox 787 2058 918 2119; x_wconf 90' lang='lat' dir='ltr'><strong>par.</strong></span> <span class='ocrx_word' id='word_1_162' title='bbox 1027 2034 1106 2100; x_wconf 89' lang='lat' dir='ltr'><strong>In</strong></span> <span class='ocrx_word' id='word_1_163' title='bbox 1167 2036 1388 2101; x_wconf 88' lang='lat' dir='ltr'><strong>eodem</strong></span> <span class='ocrx_word' id='word_1_164' title='bbox 1445 2035 1695 2101; x_wconf 87' lang='lat' dir='ltr'><strong>Amano</strong></span> <span class='ocrx_word' id='word_1_165' title='bbox 1762 2038 1974 2121; x_wconf 90' lang='lat' dir='ltr'><strong>coepit</strong></span> <span class='ocrx_word' id='word_1_166' title='bbox 2037 2038 2346 2103; x_wconf 88' lang='lat' dir='ltr'><strong>loreolam</strong></span> <span class='ocrx_word' id='word_1_167' title='bbox 2376 2070 2429 2108; x_wconf 76' lang='lat'><strong>20</strong></span> 
     </span>
     <span class='ocr_line' id='line_1_22' title="bbox 332 2122 2347 2228; baseline 0.002 -42"><span class='ocrx_word' id='word_1_168' title='bbox 332 2124 403 2186; x_wconf 88' lang='lat' dir='ltr'><strong>in</strong></span> <span class='ocrx_word' id='word_1_169' title='bbox 437 2127 760 2188; x_wconf 85' lang='lat' dir='ltr'><strong>mustaceo</strong></span> <span class='ocrx_word' id='word_1_170' title='bbox 799 2145 1117 2206; x_wconf 87' lang='lat' dir='ltr'><strong>quaerere.</strong></span> <span class='ocrx_word' id='word_1_171' title='bbox 1189 2122 1280 2188; x_wconf 92' lang='lat' dir='ltr'><strong>At</strong></span> <span class='ocrx_word' id='word_1_172' title='bbox 1315 2124 1428 2188; x_wconf 91' lang='lat' dir='ltr'><strong>ille</strong></span> <span class='ocrx_word' id='word_1_173' title='bbox 1466 2123 1794 2189; x_wconf 87' lang='lat' dir='ltr'><strong>cohortem</strong></span> <span class='ocrx_word' id='word_1_174' title='bbox 1831 2125 2113 2228; x_wconf 89' lang='lat' dir='ltr'><strong>primam</strong></span> <span class='ocrx_word' id='word_1_175' title='bbox 2140 2130 2347 2190; x_wconf 90' lang='lat' dir='ltr'><strong>totam</strong></span> 
     </span>
     <span class='ocr_line' id='line_1_23' title="bbox 331 2210 2348 2299; baseline 0.003 -25"><span class='ocrx_word' id='word_1_176' title='bbox 331 2210 610 2293; x_wconf 89' lang='lat' dir='ltr'><strong>perdidit</strong></span> <span class='ocrx_word' id='word_1_177' title='bbox 654 2213 1210 2296; x_wconf 87' lang='lat' dir='ltr'><strong>centurionemque</strong></span> <span class='ocrx_word' id='word_1_178' title='bbox 1256 2213 1450 2295; x_wconf 91' lang='lat' dir='ltr'><strong>primi</strong></span> <span class='ocrx_word' id='word_1_179' title='bbox 1493 2212 1641 2296; x_wconf 86' lang='lat' dir='ltr'><strong>pili,</strong></span> <span class='ocrx_word' id='word_1_180' title='bbox 1685 2213 1968 2278; x_wconf 88' lang='lat' dir='ltr'><strong>nobilem</strong></span> <span class='ocrx_word' id='word_1_181' title='bbox 2016 2215 2116 2279; x_wconf 91' lang='lat' dir='ltr'><strong>sui</strong></span> <span class='ocrx_word' id='word_1_182' title='bbox 2164 2235 2348 2299; x_wconf 89' lang='lat' dir='ltr'><strong>gene-</strong></span> 
     </span>
     <span class='ocr_line' id='line_1_24' title="bbox 332 2298 2347 2386; baseline 0.002 -24"><span class='ocrx_word' id='word_1_183' title='bbox 332 2300 450 2382; x_wconf 88' lang='lat' dir='ltr'><strong>ris,</strong></span> <span class='ocrx_word' id='word_1_184' title='bbox 496 2299 795 2363; x_wconf 88' lang='lat' dir='ltr'><strong>Asinium</strong></span> <span class='ocrx_word' id='word_1_185' title='bbox 840 2298 1234 2386; x_wconf 80' lang='lat' dir='ltr'><strong>Dentonem,</strong></span> <span class='ocrx_word' id='word_1_186' title='bbox 1287 2305 1352 2364; x_wconf 94' lang='lat' dir='ltr'><strong>et</strong></span> <span class='ocrx_word' id='word_1_187' title='bbox 1397 2300 1678 2383; x_wconf 87' lang='lat' dir='ltr'><strong>reliquos</strong></span> <span class='ocrx_word' id='word_1_188' title='bbox 1735 2301 2021 2366; x_wconf 87' lang='lat' dir='ltr'><strong>cohortis</strong></span> <span class='ocrx_word' id='word_1_189' title='bbox 2067 2303 2347 2367; x_wconf 82' lang='lat' dir='ltr'><strong>eiusdem</strong></span> 
     </span>
     <span class='ocr_line' id='line_1_25' title="bbox 333 2350 2347 2474; baseline 0.001 -22"><span class='ocrx_word' id='word_1_190' title='bbox 333 2391 398 2452; x_wconf 90' lang='lat' dir='ltr'><strong>et</strong></span> <span class='ocrx_word' id='word_1_191' title='bbox 430 2350 569 2452; x_wconf 60' lang='lat' dir='ltr'><strong>&#39;Sex</strong></span> <span class='ocrx_word' id='word_1_192' title='bbox 604 2387 938 2473; x_wconf 82' lang='lat' dir='ltr'><strong>Lucilium,</strong></span> <span class='ocrx_word' id='word_1_193' title='bbox 970 2388 1039 2452; x_wconf 90' lang='grc' dir='ltr'><strong>Τ.</strong></span> <span class='ocrx_word' id='word_1_194' title='bbox 1073 2353 1234 2452; x_wconf 82' lang='lat' dir='ltr'><strong>Gavi</strong></span> <span class='ocrx_word' id='word_1_195' title='bbox 1266 2385 1627 2473; x_wconf 84' lang='lat' dir='ltr'><strong>Caepionis,</strong></span> <span class='ocrx_word' id='word_1_196' title='bbox 1665 2389 2003 2474; x_wconf 89' lang='lat' dir='ltr'><strong>locupletis</strong></span> <span class='ocrx_word' id='word_1_197' title='bbox 2038 2395 2103 2454; x_wconf 91' lang='lat' dir='ltr'><strong>et</strong></span> <span class='ocrx_word' id='word_1_198' title='bbox 2143 2391 2347 2474; x_wconf 88' lang='lat' dir='ltr'><strong>splen-</strong></span> 
     </span>
     <span class='ocr_line' id='line_1_26' title="bbox 333 2441 2428 2563; baseline 0.005 -25"><span class='ocrx_word' id='word_1_199' title='bbox 333 2475 464 2538; x_wconf 91' lang='lat' dir='ltr'><strong>didi</strong></span> <span class='ocrx_word' id='word_1_200' title='bbox 506 2475 808 2562; x_wconf 89' lang='lat' dir='ltr'><strong>hominis,</strong></span> <span class='ocrx_word' id='word_1_201' title='bbox 851 2441 1077 2562; x_wconf 81' lang='lat' dir='ltr'><strong>filium,</strong></span> <span class='ocrx_word' id='word_1_202' title='bbox 1119 2476 1455 2541; x_wconf 89' lang='lat' dir='ltr'><strong>tribunum</strong></span> <span class='ocrx_word' id='word_1_203' title='bbox 1497 2477 1794 2543; x_wconf 90' lang='lat' dir='ltr'><strong>militum.</strong></span> <span class='ocrx_word' id='word_1_204' title='bbox 1880 2477 2044 2542; x_wconf 86' lang='lat' dir='ltr'><strong>Sane</strong></span> <span class='ocrx_word' id='word_1_205' title='bbox 2089 2479 2346 2563; x_wconf 86' lang='lat' dir='ltr'><strong>plagam</strong></span> <span class='ocrx_word' id='word_1_206' title='bbox 2376 2508 2428 2549; x_wconf 76' lang='lat'><strong>2⁵</strong></span> 
     </span>
     <span class='ocr_line' id='line_1_27' title="bbox 335 2562 2345 2649; baseline 0.002 -22"><span class='ocrx_word' id='word_1_207' title='bbox 335 2562 621 2628; x_wconf 89' lang='lat' dir='ltr'><strong>odiosam</strong></span> <span class='ocrx_word' id='word_1_208' title='bbox 666 2568 989 2647; x_wconf 86' lang='lat' dir='ltr'><strong>acceperat</strong></span> <span class='ocrx_word' id='word_1_209' title='bbox 1034 2586 1177 2629; x_wconf 86' lang='lat' dir='ltr'><strong>oum</strong></span> <span class='ocrx_word' id='word_1_210' title='bbox 1222 2586 1292 2628; x_wconf 89' lang='lat' dir='ltr'><strong>re</strong></span> <span class='ocrx_word' id='word_1_211' title='bbox 1338 2569 1479 2629; x_wconf 89' lang='lat' dir='ltr'><strong>tum</strong></span> <span class='ocrx_word' id='word_1_212' title='bbox 1523 2569 1826 2649; x_wconf 88' lang='lat' dir='ltr'><strong>tempore.</strong></span> <span class='ocrx_word' id='word_1_213' title='bbox 1901 2564 2038 2630; x_wconf 90' lang='lat' dir='ltr'><strong>Nos</strong></span> <span class='ocrx_word' id='word_1_214' title='bbox 2087 2567 2166 2630; x_wconf 89' lang='lat' dir='ltr'><strong>ad</strong></span> <span class='ocrx_word' id='word_1_215' title='bbox 2201 2566 2345 2631; x_wconf 92' lang='lat' dir='ltr'><strong>Pin-</strong></span> 
     </span>
     <span class='ocr_line' id='line_1_28' title="bbox 334 2651 2345 2737; baseline 0.002 -22"><span class='ocrx_word' id='word_1_216' title='bbox 334 2651 683 2737; x_wconf 88' lang='lat' dir='ltr'><strong>denissum,</strong></span> <span class='ocrx_word' id='word_1_217' title='bbox 738 2651 909 2736; x_wconf 91' lang='lat' dir='ltr'><strong>quod</strong></span> <span class='ocrx_word' id='word_1_218' title='bbox 955 2652 1265 2736; x_wconf 90' lang='lat' dir='ltr'><strong>oppidum</strong></span> <span class='ocrx_word' id='word_1_219' title='bbox 1307 2652 1816 2718; x_wconf 88' lang='lat' dir='ltr'><strong>munitissimum</strong></span> <span class='ocrx_word' id='word_1_220' title='bbox 1857 2653 2345 2720; x_wconf 85' lang='lat' dir='ltr'><strong>Eleutherocili-</strong></span> 
     </span>
     <span class='ocr_line' id='line_1_29' title="bbox 333 2703 2345 2807; baseline 0.001 -3"><span class='ocrx_word' id='word_1_221' title='bbox 333 2760 477 2804; x_wconf 88' lang='lat' dir='ltr'><strong>cum</strong></span> <span class='ocrx_word' id='word_1_222' title='bbox 516 2703 799 2805; x_wconf 87' lang='grc' dir='ltr'>οιιιιιιιιιιι</span> <span class='ocrx_word' id='word_1_223' title='bbox 847 2740 1154 2804; x_wconf 89' lang='lat' dir='ltr'><strong>memoria</strong></span> <span class='ocrx_word' id='word_1_224' title='bbox 1190 2740 1260 2805; x_wconf 89' lang='grc' dir='ltr'><strong>ιιι</strong></span> <span class='ocrx_word' id='word_1_225' title='bbox 1305 2740 1499 2804; x_wconf 88' lang='lat' dir='ltr'><strong>armis</strong></span> <span class='ocrx_word' id='word_1_226' title='bbox 1545 2740 1687 2805; x_wconf 85' lang='lat' dir='ltr'><strong>fuit.</strong></span> <span class='ocrx_word' id='word_1_227' title='bbox 1761 2740 1907 2806; x_wconf 89' lang='lat' dir='ltr'><strong>Feri</strong></span> <span class='ocrx_word' id='word_1_228' title='bbox 1950 2742 2242 2807; x_wconf 86' lang='lat' dir='ltr'><strong>homines</strong></span> <span class='ocrx_word' id='word_1_229' title='bbox 2281 2748 2345 2807; x_wconf 90' lang='lat' dir='ltr'><strong>et</strong></span> 
     </span>
     <span class='ocr_line' id='line_1_30' title="bbox 334 2828 2346 2931; baseline 0.002 -39"><span class='ocrx_word' id='word_1_230' title='bbox 334 2850 505 2892; x_wconf 88' lang='lat' dir='ltr'><strong>acres</strong></span> <span class='ocrx_word' id='word_1_231' title='bbox 544 2832 610 2891; x_wconf 90' lang='lat' dir='ltr'><strong>et</strong></span> <span class='ocrx_word' id='word_1_232' title='bbox 645 2828 942 2893; x_wconf 90' lang='lat' dir='ltr'><strong>omnibus</strong></span> <span class='ocrx_word' id='word_1_233' title='bbox 980 2829 1172 2892; x_wconf 89' lang='lat' dir='ltr'><strong>rebus</strong></span> <span class='ocrx_word' id='word_1_234' title='bbox 1210 2828 1290 2893; x_wconf 86' lang='lat' dir='ltr'><strong>ad</strong></span> <span class='ocrx_word' id='word_1_235' title='bbox 1325 2828 1785 2894; x_wconf 87' lang='lat' dir='ltr'><strong>defendendum</strong></span> <span class='ocrx_word' id='word_1_236' title='bbox 1831 2831 2057 2931; x_wconf 81' lang='lat' dir='ltr'><strong>parati.</strong></span> <span class='ocrx_word' id='word_1_237' title='bbox 2132 2828 2346 2896; x_wconf 84' lang='lat' dir='ltr'><strong>Cinxi·</strong></span> 
     </span>
     <span class='ocr_line' id='line_1_31' title="bbox 332 2916 2426 3004; baseline 0.002 -24"><span class='ocrx_word' id='word_1_238' title='bbox 332 2938 474 2980; x_wconf 92' lang='lat' dir='ltr'><strong>mus</strong></span> <span class='ocrx_word' id='word_1_239' title='bbox 510 2916 679 2980; x_wconf 86' lang='lat' dir='ltr'><strong>vallo</strong></span> <span class='ocrx_word' id='word_1_240' title='bbox 718 2921 783 2980; x_wconf 93' lang='lat' dir='ltr'><strong>et</strong></span> <span class='ocrx_word' id='word_1_241' title='bbox 819 2917 1019 3000; x_wconf 85' lang='lat' dir='ltr'><strong>fossa3</strong></span> <span class='ocrx_word' id='word_1_242' title='bbox 1066 2935 1298 3001; x_wconf 83' lang='lat' dir='ltr'><strong>aggere</strong></span> <span class='ocrx_word' id='word_1_243' title='bbox 1334 2918 1633 3003; x_wconf 83' lang='lat' dir='ltr'><strong>maximO,</strong></span> <span class='ocrx_word' id='word_1_244' title='bbox 1678 2918 1903 3004; x_wconf 76' lang='lat' dir='ltr'><strong>vineis,</strong></span> <span class='ocrx_word' id='word_1_245' title='bbox 1946 2922 2125 2983; x_wconf 85' lang='lat' dir='ltr'><strong>turre</strong></span> <span class='ocrx_word' id='word_1_246' title='bbox 2172 2920 2344 2984; x_wconf 91' lang='lat' dir='ltr'><strong>altis·</strong></span> <span class='ocrx_word' id='word_1_247' title='bbox 2373 2948 2426 2988; x_wconf 72' lang='lat' dir='ltr'><strong>so</strong></span> 
     </span>
     <span class='ocr_line' id='line_1_32' title="bbox 333 3005 2346 3094; baseline 0.002 -26"><span class='ocrx_word' id='word_1_248' title='bbox 333 3006 520 3091; x_wconf 84' lang='lat' dir='ltr'><strong>sima,</strong></span> <span class='ocrx_word' id='word_1_249' title='bbox 582 3025 816 3089; x_wconf 83' lang='lat' dir='ltr'><strong>magna</strong></span> <span class='ocrx_word' id='word_1_250' title='bbox 877 3008 1346 3069; x_wconf 87' lang='lat' dir='ltr'><strong>tormentorum</strong></span> <span class='ocrx_word' id='word_1_251' title='bbox 1410 3006 1619 3091; x_wconf 89' lang='lat' dir='ltr'><strong>copia,</strong></span> <span class='ocrx_word' id='word_1_252' title='bbox 1682 3005 1905 3070; x_wconf 90' lang='lat' dir='ltr'><strong>multis</strong></span> <span class='ocrx_word' id='word_1_253' title='bbox 1971 3007 2346 3094; x_wconf 88' lang='lat' dir='ltr'><strong>sagittariis,</strong></span> 
     </span>
     <span class='ocr_line' id='line_1_33' title="bbox 331 3092 2347 3179; baseline 0.002 -23"><span class='ocrx_word' id='word_1_254' title='bbox 331 3113 566 3177; x_wconf 88' lang='lat' dir='ltr'><strong>magno</strong></span> <span class='ocrx_word' id='word_1_255' title='bbox 612 3092 863 3179; x_wconf 88' lang='lat' dir='ltr'><strong>labore</strong></span> <span class='ocrx_word' id='word_1_256' title='bbox 916 3097 1256 3178; x_wconf 89' lang='lat' dir='ltr'><strong>apparatu</strong></span> <span class='ocrx_word' id='word_1_257' title='bbox 1273 3093 1495 3157; x_wconf 87' lang='lat' dir='ltr'><strong>multis</strong></span> <span class='ocrx_word' id='word_1_258' title='bbox 1553 3094 1784 3159; x_wconf 90' lang='lat' dir='ltr'><strong>sauciis</strong></span> <span class='ocrx_word' id='word_1_259' title='bbox 1844 3095 2116 3178; x_wconf 89' lang='lat' dir='ltr'><strong>nostris,</strong></span> <span class='ocrx_word' id='word_1_260' title='bbox 2179 3095 2347 3160; x_wconf 89' lang='lat' dir='ltr'><strong>inco-</strong></span> 
     </span>
     <span class='ocr_line' id='line_1_34' title="bbox 332 3179 2347 3265; baseline 0.002 -20"><span class='ocrx_word' id='word_1_261' title='bbox 332 3181 492 3245; x_wconf 92' lang='lat' dir='ltr'><strong>lumi</strong></span> <span class='ocrx_word' id='word_1_262' title='bbox 536 3181 819 3245; x_wconf 83' lang='lat' dir='ltr'><strong>exercitu</strong></span> <span class='ocrx_word' id='word_1_263' title='bbox 862 3181 1194 3265; x_wconf 86' lang='lat' dir='ltr'><strong>negotium</strong></span> <span class='ocrx_word' id='word_1_264' title='bbox 1247 3181 1652 3245; x_wconf 89' lang='lat' dir='ltr'><strong>confecimus.</strong></span> <span class='ocrx_word' id='word_1_265' title='bbox 1747 3180 1975 3247; x_wconf 89' lang='lat' dir='ltr'><strong>Hilara</strong></span> <span class='ocrx_word' id='word_1_266' title='bbox 2030 3204 2182 3249; x_wconf 89' lang='lat' dir='ltr'><strong>sane</strong></span> <span class='ocrx_word' id='word_1_267' title='bbox 2239 3179 2347 3248; x_wconf 83' lang='lat' dir='ltr'><strong>Sa-</strong></span> 
     </span>
     <span class='ocr_line' id='line_1_35' title="bbox 331 3268 2346 3355; baseline 0.002 -24"><span class='ocrx_word' id='word_1_268' title='bbox 331 3268 609 3332; x_wconf 91' lang='lat' dir='ltr'><strong>turnalia</strong></span> <span class='ocrx_word' id='word_1_269' title='bbox 667 3268 984 3333; x_wconf 84' lang='lat' dir='ltr'><strong>militibus</strong></span> <span class='ocrx_word' id='word_1_270' title='bbox 1046 3289 1329 3354; x_wconf 87' lang='lat' dir='ltr'><strong>quoque,</strong></span> <span class='ocrx_word' id='word_1_271' title='bbox 1393 3268 1626 3353; x_wconf 90' lang='lat' dir='ltr'><strong>quibus</strong></span> <span class='ocrx_word' id='word_1_272' title='bbox 1679 3271 1960 3354; x_wconf 83' lang='lat' dir='ltr'><strong>exceptis</strong></span> <span class='ocrx_word' id='word_1_273' title='bbox 2011 3273 2346 3355; x_wconf 79' lang='lat' dir='ltr'><strong>mancipiis</strong></span> 
     </span>
     <span class='ocr_line' id='line_1_36' title="bbox 331 3355 2424 3443; baseline 0.003 -24"><span class='ocrx_word' id='word_1_274' title='bbox 331 3355 642 3439; x_wconf 88' lang='lat' dir='ltr'><strong>reliquam</strong></span> <span class='ocrx_word' id='word_1_275' title='bbox 715 3356 1012 3440; x_wconf 86' lang='lat' dir='ltr'><strong>praedam</strong></span> <span class='ocrx_word' id='word_1_276' title='bbox 1091 3357 1537 3421; x_wconf 74' lang='lat' dir='ltr'><strong>concessimus</strong></span> <span class='ocrx_word' id='word_1_277' title='bbox 1651 3358 1972 3443; x_wconf 84' lang='lat' dir='ltr'><strong>Mancipia</strong></span> <span class='ocrx_word' id='word_1_278' title='bbox 2041 3360 2346 3425; x_wconf 85' lang='lat' dir='ltr'><strong>venibant</strong></span> <span class='ocrx_word' id='word_1_279' title='bbox 2374 3386 2424 3428; x_wconf 73' lang='lat' dir='ltr'><strong>as</strong></span> 
     </span>
     <span class='ocr_line' id='line_1_37' title="bbox 333 3440 2347 3531; baseline 0.003 -25"><span class='ocrx_word' id='word_1_280' title='bbox 333 3440 782 3507; x_wconf 85' lang='lat' dir='ltr'><strong>Saturnalibus</strong></span> <span class='ocrx_word' id='word_1_281' title='bbox 835 3445 1063 3508; x_wconf 81' lang='lat' dir='ltr'><strong>tertiis.</strong></span> <span class='ocrx_word' id='word_1_282' title='bbox 1157 3442 1320 3509; x_wconf 85' lang='lat' dir='ltr'><strong>Cum</strong></span> <span class='ocrx_word' id='word_1_283' title='bbox 1371 3444 1527 3509; x_wconf 91' lang='lat' dir='ltr'><strong>haec</strong></span> <span class='ocrx_word' id='word_1_284' title='bbox 1581 3446 1964 3531; x_wconf 87' lang='lat' dir='ltr'><strong>scribebam,</strong></span> <span class='ocrx_word' id='word_1_285' title='bbox 2026 3447 2095 3511; x_wconf 88' lang='grc' dir='ltr'><strong>ιιι</strong></span> <span class='ocrx_word' id='word_1_286' title='bbox 2146 3449 2347 3513; x_wconf 92' lang='lat' dir='ltr'><strong>tribu·</strong></span> 
     </span>
     <span class='ocr_line' id='line_1_38' title="bbox 332 3530 2347 3601; baseline 0.004 -9"><span class='ocrx_word' id='word_1_287' title='bbox 332 3530 463 3593; x_wconf 87' lang='lat' dir='ltr'><strong>nali</strong></span> <span class='ocrx_word' id='word_1_288' title='bbox 509 3551 609 3594; x_wconf 88' lang='lat' dir='ltr'><strong>res</strong></span> <span class='ocrx_word' id='word_1_289' title='bbox 657 3536 793 3595; x_wconf 89' lang='lat' dir='ltr'><strong>erat</strong></span> <span class='ocrx_word' id='word_1_290' title='bbox 840 3532 918 3596; x_wconf 91' lang='lat' dir='ltr'><strong>ad</strong></span> <span class='ocrx_word' id='word_1_291' title='bbox 963 3530 1073 3596; x_wconf 82' lang='lat' dir='ltr'><strong>HS</strong></span> <span class='ocrx_word' id='word_1_292' title='bbox 1122 3549 1276 3596; x_wconf 79' lang='lat' dir='ltr'><strong>cxx,</strong></span> <span class='ocrx_word' id='word_1_293' title='bbox 1359 3531 1529 3598; x_wconf 89' lang='lat' dir='ltr'><strong>Hinc</strong></span> <span class='ocrx_word' id='word_1_294' title='bbox 1574 3536 1921 3599; x_wconf 82' lang='lat' dir='ltr'><strong>exercitum</strong></span> <span class='ocrx_word' id='word_1_295' title='bbox 1968 3537 2036 3599; x_wconf 90' lang='lat' dir='ltr'><strong>in</strong></span> <span class='ocrx_word' id='word_1_296' title='bbox 2080 3535 2347 3601; x_wconf 89' lang='lat' dir='ltr'><strong>hiberna</strong></span> 
     </span>
    </p>
   </div>
  </div>
 </body>
</html>
