2642 3923
628 239 1141 302 EPISTULARUM
1176 240 1275 297 AD
1313 240 1641 302 ATTIOUM
1677 240 1780 293 XII
1816 246 2043 295 44—48.
2208 239 2338 307 389

324 383 666 453 carendum
712 388 811 448 est
856 381 1036 470 (nam
1083 383 1268 448 dolor
1304 383 1475 447 idem
1512 383 1817 469 manebit,
1862 388 2119 451 tantum
2153 384 2344 451 modo

326 471 690 559 occultius),
746 475 860 537 aut
904 471 1140 556 nescio,
1186 471 1344 556 quid
1389 472 1666 559 intersit,
1712 476 1931 537 utrum
1975 472 2130 541 illuc
2176 493 2345 539 nunc

323 560 574 633 veniam
629 582 711 625 an
766 560 845 625 ad
905 561 1120 624 decem
1168 581 1386 624 annos,
1478 558 1707 644 Neque
1752 562 1923 629 enim
1970 561 2097 631 ista
2142 562 2346 627 maior

324 648 706 733 admonitio,
760 670 952 732 quam
1008 649 1243 733 quibus
1299 648 1562 713 adsidue
1617 649 1918 713 conficior
1972 654 2037 714 et
2091 649 2225 713 dies
2282 654 2346 713 et

270 762 297 804 ε
322 741 558 802 noctes.
643 735 833 813 ‘Quid
879 757 1029 821 ergo
1042 736 1099 799 ’θ’
1172 736 1443 821 inquies,
1481 736 1670 800 ‘m‘hil
1710 737 2036 802 litterae‘P'
2106 736 2185 802 In
2227 737 2347 802 hac

325 826 580 910 quidem
625 847 695 890 re
740 847 962 889 vereor
997 847 1078 889 ne
1114 826 1309 893 etiam
1347 829 1596 910 contra3
1641 847 1792 889 nam
1831 847 2034 893 essem
2071 826 2346 890 fortasse

322 914 556 978 durior.
648 913 925 978 Exculto
981 914 1152 978 enim
1207 913 1421 978 animo
1474 913 1642 978 nihil
1700 919 1979 999 agreste,
2042 913 2207 978 nihil
2253 915 2346 979 in-

319 1002 673 1066 humanum
717 1006 817 1066 est

455 1090 554 1159 Tu
590 1090 811 1176 igitur,
847 1095 921 1154 ut
956 1090 1291 1174 scripsisti,
1329 1110 1446 1157 nec
1482 1089 1546 1155 id
1584 1090 1987 1156 incommodo
2025 1095 2156 1156 tuo.
2218 1088 2343 1155 Vel
2361 1105 2611 1158 2(111V11

247 1206 297 1245 ιο
323 1180 512 1247 binae
558 1181 729 1251 enim
774 1182 1081 1262 poterunt
1125 1179 1397 1242 litterae.
1491 1176 1833 1243 Occurram
1879 1179 2092 1261 etiam,
2139 1180 2196 1244 si
2240 1201 2345 1245 nes

324 1289 496 1332 cesse
542 1269 681 1333 erit.
772 1267 952 1352 Ergo
998 1267 1066 1331 id
1112 1267 1387 1352 quidem,
1432 1269 1508 1331 ut
1550 1268 1812 1352 poteris.

1205 1442 1465 1511 XLVII.

690 1565 805 1619 Ser.
838 1565 1066 1619 Lanuvi
1102 1564 1288 1618 XVII
1326 1564 1400 1618 K.
1431 1565 1642 1619 Ιτνημα.
1684 1569 1794 1620 709
1832 1568 1966 1633 (45).

932 1686 1218 1742 CICERO
1253 1686 1546 1742 ATTICO
1582 1687 1746 1742 SAL.

245 1824 295 1865 ιε
456 1795 555 1860 De
599 1795 897 1882 Mustela,
941 1800 1015 1859 ut
1053 1795 1301 1880 scribis,
1347 1795 1471 1860 etsi
1506 1816 1814 1881 magnum
1852 1818 2013 1879 opus
2053 1799 2165 1863 est.
2239 1795 2340 1869 Eo
2381 1810 2408 1858 1

324 1885 530 1971 magis
595 1884 856 1949 delabor
921 1884 1001 1948 ad
1054 1882 1365 1957 Clodiam.
1472 1881 1870 1968 Quamquam
1934 1885 2003 1947 in
2065 1889 2342 1968 utroque

324 1972 750 2046 Faberianum
810 1995 1045 2040 nomen
1108 1972 1572 2056 explorandum
1636 1977 1750 2038 est.
1840 1971 1938 2038 De
1994 1995 2120 2058 quo
2176 1973 2343 2042 nihil

323 2063 613 2129 nocuerit
658 2063 715 2127 si
754 2062 998 2146 aliquid
1033 2083 1179 2126 oum
1220 2060 1426 2125 Balbo
1474 2061 1599 2125 eris
1644 2061 1919 2147 locutus,
1965 2065 2030 2125 et
2067 2062 2342 2148 quidem,

325 2155 396 2217 ut
440 2173 542 2216 res
590 2155 706 2235 est,
751 2172 960 2218 emere
1003 2171 1122 2218 nos
1164 2150 1330 2220 velle
1365 2171 1481 2214 nec
1518 2171 1706 2232 posse
1743 2149 1883 2214 sine
1916 2150 2045 2214 isto
2082 2150 2342 2218 nomine

244 2267 297 2308 so
323 2261 438 2306 nec
483 2240 713 2305 audere
756 2261 826 2303 re
871 2239 1129 2306 incerta.
1223 2237 1350 2302 Sed
1395 2238 1650 2322 quando
1687 2236 1924 2303 Clodia
1957 2237 2202 2310 Romae
2247 2240 2341 2304 fu·
2378 2253 2409 2299 2

324 2333 471 2392 tura
516 2333 632 2411 est,
678 2332 743 2392 et
789 2328 1014 2412 quanti
1059 2348 1196 2391 rem
1243 2327 1589 2391 aestimas?
1664 2325 1764 2391 Eo
1801 2348 2066 2410 prorsus
2106 2331 2342 2412 spect0,

321 2437 456 2481 non
509 2416 667 2501 quin
718 2416 880 2482 illud
932 2416 1180 2501 malim,
1236 2416 1347 2480 sed
1391 2418 1455 2479 et
1500 2435 1733 2500 magna
1777 2436 1880 2480 res
1926 2418 2023 2479 est
2069 2418 2133 2479 et
2179 2415 2342 2479 diffi-

324 2506 443 2569 cile
489 2508 811 2572 certamen
855 2526 1000 2569 cum
1046 2504 1294 2589 cupido,
1341 2525 1486 2570 cum
1531 2503 1866 2588 locuplete,
1914 2524 2058 2567 oum
2093 2503 2340 2569 herede.

323 2592 473 2666 Etsi
518 2593 593 2656 de
640 2593 990 2676 cupiditate
1033 2593 1275 2660 nemini
1323 2592 1689 2675 concedam3
1736 2591 1964 2656 ceteris
2010 2592 2202 2656 rebus
2248 2592 2343 2665 in-

244 2706 295 2748 25
324 2681 587 2746 seriores
633 2703 870 2745 sumus,
964 2679 1088 2746 Sed
1132 2679 1291 2744 haec
1336 2701 1568 2744 coram.

1182 2845 1476 2920 XLVIII.

626 2977 737 3033 Ser.
766 2977 994 3032 mevi
1029 2977 1190 3034 XVI
1219 2977 1293 3032 K.
1323 2978 1454 3031 Iun.
1484 2994 1642 3032 mane
1677 2994 1729 3031 a.
1762 2980 1872 3032 709
1910 2979 2046 3044 (45).

929 3099 1218 3155 CICERO
1252 3100 1544 3157 ATTICO
1581 3100 1745 3155 SAL.

455 3208 633 3275 Hirti
668 3208 925 3294 librum,
969 3213 1042 3274 ut
1078 3210 1254 3293 facis,
1301 3209 1577 3294 divulga.
1653 3207 1751 3273 De
1786 3207 2136 3276 Philotimo
2173 3207 2343 3271 idem
2371 3221 2563 3269 (nvn
2589 3224 2620 3263 ⁸

239 3324 296 3370 ao
323 3303 389 3363 et
435 3319 552 3383 ego
601 3298 975 3362 arbitrabar.
1049 3297 1332 3364 Domum
1377 3302 1558 3361 tuam
1594 3297 1800 3381 pluris
1837 3297 2019 3360 video
2058 3296 2342 3365 futuram

321 3387 530 3452 vicino
573 3385 856 3450 Caesare.
931 3384 1363 3449 Tabellarium
1400 3407 1616 3450 meum
1650 3384 1843 3450 hodie
1881 3387 2340 3467 exspectamus

320 3474 460 3540 Nos
507 3476 581 3542 de
626 3474 791 3542 Pilia
837 3478 901 3537 et
944 3472 1167 3538 Attica
1211 3474 1516 3538 certiores
1561 3473 1770 3538 faciet.

455 3562 648 3630 Domi
684 3566 749 3627 te
785 3562 1060 3632 libenter
1098 3584 1234 3627 esse
1271 3562 1458 3626 facile
1494 3562 1696 3626 credo.
1763 3559 1885 3624 Sed
1922 3557 2115 3622 velim
2155 3557 2335 3643 scire,
2361 3571 2598 3623 (ΧῐΝῐΠ)
