2642 3923
655 215 1171 273 EPISTULARUM
1207 217 1308 271 AD
1345 217 1665 273 ATTICUM
1702 217 1781 272 VI
1820 225 1867 286 1,
1907 224 1955 273 2.
2149 218 2274 281 169

263 367 480 427 πυλον
524 360 827 425 Eleusine
871 361 1093 426 facere.
1184 359 1361 425 Num
1405 362 1610 445 inepti
1655 361 1994 448 fuerimus,
2053 362 2108 427 si
2150 383 2272 426 nos

266 470 520 551 quoque
565 448 940 513 Academiae
993 449 1376 514 fecerimus?
1441 448 1682 534 ‘Puto',
1737 450 2004 535 inquies.
2096 449 2274 535 Ergo

263 538 329 602 id
381 538 594 622 ipsum
650 537 888 602 scribes
935 538 1016 601 ad
1059 559 1176 602 me.
1266 537 1586 622 Equidem
1631 537 1814 603 valde
1858 538 2034 622 ipsas
2079 537 2276 602 Athe·

265 647 380 690 nas
434 647 594 690 amo.
685 623 855 691 Volo
908 646 1049 690 esse
1104 625 1364 710 aliquod
1418 629 1932 711 monumentum3
1997 625 2104 691 odi
2159 626 2275 690 fal-

212 739 238 781 5
266 736 369 779 sas
427 714 875 797 inscriptiones
931 716 1292 778 statuarum
1347 714 1713 779 alienarum.
1815 676 1967 799 Sed,
2023 718 2098 778 ut
2150 714 2275 779 tibi

266 802 562 888 placebit,
603 802 924 886 faciesque
967 822 1088 888 me,
1133 801 1202 866 in
1239 823 1428 887 quem
1465 803 1632 867 diem
1667 801 1958 867 Romana
1994 802 2277 867 incidant

265 891 588 975 mysteria,
638 890 990 975 certiorem,
1036 894 1102 955 et
1148 910 1276 974 quo
1320 890 1512 955 modo
1557 889 1876 955 hiemaris.
1970 887 2157 975 Cura,
2201 893 2276 954 ut

265 980 491 1044 valeas.
571 942 742 1044 yPost
786 976 1184 1043 Leuctricam
1228 998 1512 1063 pugnam
1556 978 1659 1045 die
1704 978 2276 1065 septingentesimo

268 1067 661 1154 sexagesimo
708 1067 952 1151 quinto.

186 1270 241 1311 18
750 1234 754 1239 ’
1235 1240 1318 1309 Π.

653 1362 768 1420 Ser.
796 1363 1104 1419 Laodiceae
1136 1363 1215 1418 ὑι
1244 1381 1312 1418 m.
1345 1363 1491 1418 Mai.
1509 1357 1572 1419 ἀ.
1604 1367 1711 1420 704
1749 1366 1889 1433 (60).

901 1485 1157 1542 CICERO
1194 1484 1457 1542 ATTICO
1495 1485 1626 1541 SAL

286 1613 295 1621 ³
401 1592 564 1659 Cum
606 1594 1019 1681 Philogenes,
1075 1594 1350 1660 libertus
1395 1598 1576 1680 tuus,
1633 1594 2008 1662 Laodiceam
2054 1594 2133 1660 ad
2176 1617 2278 1661 me
2316 1612 2341 1662 1

268 1682 588 1748 salutandi
641 1704 831 1747 causa
886 1683 1166 1748 venisset
1220 1687 1287 1747 et
1332 1704 1400 1747 se
1446 1683 1669 1747 statim
1713 1684 1793 1748 ad
1837 1687 1903 1748 te
1946 1684 2278 1768 navigatu-

186 1798 240 1838 15
266 1793 411 1835 rum
465 1791 603 1836 esse
647 1772 912 1857 diceret,
967 1771 1086 1835 has
1131 1771 1190 1835 ei
1233 1771 1485 1836 litteras
1531 1770 1703 1855 dedi,
1763 1771 1998 1856 quibus
2046 1772 2126 1835 ad
2170 1793 2277 1837 eas

266 1859 592 1944 rescripsi,
646 1880 804 1944 quas
858 1880 1219 1944 acceperam
1275 1882 1312 1924 a
1356 1858 1546 1923 Bruti
1601 1859 1956 1924 tabellario.
2049 1858 2139 1924 Et
2183 1881 2278 1924 re-

268 1947 592 2032 spondebo
637 1947 918 2033 primum
961 1950 1321 2033 postremae
1367 1952 1515 2013 tuae
1559 1947 1850 2049 paginae,
1911 1971 2073 2034 quae
2116 1948 2276 2013 mihi

265 2058 536 2137 magnae
578 2037 911 2102 molestiae
952 2037 1096 2122 fuit,
1142 2036 1315 2122 quod
1359 2037 1439 2101 ad
1475 2041 1540 2100 te
1576 2037 1888 2121 scriptum
1924 2041 2023 2101 est
2058 2058 2097 2101 a
2132 2034 2279 2101 Cin-
2331 2038 2334 2041 ’

267 2125 366 2190 818
421 2124 498 2189 de
543 2121 711 2190 Stati
759 2147 1074 2210 sermone3
1134 2125 1203 2189 in
1248 2145 1377 2209 quo
1422 2124 1547 2190 1188
1589 2124 2116 2189 molestissimum
2161 2128 2279 2210 est,

187 2241 242 2280 20
270 2211 552 2278 Statium
623 2212 828 2278 dicere
886 2234 925 2277 a
987 2234 1088 2278 me
1150 2234 1407 2298 quoque
1469 2212 1535 2278 id
1597 2213 1937 2278 consilium
1999 2213 2276 2298 probari.

270 2301 542 2367 Probum·
604 2302 862 2366 autem?
951 2300 1049 2366 De
1107 2301 1234 2366 isto
1291 2301 1602 2366 hactenus
1661 2301 1958 2386 dixerim,
2019 2322 2121 2364 me
2178 2301 2281 2365 vel

268 2389 546 2474 plurima
615 2389 824 2455 vincla
884 2393 1096 2454 tecum
1159 2410 1444 2454 summae
1506 2388 1973 2455 coniunctionis
2037 2406 2280 2474 optare,

267 2477 391 2542 etsi
445 2482 609 2542 sunt·
651 2478 887 2543 amoris
942 2476 1288 2563 artissima3
1350 2480 1605 2542 tantum
1650 2478 1859 2562 abest,
1916 2481 1991 2542 ut
2035 2497 2281 2630 effiolex

269 2586 374 2652 ec,
436 2586 564 2650 quo
619 2566 868 2631 astricti
922 2586 1169 2650 sumus,
1227 2566 1435 2631 laxari
1490 2565 1734 2650 aliquid
1787 2564 1995 2631 velim.
2170 2588 2279 2630 um
2314 2582 2348 2630 2

189 2679 242 2721 811
269 2659 484 2719 autem
527 2654 732 2718 multa
776 2654 853 2718 de
896 2654 1043 2719 istis
1082 2653 1272 2718 rebus
1309 2654 1597 2738 asperius
1635 2655 1840 2719 solere
1873 2654 2057 2738 loqui
2082 2675 2280 2755 saepe

269 2762 415 2807 sum
458 2746 776 2826 expertus,
835 2763 1022 2827 saepe
1066 2741 1261 2806 etiam
1304 2742 1502 2806 lenivi
1545 2742 1799 2807 iratum.
1888 2741 1963 2805 Id
2010 2742 2171 2807 scire
2216 2745 2282 2806 te

271 2829 566 2895 arbitror.
634 2828 716 2894 In
758 2830 879 2895 hac
914 2834 1128 2895 autem
1162 2830 1676 2916 peregrinatione
1712 2830 2022 2895 militiave
2057 2834 2284 2895 nostra

272 2939 457 3002 saepe
496 2918 823 2983 incensum
858 2918 956 2982 ira
990 2918 1141 3003 vidi,
1187 2939 1375 3002 saepe
1410 2919 1748 3002 placatum.
1823 2916 1989 2994 Quid
2027 2919 2107 2982 ad
2143 2916 2282 2983 Sta·

268 3007 436 3071 tium
488 3007 843 3092 scripserit,
896 3007 1128 3071 nescio,
1224 3005 1542 3091 Quicquid
1600 3010 1859 3070 acturus
1915 3006 1990 3070 de
2050 3006 2168 3071 tali
2213 3028 2282 3071 re

189 3121 243 3162 ³0
268 3094 420 3179 fuit,
474 3094 878 3159 scribendum
933 3097 1152 3159 tamen
1205 3095 1285 3159 ad
1338 3093 1646 3159 libertum
1698 3115 1830 3158 non
1883 3094 2025 3159 fuit.
2116 3093 2283 3159 Mihi

270 3187 484 3247 autem
528 3183 652 3248 erit
693 3204 1029 3247 maxumae
1073 3204 1286 3267 curae,
1340 3204 1421 3246 118
1467 3182 1621 3267 quid
1665 3183 1783 3246 fiat
1830 3203 2030 3269 secus,
2091 3205 2283 3267 quam

268 3272 584 3356 volumus,
619 3292 938 3356 quamque
975 3273 1248 3355 oportet.
1323 3268 1460 3336 Nec
1496 3270 1655 3335 satis
1695 3274 1793 3335 est
1829 3270 1897 3333 in
1934 3271 2073 3335 8188
2110 3270 2283 3335 modi

267 3380 338 3423 re
400 3381 468 3423 se
523 3379 837 3444 quemque
862 3363 1242 3462 praestare,
1305 3379 1407 3423 88
1429 3380 1765 3423 maxumae
1817 3362 2036 3443 partes
2091 3359 2283 3423 istius

270 3447 466 3512 officii
510 3452 663 3512 sunt
699 3448 880 3531 pueri
917 3411 1242 3513 Ciceronis
1277 3447 1413 3512 sive
1447 3446 1578 3511 iam
1616 3445 2066 3530 adulescentis,
2114 3445 2284 3529 quod

190 3561 242 3602 ³5
271 3536 526 3619 quidem
572 3536 758 3600 1118111
804 3535 978 3601 88188
1021 3535 1286 3600 hortari.
1369 3535 1465 3600 Ac
1509 3533 1671 3599 mihi
1717 3534 1969 3598 videtur
2012 3537 2284 3598 matrem
