2642 3923
239 3092 273 3138 4

241 3444 272 3491 5

317 194 399 257 10
953 195 1026 249 M.
1066 194 1278 247 TULLI
1315 192 1692 249 CICERONIS

312 340 483 421 sunt,
528 358 602 401 ea
641 359 895 421 quaero.
972 336 1282 402 Lentulus
1318 359 1513 401 naves
1553 358 1701 401 suas
1743 336 2098 420 pollicetur.
2172 336 2329 401 Peto

311 424 425 489 abs
465 429 548 511 te,
591 430 666 489 ut
710 425 867 490 haec
912 425 1253 511 diligenter
1299 447 1497 489 cures,
1576 424 1873 508 Thyillus
1919 429 1985 489 te
2031 429 2219 509 rogat
2266 429 2331 489 et

311 533 431 598 ego
479 514 615 577 eius
662 517 897 599 rogatu
944 514 1391 598 Εὐμολπιδῶν
1433 514 1692 598 πάτριοι.

1276 689 1353 754 X.

607 809 722 865 Ser.
760 811 824 864 in
865 811 1176 865 Tusculano
1212 816 1339 865 ante
1380 810 1611 881 Quintil.
1650 827 1701 865 a.
1743 814 1858 865 687
1894 814 2035 879 (67).
2387 831 2410 872 ⁵

949 932 1205 988 CICERO
1244 930 1506 987 ATTICO
1547 932 1694 988 SAL.

444 1039 608 1107 Cum
671 1063 876 1106 essem
932 1042 1003 1106 in
1056 1042 1418 1106 Tusculano
1479 1040 1634 1128 (erit
1687 1042 1810 1106 hoc
1864 1041 1987 1106 tibi
2042 1064 2160 1126 pro
2215 1042 2329 1107 illo

312 1134 451 1195 tuo:
500 1128 686 1195 Cum
734 1152 939 1194 essem
975 1131 1045 1194 in
1090 1127 1472 1216 Ceramico’)
1519 1153 1740 1194 verum
1788 1135 2003 1195 tamen
2047 1152 2189 1195 cum
2238 1131 2330 1196 ibi

311 1241 536 1305 essem,
582 1217 788 1283 Roma
832 1240 991 1302 puer
1037 1241 1074 1283 a
1115 1239 1335 1283 sorore
1372 1223 1485 1283 tua
1522 1220 1754 1283 missus
1791 1218 2134 1320 epistulam
2170 1219 2330 1283 mihi

312 1306 426 1371 abs
484 1312 549 1372 te
605 1307 882 1370 adlatam
945 1306 1139 1391 dedit,
1176 1306 1626 1391 nuntiavitque
1691 1329 1765 1371 eo
1829 1307 1970 1391 ipso
2026 1307 2125 1371 die
2181 1312 2331 1391 post
2359 1335 2412 1374 ιο

311 1395 639 1460 meridiem
683 1396 925 1459 iturum
972 1416 1116 1459 eum
1109 1437 1171 1480 s
1199 1396 1310 1479 qui
1365 1395 1444 1458 ad
1497 1399 1562 1459 te
1617 1396 2136 1479 proficisceretur.
2228 1395 2328 1461 Eo

312 1484 551 1549 factum
597 1487 722 1568 est,
759 1488 830 1546 ut
876 1483 1187 1567 epistulae
1232 1488 1383 1548 tuae
1428 1484 1838 1548 rescriberem
1884 1484 2146 1569 aliquid,
2192 1484 2330 1549 bre-

315 1573 511 1637 vitate
557 1572 865 1655 temporis
911 1578 1046 1636 tam
1092 1593 1293 1655 pauca
1340 1593 1600 1656 cogerer
1643 1572 1933 1637 scribere.

446 1659 732 1724 Primum
787 1660 910 1725 tibi
965 1660 1040 1724 de
1096 1665 1316 1724 nostro
1375 1660 1575 1725 amico
1623 1660 1929 1744 placando
1978 1664 2090 1724 aut
2135 1661 2330 1725 etiam

314 1748 501 1833 plane
545 1749 941 1813 restituendo
990 1749 1310 1832 polliceor.
1387 1747 1568 1824 Quod
1610 1769 1729 1834 ego
1768 1749 1887 1813 etsi
1923 1771 2065 1812 mea
2102 1753 2330 1832 sponte
2360 1775 2412 1817 ιε

312 1841 461 1902 ante
517 1837 855 1923 faciebam,
913 1859 987 1902 eo
1044 1859 1212 1901 nunc
1265 1842 1480 1901 tamen
1532 1842 1595 1902 et
1642 1859 1827 1922 agam
1873 1836 2220 1901 studiosius
2266 1842 2331 1902 et

311 1925 691 1991 contendam
746 1926 826 1991 ab
882 1925 997 1990 illo
1044 1925 1510 2012 vehementiuS,
1569 1926 1740 2010 quod
1785 1930 2034 1991 tantam
2079 1947 2157 1990 ex
2204 1926 2331 2010 epi·

311 2016 482 2080 stula
520 2016 920 2079 voluntatem
956 2016 1091 2079 eius
1128 2014 1221 2079 rei
1258 2019 1437 2079 tuam
1483 2016 1837 2098 perspicere
1883 2015 2116 2079 videor.
2190 2014 2332 2079 Hoc

312 2108 376 2169 te
430 2104 802 2189 intellegere
858 2104 1033 2188 volo,
1096 2103 1493 2188 pergraviter
1554 2103 1739 2167 illum
1803 2125 1936 2168 esse
1991 2104 2331 2187 offensum3

312 2192 440 2277 sed,
485 2192 636 2275 quia
681 2192 925 2256 nullam
963 2191 1145 2256 video
1185 2212 1445 2276 gravem
1482 2191 1739 2256 subesse
1777 2213 2051 2276 causam,
2095 2211 2327 2275 magno
2360 2219 2415 2257 zo
2462 2239 2470 2243 -

313 2301 503 2364 opere
556 2280 804 2344 confido
857 2280 1042 2344 illum
1096 2281 1232 2343 fore
1287 2280 1355 2343 in
1411 2280 1623 2344 officio
1682 2283 1746 2345 et
1796 2280 1865 2344 in
1917 2284 2138 2344 nostra
2191 2284 2331 2363 pot-

312 2371 529 2434 estate.

446 2454 645 2541 Signa
686 2461 910 2520 nostra
951 2460 1015 2521 et
1062 2455 1522 2541 HermeraclaS,
1568 2460 1640 2520 ut
1686 2456 1932 2542 scribis,
1977 2478 2123 2520 cum
2169 2476 2334 2520 com·

313 2544 675 2610 modissime
729 2544 1000 2632 poteris,
1061 2545 1249 2609 velim
1316 2545 1635 2629 imponas,
1699 2548 1764 2608 et
1821 2544 1877 2608 si
1932 2544 2105 2628 quod
2160 2544 2336 2608 aliud

311 2636 562 2700 οἰκεῖον
596 2632 732 2697 eius
759 2629 903 2717 loci,
939 2655 1130 2717 quem
1157 2654 1288 2696 non
1313 2632 1593 2734 ignoras,
1629 2633 1925 2718 reperies,
1960 2636 2026 2696 et
2059 2633 2334 2696 maxime
2363 2659 2416 2700 ιε

312 2743 475 2807 quae
525 2722 646 2786 tibi
691 2722 1047 2805 palaestrae
1095 2721 1536 2806 gymnasiique
1573 2720 1960 2784 videbuntur
2000 2742 2154 2785 esse.
2220 2720 2334 2785 Et·

311 2811 481 2875 enim
518 2811 610 2875 ibi
650 2810 873 2874 sedens
911 2810 1066 2875 haec
1103 2809 1182 2873 ad
1220 2814 1284 2872 te
1323 2809 1696 2894 scribebam,
1732 2813 1806 2872 ut
1843 2830 1943 2873 me
1980 2809 2159 2873 locus
2195 2809 2334 2892 ipse

313 2900 694 2964 admoneret.
813 2897 1149 2962 Praeterea
1221 2902 1412 2981 typos
1486 2897 1608 2961 tibi
1680 2897 1911 2961 mando
1930 2950 1947 2982 ,
2031 2918 2191 2981 quos
2266 2898 2336 2960 in

313 2988 583 3052 tectorio
641 2986 860 3051 atrioli
913 2987 1157 3071 possim
1207 2985 1556 3071 includere,
1614 2989 1678 3049 et
1723 2985 2006 3069 putealia
2050 2985 2336 3070 sigillata

313 3076 455 3140 duo.
565 3074 1034 3139 Bibliothecam
1098 3079 1276 3138 tuam
1340 3095 1490 3138 cave
1555 3073 1853 3157 cuiquam
1927 3073 2336 3160 despondeas,
2363 3100 2419 3140 so

312 3164 604 3248 quamvis
660 3184 867 3227 acrem
922 3167 1273 3227 amatorem
1330 3162 1675 3246 inveneris3
1731 3184 1879 3226 nam
1935 3183 2054 3247 ego
2112 3182 2333 3227 omnes

313 3273 484 3316 meas
540 3251 957 3316 vindemiolas
1013 3273 1085 3315 eo
1141 3271 1426 3335 reservo,
1489 3254 1563 3315 ut
1619 3250 1778 3314 illud
1834 3250 2192 3314 subsidium
2246 3272 2334 3315 se·

313 3340 555 3404 nectuti
602 3361 834 3424 parem.

443 3427 539 3493 De
585 3429 784 3492 fratre
829 3426 1078 3492 confido
1125 3428 1217 3492 ita
1264 3449 1435 3513 esse‘
1468 3431 1540 3492 ut
1588 3449 1842 3511 semper
1886 3426 2065 3492 volui
2113 3431 2177 3491 et
2214 3427 2337 3492 ela-

311 3517 546 3580 boravi.
659 3514 866 3579 Multa
932 3514 1117 3598 signa
1181 3519 1335 3580 sunt
1400 3516 1534 3580 eius
1599 3515 1720 3598 rei,
1783 3537 1915 3580 non
1976 3514 2420 3601 minimumlss
