2642 3923
600 217 1114 272 EPISTULARUM
1151 218 1251 272 AD
1288 219 1615 273 ATTICUM
1650 219 1781 273 XIII
1818 225 2042 275 42—45.
2174 222 2336 303 ⁴427

319 361 620 444 opinione
665 365 730 425 et
774 362 959 426 fama.
1043 360 1305 427 Cottam
1350 363 1440 427 mi
1484 363 1677 427 velim
1719 363 1972 449 mittas3
2026 363 2340 429 Libonem
2375 382 2409 430 3

317 470 566 531 mecum
609 450 816 514 habeo
863 455 928 515 et
968 451 1319 515 habueram
1357 453 1507 515 ante
1543 449 1823 516 Cascam.
1897 450 2140 517 Brutus
2177 453 2339 517 mihi

185 614 190 619 .
317 538 385 602 Τ.
430 537 654 623 Ligari
706 539 919 604 verbis
973 540 1329 625 nuntiavit,
1393 539 1564 622 quod
1619 540 1977 624 appelletur
2032 540 2100 606 L.
2142 540 2340 606 Corfi-

318 627 459 690 dius
505 627 578 690 in
622 627 912 692 oratione
955 627 1321 712 Ligariana,
1366 632 1649 692 erratum
1696 650 1834 693 esse
1878 651 2109 694 meum.
2197 626 2337 712 Sed,

266 740 293 781 ε
320 719 392 779 ut
447 715 656 799 aiunt,
718 718 1130 799 μνημονικὸν
1185 715 1545 801 ἁμάρτημα.
1638 713 1932 781 Sciebam
1985 714 2339 781 Corfidium

318 804 856 886 pernecessarium
901 803 1338 889 Ligariorumt,
1403 805 1513 869 sed
1569 826 1716 869 eum
1775 805 1957 869 video
2006 810 2155 869 ante
2201 827 2338 870 esse

316 896 660 956 mortuum.
733 892 834 957 Da
880 892 1099 980 igitur,
1147 914 1406 977 quaeso,
1448 893 1784 977 negotium
1824 892 2161 978 Pharnaci,
2206 894 2336 958 An-

316 984 485 1065 taeo,
540 980 754 1046 Salvio
764 1035 782 1068 ,
837 985 910 1046 ut
957 981 1023 1046 id
1065 1002 1301 1046 nomen
1348 1002 1425 1045 ex
1472 982 1771 1045 omnibus
1816 981 2001 1046 libris
2047 983 2337 1048 tollatur.

1226 1157 1423 1222 XLV.

238 1288 287 1328 1⁰
623 1277 737 1335 Ser.
766 1280 830 1333 in
871 1280 1182 1334 Tusculano
1217 1280 1334 1334 IH
1360 1279 1449 1334 Id.
1478 1278 1624 1335 Sea-t.
1653 1297 1705 1333 a.
1738 1283 1849 1335 709
1887 1283 2024 1349 (45).

919 1402 1209 1458 CICERO
1243 1402 1535 1458 ATTICO
1571 1402 1736 1457 SAL.

444 1509 596 1575 Fuit
643 1510 813 1594 apud
857 1532 958 1575 me
1002 1510 1228 1575 Lamia
1271 1513 1422 1595 post
1468 1511 1819 1575 discessum
1863 1515 2050 1576 tuum
2096 1511 2334 1596 epistu-
2373 1530 2400 1576 1

312 1600 568 1682 lamque
626 1600 706 1662 ad
767 1620 870 1663 me
921 1599 1143 1663 attulit
1195 1599 1460 1663 missam
1516 1599 1643 1663 sibi
1698 1622 1735 1662 a
1783 1597 2067 1664 Caesare.
2159 1599 2334 1675 Quae

314 1709 702 1771 quamquam
774 1691 922 1751 ante
994 1687 1143 1751 data
1215 1691 1352 1751 erat
1422 1709 1614 1771 quam
1677 1687 1826 1751 illae
1888 1685 2332 1774 Diocharinae,

236 1800 288 1840 15
312 1779 528 1839 tamen
600 1773 790 1858 plane
862 1774 1226 1840 declarabat
1286 1775 1474 1839 illum
1538 1779 1686 1839 ante
1748 1775 1937 1841 ludos
2001 1774 2332 1842 Romanos
2378 1788 2383 1793 '

314 1884 450 1927 esse
495 1867 855 1928 venturum.
945 1861 1027 1928 In
1071 1886 1198 1948 qua
1243 1867 1527 1928 extrema
1574 1862 1885 1946 scriptum
1932 1868 2089 1946 erat,
2131 1867 2208 1928 ut
2252 1864 2335 1929 ad

312 1950 498 2017 ludos
546 1951 762 2017 omnia
807 1957 1063 2036 pararet
1105 1973 1266 2017 neve
1309 1951 1762 2040 committeret,
1805 1956 1881 2016 ut
1916 1952 2159 2018 frustra
2193 1952 2333 2037 ipse

312 2044 734 2125 properasset.
837 2040 1112 2105 Prorsus
1185 2063 1263 2106 ex
1329 2041 1435 2104 his
1497 2040 1738 2105 litteris
1799 2061 1936 2105 non
1997 2042 2335 2107 videbatur

313 2151 448 2194 esse
520 2129 815 2214 dubium,
886 2129 1045 2213 quin
1107 2132 1256 2194 ante
1326 2151 1465 2193 eam
1531 2129 1701 2193 diem
1767 2133 2076 2194 venturus
2145 2135 2332 2214 esset,

232 2243 284 2282 20
310 2219 593 2302 itemque
655 2216 890 2301 Balbo,
954 2239 1100 2283 cum
1164 2240 1305 2283 eam
1370 2216 1715 2302 epistulam
1778 2216 2071 2303 legisset,
2130 2219 2331 2283 videri

310 2305 533 2370 Lamia
578 2305 849 2370 dicebat.

440 2392 597 2459 Dies
642 2394 948 2458 feriarum
992 2393 1155 2458 mihi
1200 2394 1452 2460 additos
1498 2395 1683 2459 video
1695 2446 1713 2480 ,
1773 2394 1887 2459 sed
1932 2416 2125 2478 quam
2169 2396 2332 2459 mul·

310 2487 433 2569 toa,
478 2484 598 2569 fac,
645 2482 700 2546 si
745 2504 850 2547 me
896 2504 1091 2569 amaS,
1137 2482 1353 2547 sciam.
1426 2481 1524 2546 De
1567 2482 1811 2547 Baebio
1858 2484 2104 2567 poteris
2151 2488 2216 2548 et
2253 2484 2330 2548 de

311 2571 512 2636 altero
557 2569 768 2635 vicino
815 2570 1116 2656 Egnatio.

231 2684 283 2725 2⁵
443 2658 628 2735 Quod
670 2681 773 2723 me
817 2658 1117 2743 hortaris,
1160 2661 1236 2722 ut
1281 2679 1392 2723 eos
1435 2658 1570 2723 dies
1608 2680 1982 2723 consumam
2018 2659 2089 2722 in
2123 2659 2332 2743 philo·
2367 2679 2398 2727 2

311 2747 538 2830 sophia
584 2747 976 2833 explicanda,
1021 2749 1383 2811 currentem
1431 2752 1507 2810 tu
1543 2748 1827 2832 quidem3
1875 2747 1985 2812 sed
2022 2770 2166 2812 cum
2200 2746 2330 2814 Do·

308 2834 543 2900 labella
586 2835 927 2900 vivendum
975 2855 1114 2899 esse
1160 2833 1306 2899 istis
1346 2834 1571 2900 diebus
1609 2835 1804 2900 vides.
1878 2834 2189 2911 Quodnisi
2226 2859 2329 2903 me

309 2923 620 3007 Torquati
666 2945 856 2988 causa
900 2928 1168 3006 teneret,
1213 2923 1371 2988 satis
1417 2926 1554 2987 erat
1600 2923 1863 3009 dierum,
1909 2929 1984 2989 ut
2019 2923 2328 2990 Puteolos

309 3033 642 3077 excurrere
686 3033 944 3096 possem
989 3014 1055 3076 et
1100 3011 1180 3076 ad
1223 3016 1480 3095 tempus
1517 3012 1743 3078 redire.
1811 3010 2036 3077 Lamia
2071 3013 2329 3097 quidem
2364 3033 2397 3081 3

229 3126 283 3166 ao
311 3123 349 3163 a
383 3098 614 3185 Balbe,
659 3104 732 3164 ut
768 3099 1127 3185 videbatur,
1171 3100 1503 3165 audiverat
1537 3101 1780 3166 multos
1816 3122 2115 3166 nummos
2156 3102 2328 3165 domi

308 3209 445 3253 esse
497 3192 894 3273 numeratos,
948 3209 1111 3272 quos
1175 3192 1504 3272 oporteret
1550 3211 1744 3272 quam
1787 3189 2067 3273 primum
2111 3189 2329 3274 dividi,

308 3297 614 3362 magnum
676 3276 929 3361 pondus
995 3276 1274 3363 argent13
1340 3277 1699 3341 auctionem
1758 3282 2011 3361 praeter
2069 3277 2329 3360 praedia

306 3366 513 3449 primo
563 3387 818 3449 quoque
868 3369 1158 3448 tempore
1200 3365 1343 3428 fieri
1390 3369 1701 3449 oportere.
1795 3364 2052 3430 Scribas
2099 3364 2182 3428 ad
2224 3387 2329 3431 me

305 3453 525 3540 velim,
587 3454 743 3537 quid
808 3452 934 3517 tibi
1000 3453 1266 3538 placeat.
1358 3444 1704 3538 Equidem,
1767 3453 1822 3517 si
1887 3474 1964 3516 ex
2025 3452 2327 3516 omnibus

227 3568 278 3608 ³5
307 3547 476 3607 esset
535 3541 928 3628 eligendum,
993 3563 1111 3607 nec
1170 3541 1644 3626 diligentiorem
1701 3561 1817 3605 nec
1877 3539 2326 3604 officiosiorem
