2642 3923
346 187 476 253 506
1005 186 1078 241 M.
1117 185 1332 240 TULLI
1367 184 1747 240 CICERONIS

346 330 523 414 navi,
586 328 698 394 sed
752 321 996 413 aliquid
1048 328 1178 393 tale
1232 329 1456 411 putavi
1509 328 1662 392 fore.
1759 325 1946 391 Nunc
1991 332 2176 391 tuum
2223 348 2380 391 con·

349 419 565 482 silium
611 417 894 501 exquiro.
968 415 1325 481 Romamne
1372 416 1555 480 venio
1605 437 1688 480 an
1723 415 1828 479 hic
1863 436 2091 479 maneo
2130 437 2213 479 an
2249 415 2380 478 Ar-

348 508 571 589 pinum
637 504 1034 592 (ἀσφάλειαν
1089 505 1286 568 habet
1340 504 1395 568 is
1451 500 1656 589 locus)
1715 504 2001 588 fugiam?
2074 501 2379 589 Romam,

348 616 428 659 ne
473 593 927 677 desideremur,
982 593 1038 657 si
1083 592 1240 678 quid
1286 596 1498 656 actum
1546 592 1884 656 videbitur.
1976 590 2120 655 Hoc
2165 591 2379 676 igitur

349 683 609 766 explica.
700 679 1070 764 Numquam
1116 681 1186 744 in
1229 681 1470 744 maiore
1516 680 1760 765 ἀπορίᾳ
1804 680 1914 743 fui.
2440 705 2467 746 5

1305 853 1416 920 IX.

622 976 737 1036 Sor.
765 978 829 1032 in
864 976 1168 1031 Puteolano
1197 953 1347 1046 prid.
1380 976 1527 1030 Non.
1558 976 1699 1031 Nov.
1730 994 1782 1032 α.
1814 981 1922 1031 710
1960 978 2098 1045 (44).

955 1098 1243 1154 CICERO
1277 1099 1570 1154 ATTICO
1606 1099 1770 1154 SAL.

481 1207 682 1273 Binae
743 1230 873 1272 uno
930 1208 1030 1271 die
1093 1207 1254 1271 mihi
1311 1207 1566 1271 litterae
1620 1208 1700 1271 ab
1757 1205 2137 1293 Octaviano,
2198 1229 2378 1273 nunc

351 1297 625 1382 quidem,
670 1300 744 1360 ut
789 1295 1062 1360 Romam
1106 1296 1328 1359 statim
1378 1296 1656 1380 veniam3
1703 1295 1865 1360 velle
1903 1318 1971 1360 se
2007 1318 2141 1360 rem
2180 1317 2378 1381 agere
2406 1322 2459 1361 ιο

350 1408 464 1470 per
528 1389 834 1449 senatum.
928 1381 1048 1448 Cui
1114 1405 1232 1470 ego
1296 1405 1427 1447 non
1492 1404 1681 1466 posse
1741 1388 2034 1448 senatum
2088 1388 2238 1448 ante
2292 1384 2374 1448 Κ.

348 1474 626 1557 Ianuar.,
699 1472 870 1556 quod
938 1472 1195 1555 quidem
1258 1472 1352 1535 ita
1416 1472 1617 1536 cred0.
1726 1470 1846 1536 Ille
1911 1476 2126 1536 autem
2190 1473 2376 1537 addit

352 1561 642 1626 ‘consilio
706 1560 861 1624 tuo'.
965 1558 1129 1635 Quid
1194 1560 1441 1623 multa?
1514 1560 1624 1624 ille
1686 1564 1902 1645 urget,
1967 1580 2087 1644 ego
2152 1566 2377 1625 autem

352 1652 732 1733 σκήπτομαι.
823 1646 972 1713 Non
1030 1647 1278 1712 confido
1337 1649 1560 1731 aetati,
1625 1649 1881 1732 ignom,
1945 1670 2073 1732 quo
2133 1650 2372 1713 animo.

350 1737 466 1803 Nil
529 1737 665 1803 sine
717 1734 925 1801 Pansa
987 1741 1102 1800 tuo
1158 1737 1323 1800 volo,
1426 1735 1696 1820 Vereor,
1757 1758 1838 1799 ne
1896 1738 2106 1801 valeat
2165 1736 2374 1802 Anto-
2404 1762 2450 1801 ιε

351 1827 525 1910 nius,
577 1846 695 1890 nec
749 1846 787 1887 a
846 1825 1007 1888 mari
1054 1824 1375 1888 discedere
1419 1825 1607 1909 libet,
1664 1829 1728 1887 et
1773 1828 2017 1908 metuo,
2071 1846 2153 1889 ne
2206 1848 2377 1909 quae

353 1915 647 2000 ἀριστεία
702 1934 803 1978 me
859 1912 1132 1977 absente.
1224 1912 1505 1977 Varroni
1559 1912 1814 1997 quidem
1871 1913 2164 1997 displicet
2228 1935 2373 1978 con-

352 2004 567 2068 silium
612 2001 813 2087 pueri,
869 2002 1028 2065 mihi
1072 2023 1220 2066 non.
1312 1999 1384 2065 Si
1428 2002 1643 2065 firmas
1690 2002 1905 2085 copias
1949 2002 2166 2086 habet,
2212 2001 2371 2066 Bru-

352 2096 493 2156 tum
552 2091 788 2155 habere
852 2093 1096 2174 potest,
1160 2093 1224 2153 et
1282 2112 1419 2153 rem
1479 2090 1646 2173 gerit
1710 2091 1937 2172 palam.
2031 2087 2374 2154 Centuriat

354 2178 635 2264 Capuae,
694 2179 1069 2242 dinumerat.
1161 2176 1300 2242 Iam
1367 2179 1620 2260 iamque
1673 2178 1857 2241 video
1915 2177 2173 2241 bellum.
2271 2179 2378 2242 Ad
2404 2204 2455 2242 20

350 2268 506 2331 haec
551 2266 844 2331 rescribe.
922 2265 1356 2329 Tabellarium
1402 2288 1615 2329 meum
1661 2264 1925 2330 Kalend.
1973 2264 2183 2330 Roma
2229 2288 2381 2350 pro-

351 2356 588 2420 fectum
636 2356 772 2420 sine
815 2353 947 2417 tuis
994 2354 1228 2418 litteris
1275 2355 1491 2418 miror.

1329 2529 1405 2593 X.

669 2650 781 2706 Ser.
812 2652 876 2705 in
912 2651 1243 2706 Sinuessano
1280 2649 1372 2702 VI
1399 2650 1486 2703 Id.
1513 2649 1653 2704 Nov.
1684 2667 1736 2703 a.
1767 2653 1875 2705 710
1915 2652 2049 2719 (44).

959 2771 1247 2828 CICERO
1281 2772 1574 2834 ATTICO
1610 2772 1773 2827 SAL.
2410 2785 2459 2825 25

488 2899 588 2946 vn
643 2881 732 2946 Id.
782 2882 922 2945 vem‘
984 2882 1062 2945 ad
1116 2903 1218 2946 me
1275 2880 1345 2944 in
1402 2877 1874 2945 Sinuessanum.
1967 2880 2212 2944 Eodem
2274 2881 2383 2946 die

353 2971 550 3054 vulgo
597 2970 1027 3054 loquebantur
1073 2968 1431 3034 Antonium
1478 2990 1850 3032 mansurum
1898 2990 2036 3033 esse
2087 2966 2380 3034 Casilini.

353 3058 584 3142 Itaque
628 3059 874 3122 mutavi
920 3057 1291 3141 consilium;
1337 3061 1688 3121 statueram
1733 3057 1904 3120 enim
1949 3060 2123 3121 recta
2159 3056 2384 3140 Appia

353 3146 642 3211 Romam.
735 3145 945 3210 Facile
992 3167 1093 3209 me
1137 3145 1247 3209 ille
1293 3150 1462 3208 esset
1508 3146 1864 3209 adsecutus,
1949 3145 2155 3208 Aiunt
2202 3146 2378 3209 enim

355 3258 499 3300 eum
573 3233 910 3299 Caesarina
998 3234 1093 3297 uti
1172 3233 1511 3297 celeritate.
1618 3233 1803 3298 Verti
1882 3233 2083 3317 igitur
2154 3256 2261 3298 me
2342 3258 2382 3298 a
2410 3261 2459 3300 30

352 3322 712 3387 Menturnis
766 3322 1081 3404 Arpinum
1128 3343 1365 3385 versus.
1457 3318 1957 3404 Constitueram,
2006 3325 2082 3384 ut
2126 3339 2175 3385 v
2218 3320 2379 3387 Idus

284 3429 314 3473 :3
354 3416 467 3474 aut
511 3410 755 3494 Aquini
798 3431 1118 3473 manerem
1166 3414 1277 3472 aut
1321 3409 1391 3472 in
1426 3408 1693 3473 Arcano
1766 3407 1973 3492 Nunc,
2019 3410 2110 3472 mi
2136 3409 2381 3494 Attice,

353 3503 493 3562 tota
547 3502 759 3562 mente
802 3497 1099 3561 incumbe
1145 3497 1215 3560 in
1259 3497 1423 3561 hanc
1468 3518 1711 3573 curam3
1775 3517 2008 3580 magna
2053 3498 2225 3561 enim
2272 3519 2379 3562 res

2599 337 2602 386 }

2601 421 2602 484 1
