<?xml version="1.0" encoding="UTF-8"?>
<!DOCTYPE html PUBLIC "-//W3C//DTD XHTML 1.0 Transitional//EN"
    "http://www.w3.org/TR/xhtml1/DTD/xhtml1-transitional.dtd">
<html xmlns="http://www.w3.org/1999/xhtml" xml:lang="en" lang="en">
 <head>
  <title>
</title>
<meta http-equiv="Content-Type" content="text/html;charset=utf-8" />
  <meta name='ocr-system' content='tesseract 3.04.00' />
  <meta name='ocr-capabilities' content='ocr_page ocr_carea ocr_par ocr_line ocrx_word'/>
</head>
<body>
  <div class='ocr_page' id='page_1' title='image "./scriptaquaemans00friegoog_0543.png"; bbox 0 0 2642 3923; ppageno 0'>
   <div class='ocr_carea' id='block_1_1' title="bbox 603 219 2306 287">
    <p class='ocr_par' dir='ltr' id='par_1_1' title="bbox 603 219 2306 287">
     <span class='ocr_line' id='line_1_1' title="bbox 603 219 2306 287; baseline 0.008 -15"><span class='ocrx_word' id='word_1_1' title='bbox 603 219 1116 274; x_wconf 82' lang='lat' dir='ltr'><strong>EPISTULARUM</strong></span> <span class='ocrx_word' id='word_1_2' title='bbox 1151 219 1251 273; x_wconf 90' lang='lat' dir='ltr'>AD</span> <span class='ocrx_word' id='word_1_3' title='bbox 1287 221 1613 275; x_wconf 86' lang='lat' dir='ltr'><strong><em>ATTICUM</em></strong></span> <span class='ocrx_word' id='word_1_4' title='bbox 1650 222 1751 275; x_wconf 90' lang='lat' dir='ltr'>XII</span> <span class='ocrx_word' id='word_1_5' title='bbox 1787 229 2012 277; x_wconf 83' lang='grc'><strong>32-36.</strong></span> <span class='ocrx_word' id='word_1_6' title='bbox 2177 223 2306 287; x_wconf 81' lang='grc'>379</span> 
     </span>
    </p>
   </div>
   <div class='ocr_carea' id='block_1_2' title="bbox 212 363 2631 1417">
    <p class='ocr_par' dir='ltr' id='par_1_2' title="bbox 291 363 2367 713">
     <span class='ocr_line' id='line_1_2' title="bbox 292 363 2367 448; baseline 0.002 -22"><span class='ocrx_word' id='word_1_7' title='bbox 292 363 371 426; x_wconf 83' lang='lat' dir='ltr'>ad</span> <span class='ocrx_word' id='word_1_8' title='bbox 416 363 677 427; x_wconf 91' lang='lat' dir='ltr'>modum</span> <span class='ocrx_word' id='word_1_9' title='bbox 724 363 966 448; x_wconf 76' lang='lat' dir='ltr'>suadeS,</span> <span class='ocrx_word' id='word_1_10' title='bbox 1013 367 1173 447; x_wconf 89' lang='lat' dir='ltr'>puto</span> <span class='ocrx_word' id='word_1_11' title='bbox 1219 386 1321 427; x_wconf 92' lang='lat' dir='ltr'>me</span> <span class='ocrx_word' id='word_1_12' title='bbox 1369 365 1437 427; x_wconf 91' lang='lat' dir='ltr'>in</span> <span class='ocrx_word' id='word_1_13' title='bbox 1473 363 1794 429; x_wconf 80' lang='lat' dir='ltr'>Ficulensi</span> <span class='ocrx_word' id='word_1_14' title='bbox 1830 366 1984 430; x_wconf 85' lang='lat' dir='ltr'>fore.</span> <span class='ocrx_word' id='word_1_15' title='bbox 2059 364 2305 441; x_wconf 82' lang='lat' dir='ltr'><strong>Quibus</strong></span> <span class='ocrx_word' id='word_1_16' title='bbox 2334 385 2367 431; x_wconf 76' lang='lat'>2</span> 
     </span>
     <span class='ocr_line' id='line_1_3' title="bbox 293 452 2308 554; baseline 0.002 -40"><span class='ocrx_word' id='word_1_17' title='bbox 293 452 368 515; x_wconf 90' lang='lat' dir='ltr'>de</span> <span class='ocrx_word' id='word_1_18' title='bbox 413 452 604 515; x_wconf 91' lang='lat' dir='ltr'>rebus</span> <span class='ocrx_word' id='word_1_19' title='bbox 653 452 734 515; x_wconf 93' lang='lat' dir='ltr'>ad</span> <span class='ocrx_word' id='word_1_20' title='bbox 779 474 880 515; x_wconf 92' lang='lat' dir='ltr'>me</span> <span class='ocrx_word' id='word_1_21' title='bbox 927 452 1263 537; x_wconf 71' lang='lat' dir='ltr'>scripsisti,</span> <span class='ocrx_word' id='word_1_22' title='bbox 1312 455 1614 554; x_wconf 81' lang='lat' dir='ltr'>quoniam</span> <span class='ocrx_word' id='word_1_23' title='bbox 1661 453 1797 536; x_wconf 92' lang='lat' dir='ltr'>ipse</span> <span class='ocrx_word' id='word_1_24' title='bbox 1844 455 2049 540; x_wconf 87' lang='lat' dir='ltr'>veni0,</span> <span class='ocrx_word' id='word_1_25' title='bbox 2094 476 2308 519; x_wconf 90' lang='lat' dir='ltr'>coram</span> 
     </span>
     <span class='ocr_line' id='line_1_4' title="bbox 292 539 2306 642; baseline 0.002 -39"><span class='ocrx_word' id='word_1_26' title='bbox 292 540 662 604; x_wconf 84' lang='lat' dir='ltr'>videbimus.</span> <span class='ocrx_word' id='word_1_27' title='bbox 737 539 940 604; x_wconf 86' lang='lat' dir='ltr'>Tuam</span> <span class='ocrx_word' id='word_1_28' title='bbox 988 541 1243 623; x_wconf 92' lang='lat' dir='ltr'>quidem</span> <span class='ocrx_word' id='word_1_29' title='bbox 1291 545 1357 605; x_wconf 92' lang='lat' dir='ltr'>et</span> <span class='ocrx_word' id='word_1_30' title='bbox 1401 542 1469 605; x_wconf 82' lang='lat' dir='ltr'>in</span> <span class='ocrx_word' id='word_1_31' title='bbox 1517 542 1781 642; x_wconf 80' lang='lat' dir='ltr'>agendis</span> <span class='ocrx_word' id='word_1_32' title='bbox 1827 543 2069 606; x_wconf 88' lang='lat' dir='ltr'>nostris</span> <span class='ocrx_word' id='word_1_33' title='bbox 2115 542 2306 607; x_wconf 87' lang='lat' dir='ltr'>rebus</span> 
     </span>
     <span class='ocr_line' id='line_1_5' title="bbox 291 627 2309 717; baseline 0.001 -25"><span class='ocrx_word' id='word_1_34' title='bbox 291 632 355 692; x_wconf 91' lang='lat' dir='ltr'>et</span> <span class='ocrx_word' id='word_1_35' title='bbox 399 629 470 692; x_wconf 88' lang='lat' dir='ltr'>in</span> <span class='ocrx_word' id='word_1_36' title='bbox 514 627 799 692; x_wconf 83' lang='lat' dir='ltr'>consiliis</span> <span class='ocrx_word' id='word_1_37' title='bbox 837 628 1130 693; x_wconf 85' lang='lat' dir='ltr'>ineundis</span> <span class='ocrx_word' id='word_1_38' title='bbox 1169 628 1455 713; x_wconf 85' lang='lat' dir='ltr'>mihique</span> <span class='ocrx_word' id='word_1_39' title='bbox 1493 629 1771 693; x_wconf 89' lang='lat' dir='ltr'>dandis</span> <span class='ocrx_word' id='word_1_40' title='bbox 1754 653 1822 693; x_wconf 86' lang='lat' dir='ltr'>1n</span> <span class='ocrx_word' id='word_1_41' title='bbox 1856 631 2016 713; x_wconf 89' lang='lat' dir='ltr'>ipsis</span> <span class='ocrx_word' id='word_1_42' title='bbox 2053 631 2309 717; x_wconf 90' lang='lat' dir='ltr'>litteris,</span> 
     </span>
    </p>

    <p class='ocr_par' dir='ltr' id='par_1_3' title="bbox 239 716 2631 1155">
     <span class='ocr_line' id='line_1_6' title="bbox 239 716 2307 804; baseline 0 -22"><span class='ocrx_word' id='word_1_43' title='bbox 239 744 263 782; x_wconf 77' lang='lat'><strong>⁶</strong></span> <span class='ocrx_word' id='word_1_44' title='bbox 292 738 449 800; x_wconf 89' lang='lat' dir='ltr'>quas</span> <span class='ocrx_word' id='word_1_45' title='bbox 503 716 742 803; x_wconf 78' lang='lat' dir='ltr'>mittis,</span> <span class='ocrx_word' id='word_1_46' title='bbox 808 717 1344 802; x_wconf 78' lang='lat' dir='ltr'>benevolentiam,</span> <span class='ocrx_word' id='word_1_47' title='bbox 1406 717 1838 804; x_wconf 89' lang='lat' dir='ltr'>diligentiam,</span> <span class='ocrx_word' id='word_1_48' title='bbox 1901 719 2307 802; x_wconf 84' lang='lat' dir='ltr'>prudentiam</span> 
     </span>
     <span class='ocr_line' id='line_1_7' title="bbox 291 804 2631 889; baseline 0.003 -21"><span class='ocrx_word' id='word_1_49' title='bbox 291 805 557 869; x_wconf 84' lang='lat' dir='ltr'>mirifice</span> <span class='ocrx_word' id='word_1_50' title='bbox 603 804 819 889; x_wconf 85' lang='lat' dir='ltr'>diligo.</span> <span class='ocrx_word' id='word_1_51' title='bbox 897 805 996 869; x_wconf 88' lang='lat' dir='ltr'>Tu</span> <span class='ocrx_word' id='word_1_52' title='bbox 1041 808 1275 889; x_wconf 89' lang='lat' dir='ltr'>tamen,</span> <span class='ocrx_word' id='word_1_53' title='bbox 1324 806 1379 869; x_wconf 92' lang='lat' dir='ltr'>si</span> <span class='ocrx_word' id='word_1_54' title='bbox 1428 807 1581 889; x_wconf 91' lang='lat' dir='ltr'>quid</span> <span class='ocrx_word' id='word_1_55' title='bbox 1626 828 1768 870; x_wconf 91' lang='lat' dir='ltr'>cum</span> <span class='ocrx_word' id='word_1_56' title='bbox 1818 804 1997 888; x_wconf 84' lang='lat' dir='ltr'>Silio,</span> <span class='ocrx_word' id='word_1_57' title='bbox 2043 808 2144 872; x_wconf 87' lang='lat' dir='ltr'>vel</span> <span class='ocrx_word' id='word_1_58' title='bbox 2189 808 2304 872; x_wconf 89' lang='lat' dir='ltr'>illo</span> <span class='ocrx_word' id='word_1_59' title='bbox 2325 824 2357 873; x_wconf 82' lang='grc'>3</span> <span class='ocrx_word' id='word_1_60' title='bbox 2377 823 2631 876; x_wconf 69' lang='lat' dir='ltr'>(xxxvl)</span> 
     </span>
     <span class='ocr_line' id='line_1_8' title="bbox 291 892 2308 981; baseline 0.001 -25"><span class='ocrx_word' id='word_1_61' title='bbox 291 893 429 976; x_wconf 88' lang='lat' dir='ltr'>ipso</span> <span class='ocrx_word' id='word_1_62' title='bbox 492 893 618 977; x_wconf 90' lang='lat' dir='ltr'>die,</span> <span class='ocrx_word' id='word_1_63' title='bbox 678 915 806 977; x_wconf 92' lang='lat' dir='ltr'>quo</span> <span class='ocrx_word' id='word_1_64' title='bbox 856 894 933 958; x_wconf 88' lang='lat' dir='ltr'>ad</span> <span class='ocrx_word' id='word_1_65' title='bbox 981 892 1225 958; x_wconf 81' lang='lat' dir='ltr'>Siccam</span> <span class='ocrx_word' id='word_1_66' title='bbox 1273 897 1581 958; x_wconf 86' lang='lat' dir='ltr'>venturus</span> <span class='ocrx_word' id='word_1_67' title='bbox 1629 917 1765 981; x_wconf 92' lang='lat' dir='ltr'>ero,</span> <span class='ocrx_word' id='word_1_68' title='bbox 1824 896 2160 959; x_wconf 84' lang='lat' dir='ltr'>certiorem</span> <span class='ocrx_word' id='word_1_69' title='bbox 2205 917 2308 959; x_wconf 92' lang='lat' dir='ltr'>me</span> 
     </span>
     <span class='ocr_line' id='line_1_9' title="bbox 290 980 2309 1065; baseline 0.001 -21"><span class='ocrx_word' id='word_1_70' title='bbox 290 981 480 1044; x_wconf 86' lang='lat' dir='ltr'>velim</span> <span class='ocrx_word' id='word_1_71' title='bbox 534 980 762 1065; x_wconf 87' lang='lat' dir='ltr'>facias,</span> <span class='ocrx_word' id='word_1_72' title='bbox 814 985 880 1045; x_wconf 91' lang='lat' dir='ltr'>et</span> <span class='ocrx_word' id='word_1_73' title='bbox 933 981 1208 1046; x_wconf 83' lang='lat' dir='ltr'>maxime</span> <span class='ocrx_word' id='word_1_74' title='bbox 1263 982 1443 1046; x_wconf 89' lang='lat' dir='ltr'>cuius</span> <span class='ocrx_word' id='word_1_75' title='bbox 1490 982 1616 1046; x_wconf 86' lang='lat' dir='ltr'>loci</span> <span class='ocrx_word' id='word_1_76' title='bbox 1663 983 2123 1048; x_wconf 87' lang='lat' dir='ltr'>detractionem</span> <span class='ocrx_word' id='word_1_77' title='bbox 2167 984 2309 1048; x_wconf 92' lang='lat' dir='ltr'>fieri</span> 
     </span>
     <span class='ocr_line' id='line_1_10' title="bbox 289 1068 2308 1157; baseline 0.001 -24"><span class='ocrx_word' id='word_1_78' title='bbox 289 1070 462 1134; x_wconf 83' lang='lat' dir='ltr'>velit</span> <span class='ocrx_word' id='word_1_79' title='bbox 554 1068 739 1145; x_wconf 84' lang='lat' dir='ltr'>Quod</span> <span class='ocrx_word' id='word_1_80' title='bbox 793 1070 960 1134; x_wconf 87' lang='lat' dir='ltr'>enim</span> <span class='ocrx_word' id='word_1_81' title='bbox 1019 1070 1247 1134; x_wconf 92' lang='lat' dir='ltr'>scribis</span> <span class='ocrx_word' id='word_1_82' title='bbox 1304 1070 1638 1154; x_wconf 81' lang='lat' dir='ltr'>‘extremi&#39;,</span> <span class='ocrx_word' id='word_1_83' title='bbox 1694 1072 1862 1157; x_wconf 82' lang='lat' dir='ltr'>vide,</span> <span class='ocrx_word' id='word_1_84' title='bbox 1916 1093 1999 1135; x_wconf 90' lang='lat' dir='ltr'>ne</span> <span class='ocrx_word' id='word_1_85' title='bbox 2055 1072 2112 1136; x_wconf 89' lang='lat' dir='ltr'>is</span> <span class='ocrx_word' id='word_1_86' title='bbox 2167 1072 2308 1155; x_wconf 90' lang='lat' dir='ltr'>ipse</span> 
     </span>
    </p>

    <p class='ocr_par' dir='ltr' id='par_1_4' title="bbox 212 1158 2305 1417">
     <span class='ocr_line' id='line_1_11' title="bbox 212 1158 2304 1244; baseline 0 -20"><span class='ocrx_word' id='word_1_87' title='bbox 212 1185 262 1224; x_wconf 81' lang='grc' dir='ltr'>ω</span> <span class='ocrx_word' id='word_1_88' title='bbox 288 1158 467 1222; x_wconf 91' lang='lat' dir='ltr'>locus</span> <span class='ocrx_word' id='word_1_89' title='bbox 516 1159 619 1244; x_wconf 92' lang='lat' dir='ltr'>sit,</span> <span class='ocrx_word' id='word_1_90' title='bbox 663 1158 843 1222; x_wconf 90' lang='lat' dir='ltr'>cuius</span> <span class='ocrx_word' id='word_1_91' title='bbox 890 1180 1082 1222; x_wconf 88' lang='lat' dir='ltr'>causa</span> <span class='ocrx_word' id='word_1_92' title='bbox 1127 1160 1204 1223; x_wconf 89' lang='lat' dir='ltr'>de</span> <span class='ocrx_word' id='word_1_93' title='bbox 1250 1163 1392 1222; x_wconf 89' lang='lat' dir='ltr'>tota</span> <span class='ocrx_word' id='word_1_94' title='bbox 1436 1181 1524 1243; x_wconf 90' lang='lat' dir='ltr'>re,</span> <span class='ocrx_word' id='word_1_95' title='bbox 1578 1164 1651 1222; x_wconf 91' lang='lat' dir='ltr'>ut</span> <span class='ocrx_word' id='word_1_96' title='bbox 1698 1160 1841 1244; x_wconf 89' lang='lat' dir='ltr'>scis,</span> <span class='ocrx_word' id='word_1_97' title='bbox 1888 1163 1987 1223; x_wconf 89' lang='lat' dir='ltr'>est</span> <span class='ocrx_word' id='word_1_98' title='bbox 2033 1182 2071 1223; x_wconf 90' lang='lat' dir='ltr'>a</span> <span class='ocrx_word' id='word_1_99' title='bbox 2114 1160 2304 1224; x_wconf 90' lang='lat' dir='ltr'>nobis</span> 
     </span>
     <span class='ocr_line' id='line_1_12' title="bbox 288 1245 2305 1331; baseline 0.001 -21"><span class='ocrx_word' id='word_1_100' title='bbox 288 1247 657 1331; x_wconf 87' lang='lat' dir='ltr'>cogitatum.</span> <span class='ocrx_word' id='word_1_101' title='bbox 751 1245 927 1310; x_wconf 85' lang='lat' dir='ltr'>Hirti</span> <span class='ocrx_word' id='word_1_102' title='bbox 984 1247 1330 1330; x_wconf 85' lang='lat' dir='ltr'>epistulam</span> <span class='ocrx_word' id='word_1_103' title='bbox 1384 1247 1507 1311; x_wconf 91' lang='lat' dir='ltr'>tibi</span> <span class='ocrx_word' id='word_1_104' title='bbox 1567 1247 1716 1311; x_wconf 92' lang='lat' dir='ltr'>misi</span> <span class='ocrx_word' id='word_1_105' title='bbox 1764 1251 1829 1312; x_wconf 90' lang='lat' dir='ltr'>et</span> <span class='ocrx_word' id='word_1_106' title='bbox 1873 1252 2193 1312; x_wconf 89' lang='lat' dir='ltr'>recentem</span> <span class='ocrx_word' id='word_1_107' title='bbox 2240 1252 2305 1312; x_wconf 91' lang='lat' dir='ltr'>et</span> 
     </span>
     <span class='ocr_line' id='line_1_13' title="bbox 288 1334 960 1417; baseline 0 -19"><span class='ocrx_word' id='word_1_108' title='bbox 288 1334 592 1399; x_wconf 83' lang='lat' dir='ltr'>benevole</span> <span class='ocrx_word' id='word_1_109' title='bbox 638 1336 960 1417; x_wconf 86' lang='lat' dir='ltr'>scriptam.</span> 
     </span>
    </p>
   </div>
   <div class='ocr_carea' id='block_1_3' title="bbox 1163 1510 1428 1576">
    <p class='ocr_par' dir='ltr' id='par_1_5' title="bbox 1163 1510 1428 1576">
     <span class='ocr_line' id='line_1_14' title="bbox 1163 1510 1428 1576; baseline 0.008 -2"><span class='ocrx_word' id='word_1_110' title='bbox 1163 1510 1428 1576; x_wconf 90' lang='lat' dir='ltr'><strong>XXXV.</strong></span> 
     </span>
    </p>
   </div>
   <div class='ocr_carea' id='block_1_4' title="bbox 212 1630 2303 1770">
    <p class='ocr_par' dir='ltr' id='par_1_6' title="bbox 212 1630 2303 1770">
     <span class='ocr_line' id='line_1_15' title="bbox 212 1630 2303 1770; baseline 0.001 -84"><span class='ocrx_word' id='word_1_111' title='bbox 212 1713 260 1753; x_wconf 59' lang='grc' dir='ltr'><strong>ω</strong></span> <span class='ocrx_word' id='word_1_112' title='bbox 288 1631 401 1686; x_wconf 85' lang='lat' dir='ltr'>Scr.</span> <span class='ocrx_word' id='word_1_113' title='bbox 430 1632 557 1699; x_wconf 77' lang='lat' dir='ltr'>fort.</span> <span class='ocrx_word' id='word_1_114' title='bbox 586 1632 649 1684; x_wconf 78' lang='lat' dir='ltr'>in</span> <span class='ocrx_word' id='word_1_115' title='bbox 684 1632 998 1685; x_wconf 74' lang='lat' dir='ltr'>suburbano</span> <span class='ocrx_word' id='word_1_116' title='bbox 1035 1630 1499 1770; x_wconf 49' lang='lat' dir='ltr'>Sioeassoffgeff’</span> <span class='ocrx_word' id='word_1_117' title='bbox 1540 1639 1640 1686; x_wconf 80' lang='lat' dir='ltr'>aut</span> <span class='ocrx_word' id='word_1_118' title='bbox 1674 1650 1833 1686; x_wconf 72' lang='lat' dir='ltr'>mane</span> <span class='ocrx_word' id='word_1_119' title='bbox 1870 1633 1960 1686; x_wconf 89' lang='lat' dir='ltr'>VI</span> <span class='ocrx_word' id='word_1_120' title='bbox 1980 1633 2128 1687; x_wconf 79' lang='lat' dir='ltr'>Non.</span> <span class='ocrx_word' id='word_1_121' title='bbox 2159 1633 2303 1688; x_wconf 76' lang='lat' dir='ltr'>Mai.</span> 
     </span>
     <span class='ocr_line' id='line_1_16' title="bbox 1110 1719 1478 1756; baseline 0.003 -1"><span class='ocrx_word' id='word_1_122' title='bbox 1110 1719 1160 1756; x_wconf 84' lang='lat' dir='ltr'>a.</span> <span class='ocrx_word' id='word_1_123' title='bbox 1466 1744 1478 1756; x_wconf 88' lang='lat'><strong>.</strong></span> 
     </span>
    </p>
   </div>
   <div class='ocr_carea' id='block_1_5' title="bbox 893 1824 1711 1880">
    <p class='ocr_par' dir='ltr' id='par_1_7' title="bbox 893 1824 1711 1880">
     <span class='ocr_line' id='line_1_17' title="bbox 893 1824 1711 1880; baseline 0 -1"><span class='ocrx_word' id='word_1_124' title='bbox 893 1824 1184 1879; x_wconf 80' lang='lat' dir='ltr'><strong><em>CICERO</em></strong></span> <span class='ocrx_word' id='word_1_125' title='bbox 1218 1825 1510 1880; x_wconf 84' lang='lat' dir='ltr'><strong><em>ATTICO</em></strong></span> <span class='ocrx_word' id='word_1_126' title='bbox 1546 1824 1711 1880; x_wconf 78' lang='lat' dir='ltr'><strong><em>SAL.</em></strong></span> 
     </span>
    </p>
   </div>
   <div class='ocr_carea' id='block_1_6' title="bbox 207 1932 2391 2990">
    <p class='ocr_par' dir='ltr' id='par_1_8' title="bbox 289 1932 2391 2198">
     <span class='ocr_line' id='line_1_18' title="bbox 424 1932 2391 2019; baseline 0.004 -22"><span class='ocrx_word' id='word_1_127' title='bbox 424 1933 786 2018; x_wconf 84' lang='lat' dir='ltr'>Antequam</span> <span class='ocrx_word' id='word_1_128' title='bbox 842 1954 879 1996; x_wconf 87' lang='lat' dir='ltr'>a</span> <span class='ocrx_word' id='word_1_129' title='bbox 933 1937 998 1997; x_wconf 95' lang='lat' dir='ltr'>te</span> <span class='ocrx_word' id='word_1_130' title='bbox 1052 1932 1342 2018; x_wconf 85' lang='lat' dir='ltr'>proxime</span> <span class='ocrx_word' id='word_1_131' title='bbox 1397 1933 1686 2019; x_wconf 89' lang='lat' dir='ltr'>discessi,</span> <span class='ocrx_word' id='word_1_132' title='bbox 1745 1956 2097 2019; x_wconf 89' lang='lat' dir='ltr'>numquam</span> <span class='ocrx_word' id='word_1_133' title='bbox 2143 1935 2303 2000; x_wconf 90' lang='lat' dir='ltr'>mihi</span> <span class='ocrx_word' id='word_1_134' title='bbox 2332 1952 2391 2005; x_wconf 74' lang='lat'>‹2›</span> 
     </span>
     <span class='ocr_line' id='line_1_19' title="bbox 290 2022 2302 2107; baseline 0 -20"><span class='ocrx_word' id='word_1_135' title='bbox 290 2023 464 2087; x_wconf 84' lang='lat' dir='ltr'>venit</span> <span class='ocrx_word' id='word_1_136' title='bbox 517 2022 587 2086; x_wconf 90' lang='lat' dir='ltr'>in</span> <span class='ocrx_word' id='word_1_137' title='bbox 639 2026 947 2107; x_wconf 87' lang='lat' dir='ltr'>mentem,</span> <span class='ocrx_word' id='word_1_138' title='bbox 1007 2043 1133 2106; x_wconf 91' lang='lat' dir='ltr'>quo</span> <span class='ocrx_word' id='word_1_139' title='bbox 1190 2023 1337 2105; x_wconf 92' lang='lat' dir='ltr'>plus</span> <span class='ocrx_word' id='word_1_140' title='bbox 1393 2022 1796 2106; x_wconf 91' lang='lat' dir='ltr'>insumptum</span> <span class='ocrx_word' id='word_1_141' title='bbox 1840 2024 1912 2087; x_wconf 91' lang='lat' dir='ltr'>in</span> <span class='ocrx_word' id='word_1_142' title='bbox 1954 2024 2302 2088; x_wconf 91' lang='lat' dir='ltr'>monimen-</span> 
     </span>
     <span class='ocr_line' id='line_1_20' title="bbox 289 2110 2305 2198; baseline 0 -23"><span class='ocrx_word' id='word_1_143' title='bbox 289 2115 429 2175; x_wconf 92' lang='lat' dir='ltr'>tum</span> <span class='ocrx_word' id='word_1_144' title='bbox 494 2114 662 2175; x_wconf 90' lang='lat' dir='ltr'>esset</span> <span class='ocrx_word' id='word_1_145' title='bbox 727 2133 919 2194; x_wconf 90' lang='lat' dir='ltr'>quam</span> <span class='ocrx_word' id='word_1_146' title='bbox 979 2110 1193 2175; x_wconf 87' lang='lat' dir='ltr'>nescio</span> <span class='ocrx_word' id='word_1_147' title='bbox 1256 2111 1439 2195; x_wconf 91' lang='lat' dir='ltr'>quid,</span> <span class='ocrx_word' id='word_1_148' title='bbox 1503 2111 1673 2195; x_wconf 91' lang='lat' dir='ltr'>quod</span> <span class='ocrx_word' id='word_1_149' title='bbox 1723 2110 1866 2196; x_wconf 90' lang='lat' dir='ltr'>lege</span> <span class='ocrx_word' id='word_1_150' title='bbox 1920 2112 2305 2198; x_wconf 79' lang='lat' dir='ltr'>conceditur,</span> 
     </span>
    </p>

    <p class='ocr_par' dir='ltr' id='par_1_9' title="bbox 207 2198 2305 2990">
     <span class='ocr_line' id='line_1_21' title="bbox 210 2198 2301 2285; baseline 0 -21"><span class='ocrx_word' id='word_1_151' title='bbox 210 2225 263 2264; x_wconf 63' lang='grc' dir='ltr'>κο</span> <span class='ocrx_word' id='word_1_152' title='bbox 289 2199 668 2264; x_wconf 89' lang='lat' dir='ltr'>tantundem</span> <span class='ocrx_word' id='word_1_153' title='bbox 725 2199 966 2282; x_wconf 92' lang='lat' dir='ltr'>populo</span> <span class='ocrx_word' id='word_1_154' title='bbox 1030 2199 1307 2262; x_wconf 88' lang='lat' dir='ltr'>dandum</span> <span class='ocrx_word' id='word_1_155' title='bbox 1374 2221 1526 2263; x_wconf 91' lang='lat' dir='ltr'>esse.</span> <span class='ocrx_word' id='word_1_156' title='bbox 1629 2198 1813 2275; x_wconf 82' lang='lat' dir='ltr'>Quod</span> <span class='ocrx_word' id='word_1_157' title='bbox 1873 2221 2007 2263; x_wconf 89' lang='lat' dir='ltr'>non</span> <span class='ocrx_word' id='word_1_158' title='bbox 2068 2222 2301 2285; x_wconf 89' lang='lat' dir='ltr'>magno</span> 
     </span>
     <span class='ocr_line' id='line_1_22' title="bbox 290 2287 2303 2373; baseline 0.001 -23"><span class='ocrx_word' id='word_1_159' title='bbox 290 2309 478 2371; x_wconf 87' lang='lat' dir='ltr'>opere</span> <span class='ocrx_word' id='word_1_160' title='bbox 523 2290 838 2373; x_wconf 83' lang='lat' dir='ltr'>moveret,</span> <span class='ocrx_word' id='word_1_161' title='bbox 888 2287 1017 2351; x_wconf 87' lang='lat' dir='ltr'>nisi</span> <span class='ocrx_word' id='word_1_162' title='bbox 1070 2287 1285 2351; x_wconf 91' lang='lat' dir='ltr'>nescio</span> <span class='ocrx_word' id='word_1_163' title='bbox 1335 2287 1674 2373; x_wconf 92' lang='lat' dir='ltr'>quomodo,</span> <span class='ocrx_word' id='word_1_164' title='bbox 1729 2287 1984 2370; x_wconf 83' lang='grc' dir='ltr'><em>ἀλόγως</em></span> <span class='ocrx_word' id='word_1_165' title='bbox 2029 2288 2303 2352; x_wconf 87' lang='lat' dir='ltr'>fortasse</span> 
     </span>
     <span class='ocr_line' id='line_1_23' title="bbox 287 2375 2304 2459; baseline 0.001 -20"><span class='ocrx_word' id='word_1_166' title='bbox 287 2376 525 2440; x_wconf 88' lang='lat' dir='ltr'>noHem</span> <span class='ocrx_word' id='word_1_167' title='bbox 588 2375 747 2439; x_wconf 92' lang='lat' dir='ltr'>illud</span> <span class='ocrx_word' id='word_1_168' title='bbox 812 2375 945 2438; x_wconf 91' lang='lat' dir='ltr'>ullo</span> <span class='ocrx_word' id='word_1_169' title='bbox 1009 2376 1269 2439; x_wconf 90' lang='lat' dir='ltr'>nomine</span> <span class='ocrx_word' id='word_1_170' title='bbox 1328 2376 1456 2438; x_wconf 92' lang='lat' dir='ltr'>nisi</span> <span class='ocrx_word' id='word_1_171' title='bbox 1511 2376 1644 2440; x_wconf 85' lang='lat' dir='ltr'>fani</span> <span class='ocrx_word' id='word_1_172' title='bbox 1700 2376 2024 2459; x_wconf 88' lang='lat' dir='ltr'>appellari.</span> <span class='ocrx_word' id='word_1_173' title='bbox 2119 2376 2304 2453; x_wconf 81' lang='lat' dir='ltr'>Quod</span> 
     </span>
     <span class='ocr_line' id='line_1_24' title="bbox 290 2463 2303 2548; baseline 0.001 -20"><span class='ocrx_word' id='word_1_174' title='bbox 290 2465 345 2528; x_wconf 94' lang='lat' dir='ltr'>si</span> <span class='ocrx_word' id='word_1_175' title='bbox 392 2465 706 2548; x_wconf 78' lang='lat' dir='ltr'>volumuS,</span> <span class='ocrx_word' id='word_1_176' title='bbox 749 2485 990 2548; x_wconf 82' lang='lat' dir='ltr'>vereor,</span> <span class='ocrx_word' id='word_1_177' title='bbox 1034 2484 1116 2527; x_wconf 91' lang='lat' dir='ltr'>ne</span> <span class='ocrx_word' id='word_1_178' title='bbox 1161 2463 1424 2547; x_wconf 88' lang='lat' dir='ltr'>adsequi</span> <span class='ocrx_word' id='word_1_179' title='bbox 1468 2484 1602 2528; x_wconf 87' lang='lat' dir='ltr'>non</span> <span class='ocrx_word' id='word_1_180' title='bbox 1646 2464 1969 2547; x_wconf 89' lang='lat' dir='ltr'>possimus</span> <span class='ocrx_word' id='word_1_181' title='bbox 2004 2465 2133 2528; x_wconf 87' lang='lat' dir='ltr'>nisi</span> <span class='ocrx_word' id='word_1_182' title='bbox 2170 2487 2303 2529; x_wconf 91' lang='lat' dir='ltr'>mu·</span> 
     </span>
     <span class='ocr_line' id='line_1_25' title="bbox 288 2550 2305 2638; baseline 0.001 -22"><span class='ocrx_word' id='word_1_183' title='bbox 288 2557 426 2617; x_wconf 91' lang='lat' dir='ltr'>tato</span> <span class='ocrx_word' id='word_1_184' title='bbox 486 2553 645 2616; x_wconf 92' lang='lat' dir='ltr'>loco.</span> <span class='ocrx_word' id='word_1_185' title='bbox 737 2550 879 2616; x_wconf 94' lang='lat' dir='ltr'>Hoc</span> <span class='ocrx_word' id='word_1_186' title='bbox 935 2552 1121 2635; x_wconf 90' lang='lat' dir='ltr'>quale</span> <span class='ocrx_word' id='word_1_187' title='bbox 1178 2552 1292 2638; x_wconf 91' lang='lat' dir='ltr'>sit,</span> <span class='ocrx_word' id='word_1_188' title='bbox 1358 2573 1624 2638; x_wconf 87' lang='lat' dir='ltr'>quaes0,</span> <span class='ocrx_word' id='word_1_189' title='bbox 1679 2552 2024 2617; x_wconf 90' lang='lat' dir='ltr'>considera.</span> <span class='ocrx_word' id='word_1_190' title='bbox 2114 2552 2305 2638; x_wconf 89' lang='lat' dir='ltr'>Nam,</span> 
     </span>
     <span class='ocr_line' id='line_1_26' title="bbox 207 2640 2305 2726; baseline -0 -20"><span class='ocrx_word' id='word_1_191' title='bbox 207 2666 261 2706; x_wconf 77' lang='lat'>25</span> <span class='ocrx_word' id='word_1_192' title='bbox 288 2642 412 2706; x_wconf 92' lang='lat' dir='ltr'>etsi</span> <span class='ocrx_word' id='word_1_193' title='bbox 466 2641 679 2704; x_wconf 82' lang='lat' dir='ltr'>minus</span> <span class='ocrx_word' id='word_1_194' title='bbox 735 2661 968 2724; x_wconf 87' lang='lat' dir='ltr'>urgeor</span> <span class='ocrx_word' id='word_1_195' title='bbox 1022 2661 1251 2723; x_wconf 90' lang='lat' dir='ltr'>meque</span> <span class='ocrx_word' id='word_1_196' title='bbox 1304 2640 1443 2723; x_wconf 88' lang='lat' dir='ltr'>ipse</span> <span class='ocrx_word' id='word_1_197' title='bbox 1502 2662 1702 2724; x_wconf 88' lang='lat' dir='ltr'>prope</span> <span class='ocrx_word' id='word_1_198' title='bbox 1746 2641 2008 2705; x_wconf 90' lang='lat' dir='ltr'>modum</span> <span class='ocrx_word' id='word_1_199' title='bbox 2055 2641 2305 2726; x_wconf 79' lang='lat' dir='ltr'>collegi,</span> 
     </span>
     <span class='ocr_line' id='line_1_27' title="bbox 287 2726 2304 2813; baseline 0 -20"><span class='ocrx_word' id='word_1_200' title='bbox 287 2734 501 2793; x_wconf 90' lang='lat' dir='ltr'>tamen</span> <span class='ocrx_word' id='word_1_201' title='bbox 539 2729 795 2813; x_wconf 87' lang='lat' dir='ltr'>indigeo</span> <span class='ocrx_word' id='word_1_202' title='bbox 833 2729 932 2791; x_wconf 92' lang='lat' dir='ltr'>tui</span> <span class='ocrx_word' id='word_1_203' title='bbox 968 2728 1235 2792; x_wconf 87' lang='lat' dir='ltr'>consilii.</span> <span class='ocrx_word' id='word_1_204' title='bbox 1301 2726 1530 2812; x_wconf 88' lang='lat' dir='ltr'>Itaque</span> <span class='ocrx_word' id='word_1_205' title='bbox 1566 2732 1630 2793; x_wconf 90' lang='lat' dir='ltr'>te</span> <span class='ocrx_word' id='word_1_206' title='bbox 1667 2728 2073 2793; x_wconf 85' lang='lat' dir='ltr'>vehementer</span> <span class='ocrx_word' id='word_1_207' title='bbox 2110 2730 2304 2793; x_wconf 90' lang='lat' dir='ltr'>etiam</span> 
     </span>
     <span class='ocr_line' id='line_1_28' title="bbox 290 2817 2304 2901; baseline 0 -20"><span class='ocrx_word' id='word_1_208' title='bbox 290 2822 481 2901; x_wconf 88' lang='lat' dir='ltr'>atque</span> <span class='ocrx_word' id='word_1_209' title='bbox 520 2817 712 2881; x_wconf 91' lang='lat' dir='ltr'>etiam</span> <span class='ocrx_word' id='word_1_210' title='bbox 750 2837 938 2901; x_wconf 89' lang='lat' dir='ltr'>rog0,</span> <span class='ocrx_word' id='word_1_211' title='bbox 985 2817 1189 2901; x_wconf 88' lang='lat' dir='ltr'>magis</span> <span class='ocrx_word' id='word_1_212' title='bbox 1230 2837 1424 2900; x_wconf 90' lang='lat' dir='ltr'>quam</span> <span class='ocrx_word' id='word_1_213' title='bbox 1463 2840 1499 2880; x_wconf 89' lang='lat' dir='ltr'>a</span> <span class='ocrx_word' id='word_1_214' title='bbox 1538 2839 1640 2881; x_wconf 94' lang='lat' dir='ltr'>me</span> <span class='ocrx_word' id='word_1_215' title='bbox 1675 2817 1775 2880; x_wconf 82' lang='lat' dir='ltr'>vis</span> <span class='ocrx_word' id='word_1_216' title='bbox 1813 2821 1925 2880; x_wconf 91' lang='lat' dir='ltr'>aut</span> <span class='ocrx_word' id='word_1_217' title='bbox 1961 2818 2201 2900; x_wconf 88' lang='lat' dir='ltr'>pateris</span> <span class='ocrx_word' id='word_1_218' title='bbox 2238 2822 2304 2882; x_wconf 90' lang='lat' dir='ltr'>te</span> 
     </span>
     <span class='ocr_line' id='line_1_29' title="bbox 289 2904 2303 2990; baseline 0 -21"><span class='ocrx_word' id='word_1_219' title='bbox 289 2904 524 2990; x_wconf 86' lang='lat' dir='ltr'>rogari,</span> <span class='ocrx_word' id='word_1_220' title='bbox 569 2908 642 2968; x_wconf 92' lang='lat' dir='ltr'>ut</span> <span class='ocrx_word' id='word_1_221' title='bbox 687 2904 852 2969; x_wconf 88' lang='lat' dir='ltr'>hanc</span> <span class='ocrx_word' id='word_1_222' title='bbox 897 2905 1359 2989; x_wconf 86' lang='lat' dir='ltr'>cogitationem</span> <span class='ocrx_word' id='word_1_223' title='bbox 1405 2909 1547 2970; x_wconf 93' lang='lat' dir='ltr'>toto</span> <span class='ocrx_word' id='word_1_224' title='bbox 1595 2910 1854 2989; x_wconf 88' lang='lat' dir='ltr'>pectore</span> <span class='ocrx_word' id='word_1_225' title='bbox 1901 2906 2303 2989; x_wconf 87' lang='lat' dir='ltr'>amplectare.</span> 
     </span>
    </p>
   </div>
   <div class='ocr_carea' id='block_1_7' title="bbox 205 3097 1913 3289">
    <p class='ocr_par' dir='ltr' id='par_1_10' title="bbox 205 3097 1913 3289">
     <span class='ocr_line' id='line_1_30' title="bbox 1148 3097 1444 3164; baseline 0.01 -3"><span class='ocrx_word' id='word_1_226' title='bbox 1148 3097 1444 3164; x_wconf 84' lang='lat' dir='ltr'><strong>XXXVI.</strong></span> 
     </span>
     <span class='ocr_line' id='line_1_31' title="bbox 205 3193 1913 3289; baseline 0.002 -19"><span class='ocrx_word' id='word_1_227' title='bbox 205 3232 260 3271; x_wconf 73' lang='lat' dir='ltr'>so</span> <span class='ocrx_word' id='word_1_228' title='bbox 678 3218 790 3274; x_wconf 80' lang='lat' dir='ltr'>Ser.</span> <span class='ocrx_word' id='word_1_229' title='bbox 820 3219 1060 3273; x_wconf 81' lang='lat' dir='ltr'>Asturae</span> <span class='ocrx_word' id='word_1_230' title='bbox 1106 3219 1160 3273; x_wconf 84' lang='lat' dir='ltr'><strong><em>V</em></strong></span> <span class='ocrx_word' id='word_1_231' title='bbox 1187 3219 1338 3273; x_wconf 78' lang='lat' dir='ltr'>Non.</span> <span class='ocrx_word' id='word_1_232' title='bbox 1371 3220 1512 3274; x_wconf 79' lang='lat' dir='ltr'>Mai.</span> <span class='ocrx_word' id='word_1_233' title='bbox 1544 3237 1595 3275; x_wconf 89' lang='lat' dir='ltr'>a.</span> <span class='ocrx_word' id='word_1_234' title='bbox 1628 3223 1737 3274; x_wconf 84' lang='lat'>709</span> <span class='ocrx_word' id='word_1_235' title='bbox 1775 3193 1913 3289; x_wconf 59' lang='lat'><em>(215).</em></span> 
     </span>
    </p>
   </div>
   <div class='ocr_carea' id='block_1_8' title="bbox 893 3341 1710 3398">
    <p class='ocr_par' dir='ltr' id='par_1_11' title="bbox 893 3341 1710 3398">
     <span class='ocr_line' id='line_1_32' title="bbox 893 3341 1710 3398; baseline -0.001 -2"><span class='ocrx_word' id='word_1_236' title='bbox 893 3341 1183 3397; x_wconf 87' lang='lat' dir='ltr'><strong><em>CICERO</em></strong></span> <span class='ocrx_word' id='word_1_237' title='bbox 1219 3342 1510 3398; x_wconf 85' lang='lat' dir='ltr'><strong><em>ATTICO</em></strong></span> <span class='ocrx_word' id='word_1_238' title='bbox 1545 3342 1710 3398; x_wconf 78' lang='lat' dir='ltr'><strong><em>SAL.</em></strong></span> 
     </span>
    </p>
   </div>
   <div class='ocr_carea' id='block_1_9' title="bbox 291 3449 2632 3629">
    <p class='ocr_par' dir='ltr' id='par_1_12' title="bbox 291 3449 2632 3629">
     <span class='ocr_line' id='line_1_33' title="bbox 421 3449 2370 3535; baseline -0.001 -20"><span class='ocrx_word' id='word_1_239' title='bbox 421 3450 666 3515; x_wconf 85' lang='lat' dir='ltr'>Fanum</span> <span class='ocrx_word' id='word_1_240' title='bbox 729 3451 870 3515; x_wconf 92' lang='lat' dir='ltr'>fieri</span> <span class='ocrx_word' id='word_1_241' title='bbox 932 3451 1109 3535; x_wconf 83' lang='lat' dir='ltr'>volo,</span> <span class='ocrx_word' id='word_1_242' title='bbox 1175 3471 1384 3534; x_wconf 91' lang='lat' dir='ltr'>neque</span> <span class='ocrx_word' id='word_1_243' title='bbox 1444 3449 1568 3516; x_wconf 91' lang='lat' dir='ltr'>hoc</span> <span class='ocrx_word' id='word_1_244' title='bbox 1629 3450 1789 3514; x_wconf 89' lang='lat' dir='ltr'>mihi</span> <span class='ocrx_word' id='word_1_245' title='bbox 1845 3451 2005 3533; x_wconf 90' lang='lat' dir='ltr'>eripi</span> <span class='ocrx_word' id='word_1_246' title='bbox 2069 3454 2302 3533; x_wconf 90' lang='lat' dir='ltr'>potest.</span> <span class='ocrx_word' id='word_1_247' title='bbox 2342 3467 2370 3514; x_wconf 90' lang='lat'><strong>1</strong></span> 
     </span>
     <span class='ocr_line' id='line_1_34' title="bbox 291 3484 2632 3629; baseline -0.001 -25"><span class='ocrx_word' id='word_1_248' title='bbox 291 3539 577 3629; x_wconf 83' lang='lat' dir='ltr'>Sepulcri</span> <span class='ocrx_word' id='word_1_249' title='bbox 637 3539 1127 3604; x_wconf 90' lang='lat' dir='ltr'>similitudinem</span> <span class='ocrx_word' id='word_1_250' title='bbox 1173 3538 1452 3623; x_wconf 86' lang='lat' dir='ltr'>effugere</span> <span class='ocrx_word' id='word_1_251' title='bbox 1493 3560 1627 3603; x_wconf 88' lang='lat' dir='ltr'>non</span> <span class='ocrx_word' id='word_1_252' title='bbox 1670 3543 1806 3602; x_wconf 88' lang='lat' dir='ltr'>tam</span> <span class='ocrx_word' id='word_1_253' title='bbox 1851 3542 2113 3621; x_wconf 90' lang='lat' dir='ltr'>propter</span> <span class='ocrx_word' id='word_1_254' title='bbox 2158 3559 2306 3621; x_wconf 92' lang='lat' dir='ltr'>poe-</span> <span class='ocrx_word' id='word_1_255' title='bbox 2388 3608 2392 3613; x_wconf 55' lang='grc'>,</span> <span class='ocrx_word' id='word_1_256' title='bbox 2629 3484 2632 3610; x_wconf 51' lang='lat' dir='ltr'>l</span> 
     </span>
    </p>
   </div>
  </div>
 </body>
</html>
