<?xml version="1.0" encoding="UTF-8"?>
<!DOCTYPE html PUBLIC "-//W3C//DTD XHTML 1.0 Transitional//EN"
    "http://www.w3.org/TR/xhtml1/DTD/xhtml1-transitional.dtd">
<html xmlns="http://www.w3.org/1999/xhtml" xml:lang="en" lang="en">
 <head>
  <title>
</title>
<meta http-equiv="Content-Type" content="text/html;charset=utf-8" />
  <meta name='ocr-system' content='tesseract 3.04.00' />
  <meta name='ocr-capabilities' content='ocr_page ocr_carea ocr_par ocr_line ocrx_word'/>
</head>
<body>
  <div class='ocr_page' id='page_1' title='image "./scriptaquaemans00friegoog_0524.png"; bbox 0 0 2642 3923; ppageno 0'>
   <div class='ocr_carea' id='block_1_1' title="bbox 329 167 1715 236">
    <p class='ocr_par' dir='ltr' id='par_1_1' title="bbox 329 167 1715 236">
     <span class='ocr_line' id='line_1_1' title="bbox 329 167 1715 236; baseline -0.012 1"><span class='ocrx_word' id='word_1_1' title='bbox 329 171 461 236; x_wconf 82' lang='lat'>360</span> <span class='ocrx_word' id='word_1_2' title='bbox 971 170 1046 223; x_wconf 87' lang='lat' dir='ltr'>M.</span> <span class='ocrx_word' id='word_1_3' title='bbox 1085 169 1301 224; x_wconf 87' lang='lat' dir='ltr'><strong><em>TULLI</em></strong></span> <span class='ocrx_word' id='word_1_4' title='bbox 1338 167 1715 224; x_wconf 81' lang='lat' dir='ltr'>CICERONIS</span> 
     </span>
    </p>
   </div>
   <div class='ocr_carea' id='block_1_2' title="bbox 328 311 2437 752">
    <p class='ocr_par' dir='ltr' id='par_1_2' title="bbox 328 311 2437 752">
     <span class='ocr_line' id='line_1_2' title="bbox 328 311 2351 397; baseline -0.003 -18"><span class='ocrx_word' id='word_1_5' title='bbox 328 315 462 380; x_wconf 88' lang='lat' dir='ltr'>turi</span> <span class='ocrx_word' id='word_1_6' title='bbox 509 315 774 379; x_wconf 80' lang='lat' dir='ltr'>sumus?</span> <span class='ocrx_word' id='word_1_7' title='bbox 847 314 947 377; x_wconf 85' lang='lat' dir='ltr'>Ea</span> <span class='ocrx_word' id='word_1_8' title='bbox 991 313 1320 378; x_wconf 83' lang='lat' dir='ltr'>videamus</span> <span class='ocrx_word' id='word_1_9' title='bbox 1330 363 1349 397; x_wconf 91' lang='lat'>,</span> <span class='ocrx_word' id='word_1_10' title='bbox 1404 333 1566 396; x_wconf 88' lang='lat' dir='ltr'>quae</span> <span class='ocrx_word' id='word_1_11' title='bbox 1611 312 1691 376; x_wconf 91' lang='lat' dir='ltr'>ad</span> <span class='ocrx_word' id='word_1_12' title='bbox 1734 333 1853 376; x_wconf 92' lang='lat' dir='ltr'>nos</span> <span class='ocrx_word' id='word_1_13' title='bbox 1897 311 2107 396; x_wconf 90' lang='lat' dir='ltr'>magis</span> <span class='ocrx_word' id='word_1_14' title='bbox 2152 311 2351 395; x_wconf 88' lang='lat' dir='ltr'>perti</span> 
     </span>
     <span class='ocr_line' id='line_1_3' title="bbox 328 397 2350 486; baseline -0.003 -19"><span class='ocrx_word' id='word_1_15' title='bbox 328 407 485 467; x_wconf 90' lang='lat' dir='ltr'>nent</span> <span class='ocrx_word' id='word_1_16' title='bbox 536 424 655 468; x_wconf 86' lang='lat' dir='ltr'>nec</span> <span class='ocrx_word' id='word_1_17' title='bbox 708 407 925 467; x_wconf 89' lang='lat' dir='ltr'>tamen</span> <span class='ocrx_word' id='word_1_18' title='bbox 968 401 1205 485; x_wconf 86' lang='lat' dir='ltr'>multo,</span> <span class='ocrx_word' id='word_1_19' title='bbox 1269 400 1425 485; x_wconf 91' lang='lat' dir='ltr'>quid</span> <span class='ocrx_word' id='word_1_20' title='bbox 1468 420 1734 486; x_wconf 79' lang='lat' dir='ltr'><strong>agamus</strong></span> <span class='ocrx_word' id='word_1_21' title='bbox 1782 399 1856 464; x_wconf 90' lang='lat' dir='ltr'>de</span> <span class='ocrx_word' id='word_1_22' title='bbox 1903 403 2147 464; x_wconf 68' lang='lat' dir='ltr'>senatu</span> <span class='ocrx_word' id='word_1_23' title='bbox 2237 397 2350 482; x_wconf 85' lang='lat' dir='ltr'>Et,</span> 
     </span>
     <span class='ocr_line' id='line_1_4' title="bbox 330 486 2348 575; baseline -0.002 -19"><span class='ocrx_word' id='word_1_24' title='bbox 330 495 406 557; x_wconf 91' lang='lat' dir='ltr'>ut</span> <span class='ocrx_word' id='word_1_25' title='bbox 458 512 541 555; x_wconf 88' lang='lat' dir='ltr'>ne</span> <span class='ocrx_word' id='word_1_26' title='bbox 595 490 749 575; x_wconf 90' lang='lat' dir='ltr'>quid</span> <span class='ocrx_word' id='word_1_27' title='bbox 806 490 1343 575; x_wconf 88' lang='lat' dir='ltr'>praetermittam,</span> <span class='ocrx_word' id='word_1_28' title='bbox 1408 487 1758 553; x_wconf 78' lang='lat' dir='ltr'>Caesonius</span> <span class='ocrx_word' id='word_1_29' title='bbox 1814 488 1892 552; x_wconf 90' lang='lat' dir='ltr'>ad</span> <span class='ocrx_word' id='word_1_30' title='bbox 1946 509 2048 552; x_wconf 91' lang='lat' dir='ltr'>me</span> <span class='ocrx_word' id='word_1_31' title='bbox 2091 486 2348 551; x_wconf 73' lang='lat' dir='ltr'><strong>litteras</strong></span> 
     </span>
     <span class='ocr_line' id='line_1_5' title="bbox 330 573 2349 661; baseline -0.003 -17"><span class='ocrx_word' id='word_1_32' title='bbox 330 579 510 644; x_wconf 89' lang='lat' dir='ltr'>misit</span> <span class='ocrx_word' id='word_1_33' title='bbox 553 578 954 644; x_wconf 76' lang='lat' dir='ltr'><strong>Postumiam</strong></span> <span class='ocrx_word' id='word_1_34' title='bbox 1010 577 1253 661; x_wconf 80' lang='lat' dir='ltr'>Sulpici</span> <span class='ocrx_word' id='word_1_35' title='bbox 1311 577 1567 641; x_wconf 91' lang='lat' dir='ltr'>domum</span> <span class='ocrx_word' id='word_1_36' title='bbox 1624 576 1704 640; x_wconf 92' lang='lat' dir='ltr'>ad</span> <span class='ocrx_word' id='word_1_37' title='bbox 1760 597 1831 641; x_wconf 94' lang='lat' dir='ltr'>se</span> <span class='ocrx_word' id='word_1_38' title='bbox 1882 576 2151 642; x_wconf 86' lang='lat' dir='ltr'>venisse.</span> <span class='ocrx_word' id='word_1_39' title='bbox 2248 573 2349 639; x_wconf 89' lang='lat' dir='ltr'>De</span> 
     </span>
     <span class='ocr_line' id='line_1_6' title="bbox 329 663 2437 752; baseline -0.001 -20"><span class='ocrx_word' id='word_1_40' title='bbox 329 666 597 751; x_wconf 81' lang='lat' dir='ltr'>Pompei</span> <span class='ocrx_word' id='word_1_41' title='bbox 650 666 872 752; x_wconf 86' lang='lat' dir='ltr'>Magni</span> <span class='ocrx_word' id='word_1_42' title='bbox 925 666 1061 730; x_wconf 89' lang='lat' dir='ltr'>filia</span> <span class='ocrx_word' id='word_1_43' title='bbox 1115 665 1238 730; x_wconf 90' lang='lat' dir='ltr'>tibi</span> <span class='ocrx_word' id='word_1_44' title='bbox 1292 665 1593 748; x_wconf 81' lang='lat' dir='ltr'>rescripsi</span> <span class='ocrx_word' id='word_1_45' title='bbox 1644 664 1814 729; x_wconf 87' lang='lat' dir='ltr'>nihil</span> <span class='ocrx_word' id='word_1_46' title='bbox 1866 686 1969 730; x_wconf 90' lang='lat' dir='ltr'>me</span> <span class='ocrx_word' id='word_1_47' title='bbox 2019 663 2145 728; x_wconf 91' lang='lat' dir='ltr'>hoc</span> <span class='ocrx_word' id='word_1_48' title='bbox 2189 667 2349 728; x_wconf 89' lang='lat' dir='ltr'>tem·</span> <span class='ocrx_word' id='word_1_49' title='bbox 2409 690 2437 729; x_wconf 76' lang='lat' dir='ltr'>o</span> 
     </span>
    </p>
   </div>
   <div class='ocr_carea' id='block_1_3' title="bbox 330 751 2350 928">
    <p class='ocr_par' dir='ltr' id='par_1_3' title="bbox 330 751 2350 927">
     <span class='ocr_line' id='line_1_7' title="bbox 330 751 2348 842; baseline -0.001 -23"><span class='ocrx_word' id='word_1_50' title='bbox 330 776 488 840; x_wconf 89' lang='lat' dir='ltr'>pore</span> <span class='ocrx_word' id='word_1_51' title='bbox 547 757 856 842; x_wconf 82' lang='lat' dir='ltr'>cogitare3</span> <span class='ocrx_word' id='word_1_52' title='bbox 921 755 1191 819; x_wconf 88' lang='lat' dir='ltr'>alteram</span> <span class='ocrx_word' id='word_1_53' title='bbox 1245 775 1398 818; x_wconf 82' lang='lat' dir='ltr'>vero</span> <span class='ocrx_word' id='word_1_54' title='bbox 1453 753 1660 836; x_wconf 85' lang='lat' dir='ltr'>illam,</span> <span class='ocrx_word' id='word_1_55' title='bbox 1724 774 1917 837; x_wconf 90' lang='lat' dir='ltr'>quam</span> <span class='ocrx_word' id='word_1_56' title='bbox 1969 756 2045 816; x_wconf 89' lang='lat' dir='ltr'>tu</span> <span class='ocrx_word' id='word_1_57' title='bbox 2099 751 2348 835; x_wconf 86' lang='lat' dir='ltr'>scribis,</span> 
     </span>
     <span class='ocr_line' id='line_1_8' title="bbox 330 805 2350 928; baseline -0.001 -21"><span class='ocrx_word' id='word_1_58' title='bbox 330 848 509 928; x_wconf 90' lang='lat' dir='ltr'>puto,</span> <span class='ocrx_word' id='word_1_59' title='bbox 564 844 754 908; x_wconf 91' lang='lat' dir='ltr'>nosti.</span> <span class='ocrx_word' id='word_1_60' title='bbox 841 805 1032 907; x_wconf 82' lang='lat' dir='ltr'>’Nihil</span> <span class='ocrx_word' id='word_1_61' title='bbox 1076 841 1211 906; x_wconf 82' lang='lat' dir='ltr'>vidi</span> <span class='ocrx_word' id='word_1_62' title='bbox 1254 841 1520 906; x_wconf 89' lang='lat' dir='ltr'>foedius.</span> <span class='ocrx_word' id='word_1_63' title='bbox 1613 838 1738 905; x_wconf 84' lang='lat' dir='ltr'>Sed</span> <span class='ocrx_word' id='word_1_64' title='bbox 1783 841 2020 905; x_wconf 81' lang='lat' dir='ltr'><strong>adsum.</strong></span> <span class='ocrx_word' id='word_1_65' title='bbox 2113 838 2350 905; x_wconf 82' lang='lat' dir='ltr'>Coram</span> 
     </span>
    </p>
   </div>
   <div class='ocr_carea' id='block_1_4' title="bbox 330 932 2440 1190">
    <p class='ocr_par' dir='ltr' id='par_1_4' title="bbox 330 932 2440 1190">
     <span class='ocr_line' id='line_1_9' title="bbox 330 932 2347 1104; baseline -0.002 -21"><span class='ocrx_word' id='word_1_66' title='bbox 330 932 823 1104; x_wconf 54' lang='lat' dir='ltr'>igisslbrbsignata</span> <span class='ocrx_word' id='word_1_67' title='bbox 860 1019 1137 1103; x_wconf 75' lang='lat' dir='ltr'>epistula</span> <span class='ocrx_word' id='word_1_68' title='bbox 1175 1017 1387 1101; x_wconf 85' lang='lat' dir='ltr'>accepi</span> <span class='ocrx_word' id='word_1_69' title='bbox 1423 1021 1587 1082; x_wconf 88' lang='lat' dir='ltr'>tuas.</span> <span class='ocrx_word' id='word_1_70' title='bbox 1658 1016 1917 1082; x_wconf 86' lang='lat' dir='ltr'>Atticae</span> <span class='ocrx_word' id='word_1_71' title='bbox 1949 1015 2347 1081; x_wconf 88' lang='lat' dir='ltr'>hilaritatem</span> 
     </span>
     <span class='ocr_line' id='line_1_10' title="bbox 331 1105 2440 1190; baseline -0.001 -18"><span class='ocrx_word' id='word_1_72' title='bbox 331 1107 607 1173; x_wconf 77' lang='lat' dir='ltr'>libenter</span> <span class='ocrx_word' id='word_1_73' title='bbox 654 1107 859 1173; x_wconf 78' lang='lat' dir='ltr'>audio,</span> <span class='ocrx_word' id='word_1_74' title='bbox 953 1105 1528 1171; x_wconf 86' lang='lat' dir='ltr'>Commotiunculis</span> <span class='ocrx_word' id='word_1_75' title='bbox 1575 1107 1954 1190; x_wconf 77' lang='grc' dir='ltr'><em>συμπάσχω.</em></span> <span class='ocrx_word' id='word_1_76' title='bbox 2382 1130 2440 1169; x_wconf 84' lang='grc' dir='ltr'>1ο</span> 
     </span>
    </p>
   </div>
   <div class='ocr_carea' id='block_1_5' title="bbox 696 1280 1987 1470">
    <p class='ocr_par' dir='ltr' id='par_1_5' title="bbox 696 1280 1987 1470">
     <span class='ocr_line' id='line_1_11' title="bbox 1272 1280 1416 1345; baseline 0 0"><span class='ocrx_word' id='word_1_77' title='bbox 1272 1280 1416 1345; x_wconf 90' lang='grc' dir='ltr'>ΧΠ.</span> 
     </span>
     <span class='ocr_line' id='line_1_12' title="bbox 696 1401 1987 1470; baseline -0.002 -11"><span class='ocrx_word' id='word_1_78' title='bbox 696 1402 810 1459; x_wconf 73' lang='lat' dir='ltr'>Sor.</span> <span class='ocrx_word' id='word_1_79' title='bbox 841 1403 1081 1457; x_wconf 76' lang='lat' dir='ltr'>Astwrae</span> <span class='ocrx_word' id='word_1_80' title='bbox 1117 1401 1315 1456; x_wconf 86' lang='lat' dir='ltr'><strong><em>XVII</em></strong></span> <span class='ocrx_word' id='word_1_81' title='bbox 1344 1401 1418 1455; x_wconf 88' lang='lat' dir='ltr'>K.</span> <span class='ocrx_word' id='word_1_82' title='bbox 1448 1402 1587 1470; x_wconf 78' lang='lat' dir='ltr'>Apr.</span> <span class='ocrx_word' id='word_1_83' title='bbox 1617 1419 1668 1456; x_wconf 88' lang='lat' dir='ltr'>a.</span> <span class='ocrx_word' id='word_1_84' title='bbox 1701 1405 1811 1457; x_wconf 79' lang='lat'>709</span> <span class='ocrx_word' id='word_1_85' title='bbox 1849 1405 1987 1470; x_wconf 76' lang='lat'><em>(45).</em></span> 
     </span>
    </p>
   </div>
   <div class='ocr_carea' id='block_1_6' title="bbox 938 1524 1755 1581">
    <p class='ocr_par' dir='ltr' id='par_1_6' title="bbox 938 1524 1755 1581">
     <span class='ocr_line' id='line_1_13' title="bbox 938 1524 1755 1581; baseline 0 -2"><span class='ocrx_word' id='word_1_86' title='bbox 938 1524 1228 1581; x_wconf 80' lang='lat' dir='ltr'><strong><em>CICERO</em></strong></span> <span class='ocrx_word' id='word_1_87' title='bbox 1263 1525 1555 1581; x_wconf 81' lang='lat' dir='ltr'><strong><em>ATTICO</em></strong></span> <span class='ocrx_word' id='word_1_88' title='bbox 1590 1524 1755 1580; x_wconf 77' lang='lat' dir='ltr'><strong><em>SAL.</em></strong></span> 
     </span>
    </p>
   </div>
   <div class='ocr_carea' id='block_1_7' title="bbox 266 1632 2437 2867">
    <p class='ocr_par' dir='ltr' id='par_1_7' title="bbox 266 1632 2437 2161">
     <span class='ocr_line' id='line_1_14' title="bbox 266 1632 2351 1719; baseline -0.002 -16"><span class='ocrx_word' id='word_1_89' title='bbox 266 1653 296 1703; x_wconf 84' lang='lat'><strong>1</strong></span> <span class='ocrx_word' id='word_1_90' title='bbox 466 1633 564 1699; x_wconf 93' lang='lat' dir='ltr'>De</span> <span class='ocrx_word' id='word_1_91' title='bbox 623 1635 771 1699; x_wconf 88' lang='lat' dir='ltr'>dote</span> <span class='ocrx_word' id='word_1_92' title='bbox 826 1638 1010 1697; x_wconf 90' lang='lat' dir='ltr'>tanto</span> <span class='ocrx_word' id='word_1_93' title='bbox 1065 1634 1274 1719; x_wconf 91' lang='lat' dir='ltr'>magis</span> <span class='ocrx_word' id='word_1_94' title='bbox 1329 1654 1665 1718; x_wconf 88' lang='lat' dir='ltr'>perpurga.</span> <span class='ocrx_word' id='word_1_95' title='bbox 1756 1632 1946 1698; x_wconf 89' lang='lat' dir='ltr'>Balbi</span> <span class='ocrx_word' id='word_1_96' title='bbox 1981 1634 2160 1719; x_wconf 89' lang='lat' dir='ltr'>regia</span> <span class='ocrx_word' id='word_1_97' title='bbox 2205 1655 2351 1699; x_wconf 93' lang='lat' dir='ltr'>con-</span> 
     </span>
     <span class='ocr_line' id='line_1_15' title="bbox 336 1721 2437 1808; baseline 0 -20"><span class='ocrx_word' id='word_1_98' title='bbox 336 1723 501 1789; x_wconf 88' lang='lat' dir='ltr'>dicio</span> <span class='ocrx_word' id='word_1_99' title='bbox 549 1727 648 1787; x_wconf 88' lang='lat' dir='ltr'>est</span> <span class='ocrx_word' id='word_1_100' title='bbox 693 1721 1043 1808; x_wconf 88' lang='lat' dir='ltr'>delegandi.</span> <span class='ocrx_word' id='word_1_101' title='bbox 1117 1721 1389 1805; x_wconf 82' lang='lat' dir='ltr'>Quoquo</span> <span class='ocrx_word' id='word_1_102' title='bbox 1436 1722 1626 1786; x_wconf 92' lang='lat' dir='ltr'>modo</span> <span class='ocrx_word' id='word_1_103' title='bbox 1672 1722 1927 1786; x_wconf 89' lang='lat' dir='ltr'>confice.</span> <span class='ocrx_word' id='word_1_104' title='bbox 2000 1722 2215 1806; x_wconf 87' lang='lat' dir='ltr'>Turpe</span> <span class='ocrx_word' id='word_1_105' title='bbox 2251 1727 2352 1786; x_wconf 90' lang='lat' dir='ltr'>est</span> <span class='ocrx_word' id='word_1_106' title='bbox 2382 1748 2437 1788; x_wconf 74' lang='lat'>15</span> 
     </span>
     <span class='ocr_line' id='line_1_16' title="bbox 336 1807 2351 1896; baseline -0.001 -20"><span class='ocrx_word' id='word_1_107' title='bbox 336 1833 472 1877; x_wconf 92' lang='lat' dir='ltr'>rem</span> <span class='ocrx_word' id='word_1_108' title='bbox 523 1811 899 1896; x_wconf 78' lang='lat' dir='ltr'>impeditam</span> <span class='ocrx_word' id='word_1_109' title='bbox 953 1810 1172 1875; x_wconf 89' lang='lat' dir='ltr'>iacere.</span> <span class='ocrx_word' id='word_1_110' title='bbox 1261 1807 1484 1874; x_wconf 85' lang='lat' dir='ltr'>Insula</span> <span class='ocrx_word' id='word_1_111' title='bbox 1528 1809 1808 1893; x_wconf 86' lang='lat' dir='ltr'>Arpinas</span> <span class='ocrx_word' id='word_1_112' title='bbox 1852 1810 2089 1876; x_wconf 90' lang='lat' dir='ltr'>habere</span> <span class='ocrx_word' id='word_1_113' title='bbox 2135 1814 2351 1894; x_wconf 88' lang='lat' dir='ltr'>potest</span> 
     </span>
     <span class='ocr_line' id='line_1_17' title="bbox 337 1898 2352 1987; baseline -0 -22"><span class='ocrx_word' id='word_1_114' title='bbox 337 1921 708 1987; x_wconf 86' lang='lat' dir='ltr'>germanam</span> <span class='ocrx_word' id='word_1_115' title='bbox 754 1898 1163 1983; x_wconf 68' lang='grc' dir='ltr'><em>ἀποθέωσινς</em></span> <span class='ocrx_word' id='word_1_116' title='bbox 1226 1899 1336 1964; x_wconf 92' lang='lat' dir='ltr'>sed</span> <span class='ocrx_word' id='word_1_117' title='bbox 1371 1920 1615 1982; x_wconf 84' lang='lat' dir='ltr'>vereor,</span> <span class='ocrx_word' id='word_1_118' title='bbox 1667 1920 1748 1964; x_wconf 90' lang='lat' dir='ltr'>ne</span> <span class='ocrx_word' id='word_1_119' title='bbox 1793 1899 2109 1965; x_wconf 84' lang='lat' dir='ltr'>minorem</span> <span class='ocrx_word' id='word_1_120' title='bbox 2153 1901 2352 1984; x_wconf 84' lang='grc' dir='ltr'><strong><em>τιμὴν</em></strong></span> 
     </span>
     <span class='ocr_line' id='line_1_18' title="bbox 335 1987 2351 2073; baseline 0 -20"><span class='ocrx_word' id='word_1_121' title='bbox 335 1988 574 2053; x_wconf 87' lang='lat' dir='ltr'>habere</span> <span class='ocrx_word' id='word_1_122' title='bbox 644 1989 939 2053; x_wconf 83' lang='lat' dir='ltr'>videatur</span> <span class='ocrx_word' id='word_1_123' title='bbox 1012 1987 1414 2071; x_wconf 82' lang='grc' dir='ltr'><strong><em>ἐκτοπισμός.</em></strong></span> <span class='ocrx_word' id='word_1_124' title='bbox 1514 1987 1638 2051; x_wconf 84' lang='lat' dir='ltr'>Est</span> <span class='ocrx_word' id='word_1_125' title='bbox 1701 1987 1904 2073; x_wconf 90' lang='lat' dir='ltr'>igitur</span> <span class='ocrx_word' id='word_1_126' title='bbox 1967 1989 2219 2053; x_wconf 89' lang='lat' dir='ltr'>animus</span> <span class='ocrx_word' id='word_1_127' title='bbox 2281 1989 2351 2053; x_wconf 90' lang='lat' dir='ltr'>in</span> 
     </span>
     <span class='ocr_line' id='line_1_19' title="bbox 336 2076 1930 2162; baseline -0.001 -20"><span class='ocrx_word' id='word_1_128' title='bbox 336 2078 572 2161; x_wconf 83' lang='lat' dir='ltr'>hortis3</span> <span class='ocrx_word' id='word_1_129' title='bbox 619 2097 781 2161; x_wconf 90' lang='lat' dir='ltr'>quos</span> <span class='ocrx_word' id='word_1_130' title='bbox 826 2081 1045 2141; x_wconf 88' lang='lat' dir='ltr'>tamen</span> <span class='ocrx_word' id='word_1_131' title='bbox 1089 2076 1445 2162; x_wconf 78' lang='lat' dir='ltr'>inspiciam,</span> <span class='ocrx_word' id='word_1_132' title='bbox 1489 2097 1635 2139; x_wconf 88' lang='lat' dir='ltr'>cum</span> <span class='ocrx_word' id='word_1_133' title='bbox 1680 2097 1930 2141; x_wconf 85' lang='lat' dir='ltr'>venero.</span> 
     </span>
    </p>

    <p class='ocr_par' dir='ltr' id='par_1_8' title="bbox 269 2163 2437 2867">
     <span class='ocr_line' id='line_1_20' title="bbox 269 2163 2437 2249; baseline -0.001 -18"><span class='ocrx_word' id='word_1_134' title='bbox 269 2183 300 2231; x_wconf 80' lang='lat'>2</span> <span class='ocrx_word' id='word_1_135' title='bbox 471 2164 568 2229; x_wconf 90' lang='lat' dir='ltr'>De</span> <span class='ocrx_word' id='word_1_136' title='bbox 612 2164 916 2249; x_wconf 83' lang='lat' dir='ltr'>Epicure,</span> <span class='ocrx_word' id='word_1_137' title='bbox 958 2168 1036 2228; x_wconf 90' lang='lat' dir='ltr'>ut</span> <span class='ocrx_word' id='word_1_138' title='bbox 1078 2163 1279 2249; x_wconf 84' lang='lat' dir='ltr'>voles3</span> <span class='ocrx_word' id='word_1_139' title='bbox 1327 2164 1450 2227; x_wconf 89' lang='lat' dir='ltr'>etsi</span> <span class='ocrx_word' id='word_1_140' title='bbox 1494 2167 1998 2249; x_wconf 78' lang='grc' dir='ltr'><em>μεθαρμόσομαι</em></span> <span class='ocrx_word' id='word_1_141' title='bbox 2035 2165 2105 2228; x_wconf 88' lang='grc'>111</span> <span class='ocrx_word' id='word_1_142' title='bbox 2141 2167 2352 2248; x_wconf 90' lang='lat' dir='ltr'>poste-</span> <span class='ocrx_word' id='word_1_143' title='bbox 2381 2191 2437 2229; x_wconf 72' lang='lat' dir='ltr'>ao</span> 
     </span>
     <span class='ocr_line' id='line_1_21' title="bbox 337 2250 2352 2339; baseline -0.001 -21"><span class='ocrx_word' id='word_1_144' title='bbox 337 2276 482 2318; x_wconf 89' lang='lat' dir='ltr'>rum</span> <span class='ocrx_word' id='word_1_145' title='bbox 527 2274 729 2339; x_wconf 92' lang='lat' dir='ltr'>genus</span> <span class='ocrx_word' id='word_1_146' title='bbox 772 2252 897 2317; x_wconf 91' lang='lat' dir='ltr'>hoc</span> <span class='ocrx_word' id='word_1_147' title='bbox 939 2275 1377 2338; x_wconf 87' lang='lat' dir='ltr'>personarum.</span> <span class='ocrx_word' id='word_1_148' title='bbox 1448 2250 1829 2316; x_wconf 85' lang='lat' dir='ltr'>Incredibile</span> <span class='ocrx_word' id='word_1_149' title='bbox 1875 2257 1992 2337; x_wconf 88' lang='lat' dir='ltr'>est,</span> <span class='ocrx_word' id='word_1_150' title='bbox 2037 2274 2232 2337; x_wconf 89' lang='lat' dir='ltr'>quam</span> <span class='ocrx_word' id='word_1_151' title='bbox 2278 2273 2352 2316; x_wconf 91' lang='lat' dir='ltr'>ea</span> 
     </span>
     <span class='ocr_line' id='line_1_22' title="bbox 340 2341 2354 2427; baseline -0 -20"><span class='ocrx_word' id='word_1_152' title='bbox 340 2342 599 2426; x_wconf 90' lang='lat' dir='ltr'>quidam</span> <span class='ocrx_word' id='word_1_153' title='bbox 669 2342 1015 2425; x_wconf 88' lang='lat' dir='ltr'>requirant.</span> <span class='ocrx_word' id='word_1_154' title='bbox 1116 2341 1219 2405; x_wconf 89' lang='lat' dir='ltr'>Ad</span> <span class='ocrx_word' id='word_1_155' title='bbox 1284 2341 1583 2424; x_wconf 89' lang='lat' dir='ltr'>antiquos</span> <span class='ocrx_word' id='word_1_156' title='bbox 1648 2341 1877 2427; x_wconf 83' lang='lat' dir='ltr'>igitur3</span> <span class='ocrx_word' id='word_1_157' title='bbox 1948 2341 2354 2426; x_wconf 81' lang='grc' dir='ltr'><strong><em>ἀνεμέσητον</em></strong></span> 
     </span>
     <span class='ocr_line' id='line_1_23' title="bbox 337 2428 2353 2516; baseline -0 -21"><span class='ocrx_word' id='word_1_158' title='bbox 337 2431 481 2516; x_wconf 74' lang='grc' dir='ltr'><em>γάρ.</em></span> <span class='ocrx_word' id='word_1_159' title='bbox 549 2428 735 2494; x_wconf 83' lang='grc' dir='ltr'>Ν11111</span> <span class='ocrx_word' id='word_1_160' title='bbox 777 2429 1005 2516; x_wconf 87' lang='lat' dir='ltr'>habeo,</span> <span class='ocrx_word' id='word_1_161' title='bbox 1042 2430 1121 2494; x_wconf 91' lang='lat' dir='ltr'>ad</span> <span class='ocrx_word' id='word_1_162' title='bbox 1165 2432 1229 2493; x_wconf 89' lang='lat' dir='ltr'>te</span> <span class='ocrx_word' id='word_1_163' title='bbox 1266 2429 1437 2514; x_wconf 90' lang='lat' dir='ltr'>quod</span> <span class='ocrx_word' id='word_1_164' title='bbox 1476 2429 1941 2514; x_wconf 84' lang='lat' dir='ltr'>[peszcribam,</span> <span class='ocrx_word' id='word_1_165' title='bbox 1988 2429 2100 2494; x_wconf 91' lang='lat' dir='ltr'>sed</span> <span class='ocrx_word' id='word_1_166' title='bbox 2136 2434 2353 2494; x_wconf 86' lang='lat' dir='ltr'>tamen</span> 
     </span>
     <span class='ocr_line' id='line_1_24' title="bbox 336 2517 2352 2604; baseline 0 -22"><span class='ocrx_word' id='word_1_167' title='bbox 336 2519 596 2583; x_wconf 89' lang='lat' dir='ltr'>institui</span> <span class='ocrx_word' id='word_1_168' title='bbox 649 2518 883 2582; x_wconf 89' lang='lat' dir='ltr'>cotidie</span> <span class='ocrx_word' id='word_1_169' title='bbox 939 2519 1224 2604; x_wconf 89' lang='lat' dir='ltr'>mittere,</span> <span class='ocrx_word' id='word_1_170' title='bbox 1276 2522 1353 2581; x_wconf 90' lang='lat' dir='ltr'>ut</span> <span class='ocrx_word' id='word_1_171' title='bbox 1399 2517 1648 2582; x_wconf 89' lang='lat' dir='ltr'>eliciam</span> <span class='ocrx_word' id='word_1_172' title='bbox 1693 2522 1840 2583; x_wconf 90' lang='lat' dir='ltr'>tuas</span> <span class='ocrx_word' id='word_1_173' title='bbox 1886 2517 2166 2604; x_wconf 85' lang='lat' dir='ltr'>litteras,</span> <span class='ocrx_word' id='word_1_174' title='bbox 2217 2539 2352 2582; x_wconf 90' lang='lat' dir='ltr'>non</span> 
     </span>
     <span class='ocr_line' id='line_1_25' title="bbox 338 2606 2434 2691; baseline 0 -20"><span class='ocrx_word' id='word_1_175' title='bbox 338 2628 466 2691; x_wconf 86' lang='lat' dir='ltr'>quo</span> <span class='ocrx_word' id='word_1_176' title='bbox 526 2606 771 2689; x_wconf 90' lang='lat' dir='ltr'>aliquid</span> <span class='ocrx_word' id='word_1_177' title='bbox 823 2627 900 2670; x_wconf 86' lang='lat' dir='ltr'>ex</span> <span class='ocrx_word' id='word_1_178' title='bbox 954 2607 1035 2670; x_wconf 91' lang='lat' dir='ltr'>iis</span> <span class='ocrx_word' id='word_1_179' title='bbox 1092 2609 1479 2689; x_wconf 85' lang='lat' dir='ltr'>exspectem,</span> <span class='ocrx_word' id='word_1_180' title='bbox 1546 2606 1653 2670; x_wconf 89' lang='lat' dir='ltr'>sed</span> <span class='ocrx_word' id='word_1_181' title='bbox 1704 2606 1919 2671; x_wconf 87' lang='lat' dir='ltr'>nescio</span> <span class='ocrx_word' id='word_1_182' title='bbox 1976 2628 2104 2690; x_wconf 90' lang='lat' dir='ltr'>quo</span> <span class='ocrx_word' id='word_1_183' title='bbox 2159 2606 2351 2670; x_wconf 94' lang='lat' dir='ltr'>modo</span> <span class='ocrx_word' id='word_1_184' title='bbox 2379 2631 2434 2672; x_wconf 73' lang='lat'>86</span> 
     </span>
     <span class='ocr_line' id='line_1_26' title="bbox 337 2693 2353 2780; baseline -0 -21"><span class='ocrx_word' id='word_1_185' title='bbox 337 2698 554 2759; x_wconf 89' lang='lat' dir='ltr'>tamen</span> <span class='ocrx_word' id='word_1_186' title='bbox 588 2696 902 2777; x_wconf 85' lang='lat' dir='ltr'>exspecto.</span> <span class='ocrx_word' id='word_1_187' title='bbox 976 2693 1202 2778; x_wconf 83' lang='lat' dir='ltr'>Quare,</span> <span class='ocrx_word' id='word_1_188' title='bbox 1239 2693 1372 2758; x_wconf 88' lang='lat' dir='ltr'>sive</span> <span class='ocrx_word' id='word_1_189' title='bbox 1405 2693 1605 2758; x_wconf 88' lang='lat' dir='ltr'>habes</span> <span class='ocrx_word' id='word_1_190' title='bbox 1644 2695 1798 2779; x_wconf 92' lang='lat' dir='ltr'>quid</span> <span class='ocrx_word' id='word_1_191' title='bbox 1836 2695 1969 2759; x_wconf 86' lang='lat' dir='ltr'>sive</span> <span class='ocrx_word' id='word_1_192' title='bbox 2003 2695 2099 2758; x_wconf 91' lang='lat' dir='ltr'>nil</span> <span class='ocrx_word' id='word_1_193' title='bbox 2134 2694 2353 2780; x_wconf 86' lang='lat' dir='ltr'>habes,</span> 
     </span>
     <span class='ocr_line' id='line_1_27' title="bbox 339 2782 1541 2867; baseline -0.002 -20"><span class='ocrx_word' id='word_1_194' title='bbox 339 2782 545 2847; x_wconf 89' lang='lat' dir='ltr'>scribe</span> <span class='ocrx_word' id='word_1_195' title='bbox 589 2786 808 2847; x_wconf 88' lang='lat' dir='ltr'>tamen</span> <span class='ocrx_word' id='word_1_196' title='bbox 852 2782 1095 2867; x_wconf 87' lang='lat' dir='ltr'>aliquid</span> <span class='ocrx_word' id='word_1_197' title='bbox 1139 2786 1331 2866; x_wconf 89' lang='lat' dir='ltr'>teque</span> <span class='ocrx_word' id='word_1_198' title='bbox 1376 2803 1541 2846; x_wconf 90' lang='lat' dir='ltr'>cura.</span> 
     </span>
    </p>
   </div>
   <div class='ocr_carea' id='block_1_8' title="bbox 762 2956 1932 3147">
    <p class='ocr_par' dir='ltr' id='par_1_9' title="bbox 762 2956 1932 3147">
     <span class='ocr_line' id='line_1_28' title="bbox 1256 2956 1429 3022; baseline 0 0"><span class='ocrx_word' id='word_1_199' title='bbox 1256 2956 1429 3022; x_wconf 89' lang='lat' dir='ltr'>XIII.</span> 
     </span>
     <span class='ocr_line' id='line_1_29' title="bbox 762 3077 1932 3147; baseline -0.002 -13"><span class='ocrx_word' id='word_1_200' title='bbox 762 3077 875 3134; x_wconf 78' lang='lat' dir='ltr'>Ser.</span> <span class='ocrx_word' id='word_1_201' title='bbox 903 3079 1143 3133; x_wconf 79' lang='lat' dir='ltr'>Astwrae</span> <span class='ocrx_word' id='word_1_202' title='bbox 1178 3079 1329 3134; x_wconf 79' lang='lat' dir='ltr'>Non.</span> <span class='ocrx_word' id='word_1_203' title='bbox 1361 3079 1534 3133; x_wconf 82' lang='lat' dir='ltr'>Mart.</span> <span class='ocrx_word' id='word_1_204' title='bbox 1564 3095 1615 3133; x_wconf 85' lang='lat' dir='ltr'>a.</span> <span class='ocrx_word' id='word_1_205' title='bbox 1647 3082 1757 3135; x_wconf 81' lang='lat'>709</span> <span class='ocrx_word' id='word_1_206' title='bbox 1795 3081 1932 3147; x_wconf 75' lang='lat'><em>(45).</em></span> 
     </span>
    </p>
   </div>
   <div class='ocr_carea' id='block_1_9' title="bbox 940 3200 2436 3257">
    <p class='ocr_par' dir='ltr' id='par_1_10' title="bbox 940 3200 2436 3257">
     <span class='ocr_line' id='line_1_30' title="bbox 940 3200 2436 3257; baseline -0.001 -1"><span class='ocrx_word' id='word_1_207' title='bbox 940 3200 1229 3256; x_wconf 85' lang='lat' dir='ltr'><strong><em>CICERO</em></strong></span> <span class='ocrx_word' id='word_1_208' title='bbox 1263 3200 1554 3257; x_wconf 82' lang='lat' dir='ltr'><strong><em>ATTICO</em></strong></span> <span class='ocrx_word' id='word_1_209' title='bbox 1590 3201 1754 3257; x_wconf 79' lang='lat' dir='ltr'><strong><em>SAL.</em></strong></span> <span class='ocrx_word' id='word_1_210' title='bbox 2379 3214 2436 3255; x_wconf 71' lang='lat' dir='ltr'>zo</span> 
     </span>
    </p>
   </div>
   <div class='ocr_carea' id='block_1_10' title="bbox 271 3308 2352 3553">
    <p class='ocr_par' dir='ltr' id='par_1_11' title="bbox 271 3308 2352 3553">
     <span class='ocr_line' id='line_1_31' title="bbox 271 3308 2352 3394; baseline -0 -18"><span class='ocrx_word' id='word_1_211' title='bbox 271 3329 297 3376; x_wconf 86' lang='lat'>1</span> <span class='ocrx_word' id='word_1_212' title='bbox 472 3308 849 3375; x_wconf 86' lang='lat' dir='ltr'>Commovet</span> <span class='ocrx_word' id='word_1_213' title='bbox 928 3329 1030 3373; x_wconf 91' lang='lat' dir='ltr'>me</span> <span class='ocrx_word' id='word_1_214' title='bbox 1111 3308 1358 3394; x_wconf 83' lang='lat' dir='ltr'>Attica3</span> <span class='ocrx_word' id='word_1_215' title='bbox 1459 3310 1577 3373; x_wconf 89' lang='lat' dir='ltr'>etsi</span> <span class='ocrx_word' id='word_1_216' title='bbox 1661 3309 1986 3374; x_wconf 89' lang='lat' dir='ltr'>adsentior</span> <span class='ocrx_word' id='word_1_217' title='bbox 2066 3308 2352 3376; x_wconf 84' lang='lat' dir='ltr'>Cratero.</span> 
     </span>
     <span class='ocr_line' id='line_1_32' title="bbox 337 3396 2351 3482; baseline 0.001 -21"><span class='ocrx_word' id='word_1_218' title='bbox 337 3398 525 3462; x_wconf 88' lang='lat' dir='ltr'>Bruti</span> <span class='ocrx_word' id='word_1_219' title='bbox 585 3397 839 3461; x_wconf 89' lang='lat' dir='ltr'>litterae</span> <span class='ocrx_word' id='word_1_220' title='bbox 895 3396 1170 3480; x_wconf 89' lang='lat' dir='ltr'>scriptae</span> <span class='ocrx_word' id='word_1_221' title='bbox 1224 3403 1288 3462; x_wconf 93' lang='lat' dir='ltr'>et</span> <span class='ocrx_word' id='word_1_222' title='bbox 1344 3397 1691 3482; x_wconf 90' lang='lat' dir='ltr'>prudenter</span> <span class='ocrx_word' id='word_1_223' title='bbox 1745 3401 1810 3462; x_wconf 89' lang='lat' dir='ltr'>et</span> <span class='ocrx_word' id='word_1_224' title='bbox 1870 3399 2067 3463; x_wconf 88' lang='lat' dir='ltr'>amice</span> <span class='ocrx_word' id='word_1_225' title='bbox 2112 3400 2351 3464; x_wconf 87' lang='lat' dir='ltr'>multas</span> 
     </span>
     <span class='ocr_line' id='line_1_33' title="bbox 338 3484 2352 3553; baseline 0.002 -5"><span class='ocrx_word' id='word_1_226' title='bbox 338 3485 498 3549; x_wconf 89' lang='lat' dir='ltr'>mihi</span> <span class='ocrx_word' id='word_1_227' title='bbox 571 3489 785 3548; x_wconf 90' lang='lat' dir='ltr'>tamen</span> <span class='ocrx_word' id='word_1_228' title='bbox 845 3484 1141 3549; x_wconf 89' lang='lat' dir='ltr'>lacrimas</span> <span class='ocrx_word' id='word_1_229' title='bbox 1205 3486 1579 3550; x_wconf 81' lang='lat' dir='ltr'>attulerunt.</span> <span class='ocrx_word' id='word_1_230' title='bbox 1680 3486 1785 3550; x_wconf 89' lang='lat' dir='ltr'>Me</span> <span class='ocrx_word' id='word_1_231' title='bbox 1847 3486 2002 3551; x_wconf 90' lang='lat' dir='ltr'>haec</span> <span class='ocrx_word' id='word_1_232' title='bbox 2066 3486 2352 3553; x_wconf 92' lang='lat' dir='ltr'>solitudo</span> 
     </span>
    </p>
   </div>
  </div>
 </body>
</html>
