2642 3923
631 982 747 1066 M.
803 981 1184 1105 TULLI
1242 980 1932 1067 omaaoms

524 1141 1290 1248 EPISTULARUM
1352 1141 1491 1216 AD
1555 1141 2041 1218 ATTICUM

956 1296 1221 1410 LIBER
1267 1295 1617 1364 SEXTUS.

1257 1579 1305 1646 Ι.

226 1713 249 1753 5
643 1700 755 1757 Ser.
788 1702 1092 1758 Laodiceae
1139 1703 1229 1757 VI
1257 1702 1330 1756 K.
1362 1702 1537 1758 Mart.
1568 1719 1619 1758 a.
1652 1706 1759 1757 704
1800 1705 1932 1771 (50).

917 1823 1169 1880 CICERO
1208 1823 1469 1881 ATTICO
1508 1823 1656 1880 SAL.

412 1933 648 2019 Accepi
692 1938 837 1999 tuas
884 1933 1136 1999 litteras
1183 1956 1235 1999 a.
1275 1933 1331 1999 d.
1371 1934 1668 2019 quintum
1714 1932 2102 1999 Terminalia
2137 1932 2294 1998 Lao·
2331 1947 2355 1997 1

181 2050 196 2066 ⁴
280 2024 518 2108 diceae;
573 2044 732 2107 quas
779 2023 907 2108 legi
951 2022 1377 2087 libentissime
1423 2023 1828 2107 plenissimas
1875 2023 2129 2108 amoriS,
2180 2022 2293 2086 hu·

281 2112 640 2197 manitatis,
704 2111 927 2196 officii,
989 2111 1375 2196 diligentiae.
1476 2111 1566 2175 Iis
1630 2111 1833 2196 igitur
1894 2110 2291 2194 respondebo

203 2227 253 2266 ιο
281 2221 405 2266 non
462 2200 729 2284 ‘tobosa
775 2199 1120 2283 χαλκείων’
1175 2198 1303 2287 (sic
1351 2200 1519 2264 enim
1575 2198 1905 2285 postulas)
1957 2220 2076 2263 nec
2120 2201 2293 2264 οἰκο-

284 2293 523 2373 νομίαν
558 2309 766 2352 meam
801 2288 1158 2374 instituam,
1194 2288 1302 2352 sed
1341 2288 1626 2353 ordinem
1663 2286 2053 2352 conservabo
2090 2291 2291 2351 tuum.

283 2375 781 2441 Recentissimas
841 2398 878 2440 a
924 2374 1245 2458 Cybistris
1291 2379 1356 2441 te
1401 2398 1575 2442 meas
1620 2376 1872 2440 litteras
1917 2375 2152 2441 habere
2199 2376 2293 2439 ais

285 2488 336 2529 a.
375 2466 431 2528 d.
468 2482 516 2529 x
557 2463 876 2529 Kalendas
915 2461 1224 2528 Octobres
1271 2463 1454 2529 datas
1501 2469 1566 2530 et
1613 2465 1772 2529 scire
1818 2465 1934 2548 vie,
1980 2468 2126 2528 tuas
2173 2484 2290 2549 ego

285 2575 444 2638 quas
474 2553 835 2636 acceperim.
910 2549 1147 2618 Omnes
1174 2549 1324 2637 fere,
1353 2575 1512 2637 quas
1542 2574 2017 2637 commemoras,
2044 2558 2296 2636 praeter

208 2667 255 2707 15
285 2664 410 2724 eaS,
457 2662 616 2726 quas
654 2641 882 2705 scribis
909 2639 1168 2705 Lentuli
1204 2642 1419 2724 pueris
1457 2645 1523 2705 et
1558 2640 1956 2724 Equotutico
1992 2644 2059 2705 et
2093 2640 2296 2705 Brun·

286 2729 448 2794 disio
509 2730 707 2793 datas.
801 2727 1008 2804 Quare
1060 2749 1192 2797 non
1247 2735 1493 2813 οἴχεται
1550 2733 1665 2793 tua
1719 2728 2061 2813 industria,
2125 2729 2296 2813 quod

285 2818 548 2901 vereriS‚
606 2817 715 2881 sed
758 2817 1079 2901 praeclare
1124 2817 1406 2902 ponitur,
1452 2818 1508 2881 si
1555 2818 1811 2902 quidem
1857 2817 1921 2881 id
1967 2817 2179 2902 egisti,
2222 2821 2297 2881 ut

286 2926 405 2992 ego
462 2906 821 2970 delectarer.
912 2903 1082 2969 Nam
1136 2905 1314 2970 nulla
1371 2927 1440 2969 re
1487 2928 1631 2970 sum
1674 2905 2025 2970 delectatus
2070 2906 2293 2991 magis.

421 2992 602 3070 Quod
646 3015 853 3058 meam
897 2994 1242 3078 βαθύτητα
1283 2994 1355 3058 in
1399 2992 1612 3077 Appio
1658 2993 1800 3079 tibi,
1843 2993 2297 3058 liberalitatem
2334 3011 2364 3058 2

207 3109 258 3147 20
288 3084 480 3146 etiam
524 3083 594 3146 in
630 3081 832 3147 Bruto
870 3081 1094 3168 probo,
1137 3082 1546 3147 vehementer
1581 3082 1851 3167 gaude03
1897 3104 1969 3147 ac
2002 3086 2295 3166 putaram

286 3170 479 3254 paulo
528 3191 724 3234 secus.
797 3168 1048 3253 Appius
1096 3170 1265 3234 enim
1311 3171 1391 3234 ad
1434 3191 1537 3234 me
1582 3192 1661 3235 ex
1705 3170 1933 3235 itinere
1979 3169 2079 3234 bis
2120 3175 2297 3234 terve

286 3259 901 3343 ὑπομεμψιμοίρους
944 3259 1195 3323 litteras
1238 3258 1521 3345 miserat,
1576 3259 1746 3341 quod
1793 3259 2102 3342 quaedam
2148 3281 2185 3322 a
2232 3281 2298 3323 se

287 3348 642 3412 constituta
699 3346 1133 3411 rescinderem.
1223 3346 1317 3412 Ut
1363 3347 1420 3411 si
1462 3347 1761 3429 medicus,
1808 3368 1951 3411 cum
1997 3351 2297 3431 aegrotus

288 3435 399 3500 alii
446 3435 690 3499 medico
736 3434 1013 3499 traditus
1061 3434 1165 3519 sit,
1208 3434 1398 3499 irasci
1433 3435 1591 3500 velit
1626 3435 1685 3500 ei
1721 3435 1981 3520 medicO,
2027 3436 2139 3518 qui
2176 3435 2300 3498 sibi

208 3548 258 3589 25
288 3525 680 3609 successerit,
721 3523 796 3606 si,
833 3544 994 3606 quae
1030 3522 1167 3607 ipse
1203 3523 1274 3587 in
1310 3524 1587 3588 curando
1627 3522 2057 3604 constituerit,
2092 3525 2300 3585 mutet
